4062 6206
403 345 528 404 ’475

1467 341 1531 402 S.
1576 336 1973 402 IGNATIUS.
2019 363 2087 378 -
2134 330 2744 393 PROLEGOMENA.

3696 345 3825 405 476

406 477 728 552 quendum,
763 475 965 532 sedulo
996 475 1286 532 hortatur.
1318 479 1464 530 Tum
1497 475 1774 531 continuo
1795 471 2046 542 subjun-
2079 469 2133 536 Α
2163 466 2282 522 sies
2313 465 2388 522 ad
2417 464 2576 520 illam
2607 466 2810 522 eadem
2835 467 2908 522 de
2937 483 3117 524 causa
3171 469 3546 529 scribendum
3608 475 3825 534 horte-

406 568 491 640 git
524 583 695 622 nosse
737 583 799 622 se
829 583 926 622 eos
958 565 1014 620 in
1046 565 1156 622 hac
1187 582 1419 636 semper
1449 565 1631 621 fuisse
1674 560 2008 619 obedientia
2039 580 2052 630 ;

408 659 505 713 sed
544 673 614 712 ne
644 656 716 711 ab
736 655 976 726 illis,qui
1002 655 1184 726 legem
1215 655 1431 728 Moysis
1463 673 1574 712 non
1599 659 1794 710 autem
1841 651 2056 708 Christi

405 748 754 804 servandam
789 762 915 801 esse
946 746 1254 811 docebant,
1289 750 2052 818 corrumpantur,perseve-

410 839 658 894 rantiam
693 835 993 907 etﬂagitat.
1029 837 1306 891 Memorat
1341 841 1534 891 autem
1561 852 1623 890 se
1654 851 1786 890 cum
1833 832 1908 888 ad
1955 848 2054 887 eos

409 928 760 994 divertisset,
794 926 1277 998 cognovissetque
1330 928 1482 999 apud
1516 927 1675 998 ipsos
1698 942 1826 982 esse
1875 941 2054 995 quos-

403 1019 564 1086 dam,
601 1018 698 1087 qui
734 1022 972 1072 eatenus
1006 1015 1344 1087 Evangelio,
1375 1021 1662 1088 quatenus
1699 1015 1906 1086 priscis
1954 1031 2052 1070 eo-

406 1125 534 1162 rum
570 1106 908 1162 auctoribus
955 1113 1408 1162 consentaneum
1467 1111 1640 1172 esset,
1692 1105 2048 1160 credendum

404 1213 532 1252 esse
565 1197 1149 1266 contenderent,tunc
1180 1197 1443 1251 eamdem
1467 1196 1584 1252 illis
1620 1194 1878 1250 suasisse
1910 1194 2049 1250 obe-

406 1284 843 1340 dientiaw.Jam
870 1300 1004 1339 vero
1033 1301 1094 1340 se
1119 1302 1416 1355 nunquam
1438 1285 1529 1340 his
1554 1283 1914 1349 hominibus,
1949 1283 2050 1338 sed

406 1374 585 1439 cruci,
623 1373 815 1439 morti,
851 1374 1265 1429 resurrectioni
1298 1373 1535 1440 Christi,
1565 1378 1740 1444 atque
1789 1373 2048 1444 Evange-

406 1463 482 1518 lio
513 1481 546 1518 a
577 1463 878 1535 prophetis
913 1462 1320 1534 praenuntiata,
1355 1470 1638 1534 tanquam
1678 1461 1916 1517 omnino
1966 1462 2052 1516 in-

403 1558 692 1624 corruptae
727 1553 947 1610 veritati
981 1554 1152 1609 ﬁdem
1187 1553 1519 1608 habiturum
1556 1553 1881 1624 proﬁtetur.
1915 1549 2050 1607 Illos

401 1643 609 1698 deinde
637 1645 921 1710 monet,ut
939 1641 1007 1696 ad
1035 1641 1346 1697 Ecclesium
1389 1641 1805 1697 Antiochenam
1856 1639 2052 1696 diaco-

405 1748 542 1786 num
575 1731 910 1802 quemdam,
945 1731 1032 1786 vel
1064 1731 1216 1786 sicut
1247 1730 1448 1786 vicinae
1501 1730 1779 1799 ecclesiae,
1823 1730 2047 1802 episco-

406 1838 570 1893 pum,
597 1837 660 1875 ac
691 1822 1080 1892 presbyteros,
1116 1821 1214 1892 qui
1248 1821 1318 1875 de
1351 1820 1579 1875 reddita
1607 1819 1656 1875 ei
1679 1835 1818 1890 pace
1849 1823 2044 1890 gratu-

405 1909 621 1973 lentur,
657 1909 934 1980 dirigant.
969 1909 1087 1964 Sub
1111 1909 1233 1964 haec
1268 1909 1339 1964 ob
1372 1909 1660 1964 Philonem
1716 1909 2048 1976 diaconum,

408 2000 590 2056 Reum
627 2002 683 2054 et
737 1998 1176 2070 Agathopodem
1220 1998 1642 2069 benignissime
1700 1998 1773 2054 ab
1829 1998 1912 2055 eis
1952 2015 2046 2055 ex-

408 2094 606 2162 ceptos
664 2087 880 2160 gratias
939 2089 1075 2162 agit.
1127 2089 1388 2162 Denique
1472 2105 1570 2145 eos
1625 2089 2050 2146 Troadensium

404 2179 594 2235 verbis
628 2178 860 2245 salutat,
925 2182 1199 2249 eptatque
1259 2186 1316 2234 ut
1375 2179 1639 2235 Burrhus
1688 2183 1743 2235 et
1773 2179 2048 2251 Ephesini

404 2272 578 2338 atque
605 2269 884 2340 Smyrnaei
934 2287 967 2324 a
1025 2268 1274 2336 Christo,
1333 2269 1391 2324 in
1434 2287 1548 2340 quo
1602 2286 1766 2341 spem
1818 2286 2046 2326 omnem

402 2356 839 2426 collocaverunt,
873 2357 1066 2428 dignis
1099 2357 1418 2414 honoribus
1444 2358 1795 2415 afficiantur.

473 2448 648 2504 Sexta
670 2447 914 2519 epistola
945 2449 1016 2503 ab
1034 2449 1256 2520 Ignatio
1277 2450 1346 2505 ad
1400 2449 1810 2520 Smyrnensem
1851 2447 2040 2504 Eccle-

403 2537 550 2592 siam
585 2555 688 2610 per
718 2539 1215 2610 Burrhum,quem
1250 2539 1476 2595 itineris
1507 2538 1597 2594 sui
1629 2539 1897 2594 comitem
1946 2538 2046 2594 ba-

401 2627 630 2694 buerat,
665 2628 849 2682 missa
878 2632 984 2683 est.
1016 2627 1336 2700 Praecipue,
1372 2629 1526 2699 quod
1560 2630 1618 2683 in
1649 2644 1717 2683 ea
1738 2631 2042 2693 tractatur,

404 2722 750 2788 argumento
784 2717 1043 2789 Ignatius
1072 2717 1434 2774 Christianos
1467 2718 1746 2773 adversus
1765 2717 2043 2789 quosdam

400 2807 724 2877 haereticos,
748 2808 849 2878 qui
897 2806 1194 2864 Christum
1248 2807 1442 2863 ﬁctam
1501 2812 1732 2863 tantum
1786 2807 2046 2864 hominis

397 2913 653 2964 carnem,
688 2913 801 2967 qua
833 2901 1080 2953 mortem
1113 2901 1169 2953 et
1197 2897 1678 2954 resurrectionem
1731 2896 2046 2954 simulave-

400 2991 510 3056 rat,
545 2987 942 3058 assumpsisse
974 2987 1268 3055 dicebant,
1302 2987 1493 3043 munit
1522 3003 1588 3042 ac
1645 2990 1858 3042 tuetur.
1895 2989 2048 3053 Qua-

403 3081 638 3149 propter
667 3077 968 3133 veritatem
999 3077 1212 3145 carnis,
1248 3076 1559 3148 passionis,
1611 3076 1817 3132 mortis
1877 3080 1931 3132 et
1964 3093 2046 3132 re-

401 3168 782 3224 surrectionis
815 3167 1031 3223 Christi
1097 3168 1325 3224 invictis
1383 3168 1746 3241 argumentis
1803 3169 2045 3224 demon-

2166 561 2282 625 tur,
2308 572 2411 629 per
2441 573 2618 628 quam
2651 564 2914 613 amanter
2968 560 3250 616 obsecrat.
3311 563 3571 636 Denique
3627 567 3827 624 Chris-

2165 647 2344 702 tianis
2377 647 2652 702 omnibus
2684 649 3026 719 generatim,
3059 651 3410 719 quibusdam
3443 670 3574 712 vero
3632 658 3827 713 nomi-

2167 737 2350 793 natim
2383 736 2672 808 salutatis,
2709 737 2980 809 obsignat
3006 739 3325 810 epistolam.

2803 864 3038 920 CAPUT
3098 866 3166 921 II.

2161 998 2346 1040 VARIE
2403 998 2765 1038 SCRIPTORUM
2836 1001 2905 1038 DE
2953 1001 3044 1038 HIS
3099 1002 3380 1042 EPISTOLIS

3440 1003 3767 1046 sanemus
3805 1011 3819 1060 ;

2237 1071 2487 1117 cumnam
2519 1071 2888 1110 oessavxnna
2919 1073 3393 1126 rammrruarua,
3425 1076 3490 1116 ΕΤ
3529 1079 3638 1127 qua
3691 1081 3817 1119 ME-

2231 1144 2414 1183 TBODO
2457 1144 2601 1182 VERA
2636 1143 2937 1183 SENTENTIA
2968 1146 3460 1186 PROPUGNABITUR.

2231 1247 2258 1312 §
2291 1243 2332 1296 l.
2374 1244 2565 1300 Varia:
2593 1243 2919 1314 scriptorum
2953 1244 3016 1299 de
3049 1244 3121 1299 iis
3150 1246 3402 1316 epistolis
3427 1252 3744 1308 sententiae.

2231 1361 2312 1418 De
2343 1361 2434 1417 his
2459 1365 2684 1432 septem
2717 1360 2982 1432 epistolis
3013 1367 3131 1420 tres
3190 1369 3328 1420 sunt
3384 1367 3628 1424 diversa:
3666 1370 3818 1424 scri-

2159 1455 2394 1525 ptorum
2427 1450 2669 1521 hujusce
2700 1453 2889 1506 aetatis
2915 1451 3243 1524 opiniones.
3277 1455 3477 1511 Prima
3517 1462 3608 1512 est
3638 1458 3823 1514 Blon-

2159 1541 2318 1608 delli,
2355 1539 2554 1596 Dallaei
2610 1539 2974 1611 aliorumque
3033 1541 3291 1613 plurium
3353 1545 3818 1618 Presbyterianae

2157 1629 2625 1700 Calvinianaeque
2655 1635 2826 1685 sectae
2856 1629 3184 1702 hominum,
3217 1632 3319 1704 qui
3350 1633 3482 1691 illas
3526 1639 3817 1708 tanquam

2158 1719 2398 1776 omnino
2429 1717 2817 1790 adulterinas,
2851 1719 3018 1777 ﬁctas
3042 1725 3222 1794 atque
3252 1723 3477 1794 Ignatio
3534 1727 3820 1798 supposi-

2157 1813 2247 1867 tas
2279 1809 2610 1882 repudiant.
2643 1813 2721 1865 De
2751 1824 2819 1864 ea
2847 1825 2981 1866 vero
3010 1814 3178 1867 aetate
3209 1828 3323 1884 qua
3349 1829 3446 1870 eas
3498 1814 3560 1870 in
3613 1814 3814 1873 lucem

2163 1899 2450 1972 prodiisse
2482 1902 2739 1966 censent,
2767 1903 2911 1971 quot
2942 1915 3143 1956 eorum
3177 1901 3389 1974 capita,
3443 1905 3526 1959 tot
3572 1921 3815 1965 sensus.

2162 1989 2500 2046 Albertinus
2521 1987 2677 2045 enim
2711 2004 2811 2045 eas
2870 1988 3024 2046 circa
3078 1989 3340 2047 medium
3404 1994 3683 2050 saculum
3713 2012 3815 2052 se-

2159 2078 2441 2145 cundum,
2493 2078 2823 2135 Salmasius
2881 2080 2991 2136 sub
3050 2080 3298 2154 imperio
3357 2083 3659 2152 Antonini,
3717 2086 3816 2143 vel

2157 2167 2600 2233 MarciAurelii,
2635 2166 2967 2224 Blondellus
3000 2173 3130 2240 post
3188 2173 3435 2228 mortem
3495 2172 3817 2234 Clementis

2157 2258 2556 2328 Alexandrini,
2588 2257 2861 2326 Dallteus,
2896 2263 3145 2316 exeunte
3178 2260 3392 2318 saeculo
3437 2265 3633 2334 tertio,
3662 2267 3812 2323 scri-

2155 2353 2288 2422 ptas
2317 2365 2446 2406 esse
2471 2349 2858 2420 pronuntiant
2891 2366 2904 2404 :
2944 2350 3061 2406 imo
3089 2368 3225 2408 vero
3259 2352 3594 2410 Bochartus
3649 2357 3815 2429 epis-

2153 2440 2332 2496 tolam
2365 2442 2436 2496 ad
2471 2439 2764 2497 Romanos
2823 2457 2936 2497 non
3001 2446 3134 2498 ante
3194 2444 3563 2502 Constantini
3607 2447 3815 2521 Magni

2153 2528 2463 2602 imperium
2491 2532 2784 2584 exaratam
2817 2545 2943 2585 esse
2963 2529 3302 2586 arbitratur.

2227 2619 2493 2674 Secunda
2526 2617 2721 2690 Opinio
2753 2621 2843 2673 est
2873 2618 3093 2674 Usserii
3125 2620 3481 2677 Armachani
3514 2623 3815 2697 archiepi-

2155 2707 2337 2780 scopi,
2370 2706 2469 2778 qui
2527 2723 2627 2762 sex
2667 2708 2889 2778 priores
2947 2708 3224 2778 epistolas
3291 2710 3516 2782 Ignalio
3575 2714 3814 2782 asserit,

2156 2797 2466 2869 septimam
2497 2811 2654 2864 vero,
2685 2812 2814 2868 quae
2845 2795 2913 2852 ad
2951 2797 3325 2870 Polycarpum
3360 2800 3489 2856 data
3516 2805 3618 2872 est,
3653 2803 3820 2874 reji—

2155 2889 2232 2946 cit
2257 2889 2642 2960 ﬁctitiamque
2671 2904 2801 2945 esse
2823 2888 3099 2944 afﬁrmat.
3151 2895 3154 2898 '

2225 2978 2421 3035 Tertia
2450 2976 2696 3034 aliorum
2748 2978 3010 3034 omnium
3065 2979 3355 3036 sententia
3412 2980 3520 3036 has
3577 2985 3810 3054 septem

2153 3068 2431 3140 epistolas
2457 3084 2658 3124 verum
2677 3083 2742 3123 ac
2765 3068 3093 3139 genuinum
3117 3070 3327 3140 Ignatii
3350 3087 3498 3142 opus
3521 3087 3649 3127 esse
3664 3089 3809 3128 con-

2154 3161 2587 3230 tendit;eaque
2620 3175 2739 3216 non
2793 3161 2864 3216 ab
2917 3160 3266 3216 orthodoxis
3299 3165 3685 3231 tantum,sed
3734 3165 3810 3220 ab

401 3263 569 3330 strat,
598 3257 978 3330 prmcipitquc
1006 3258 1340 3329 Smyrnaeis,
1385 3227 1904 3314 utuhmreticorum
1954 3257 2042 3312 fu.
2075 3227 2116 3293 ο
2156 3227 2572 3306 eruditissimis
2602 3248 2823 3304 Calvini
2874 3266 2938 3304 ac
3003 3251 3452 3320 protestantium
3504 3227 3818 3307 sectatori-

397 3349 562 3419 giant
588 3347 894 3418 colloquia,
919 3364 983 3403 ac
1009 3347 1132 3403 suis
1164 3347 1433 3419 precibus
1464 3364 1661 3404 eorum
1712 3347 2039 3404 conversio-

400 3453 531 3493 nem
569 3455 601 3492 a
631 3436 746 3492 Deo
797 3442 1132 3509 exposcunt.
1192 3442 1311 3492 Hos
1370 3437 1580 3492 deinde
1637 3441 1702 3492 ut
1750 3437 2045 3508 episcopo,

401 3525 756 3597 presbyteris
788 3530 845 3581 et
877 3524 1220 3580 diaconibus
1251 3526 1670 3597 obsequantur,
1732 3525 1791 3580 in
1839 3526 2046 3597 primis

403 3620 600 3671 autem
633 3615 905 3688 episcopo
938 3631 1175 3672 summa
1205 3616 1264 3670 in
1294 3616 1570 3672 omnibus
1610 3614 1942 3671 obedientia
1990 3621 2047 3672 et

402 3706 770 3764 veneratione
801 3706 1158 3776 auscultent,
1189 3704 1435 3762 sollicite
1465 3707 1758 3762 admonet.
1825 3703 2046 3762 Dehinc

406 3796 688 3852 maximas
720 3795 806 3852 eis
839 3795 1057 3852 idcirco
1089 3795 1354 3868 rependit
1383 3796 1623 3868 gratias,
1658 3795 1813 3869 quod
1861 3811 1922 3851 se
1955 3811 2048 3851 so-

407 3885 644 3958 ciosque
675 3901 815 3943 suos
847 3885 1177 3942 incredibili
1239 3885 1642 3941 benevolentia
1697 3883 2046 3956 exceperint,

403 3979 580 4046 atque
602 3976 738 4031 inde
767 3991 866 4032 eos
899 3975 1139 4048 dignam
1165 3992 1197 4030 a
1217 3975 1331 4032 Deo
1351 3975 1672 4032 mercedem
1708 3978 2050 4046 accepturos

403 4082 532 4121 esse
565 4065 886 4138 pollicetur.
925 4067 1125 4121 Postea
1156 4083 1355 4138 pacem
1388 4065 1652 4122 Ecclesiae
1674 4066 2050 4124 Antiochense

401 4156 687 4210 redditam
722 4155 973 4221 nuntiat,
1007 4159 1250 4224 oratque
1284 4159 1346 4209 ut
1377 4154 1654 4225 aliquem,
1682 4157 1782 4227 qui
1840 4156 1948 4212 hac
1980 4158 2050 4212 de

395 4259 463 4297 re
497 4241 581 4296 illi
604 4241 955 4313 gratuletur,
989 4259 1053 4298 ac
1086 4243 1201 4297 Deo
1226 4242 1430 4297 laudes
1487 4243 1823 4315 gratiasque
1871 4244 2048 4301 simul

403 4349 537 4388 cum
596 4349 664 4388 ea
713 4335 941 4398 referat,
1001 4332 1433 4404 quamprimum
1508 4332 1736 4388 mittere
1791 4335 2045 4392 festinet.

402 4421 665 4494 Denique
721 4421 998 4478 omnibus
1057 4437 1186 4477 cum
1249 4419 1694 4490 Troadensium,
1753 4426 1880 4478 tum
1940 4441 2047 4482 suo

402 4512 636 4566 nomine
666 4511 961 4580 salutatis,
994 4509 1256 4581 epistolae
1285 4508 1623 4565 coronidem
1657 4509 1928 4582 imponit.

2160 3340 2294 3407 bus,
2329 3337 2529 3396 Vossio
2557 3337 2800 3408 scilicet,
2861 3338 3183 3407 Hamondo,
3249 3339 3469 3408 Riveto,
3530 3340 3822 3409 Sculteto,

2165 3431 2468 3496 Pearsone,
2495 3427 2681 3494 Bullo,
2706 3427 2936 3501 Moynio
2954 3427 3202 3500 aliisque
3229 3432 3815 3503 propugnatur.Huic

2163 3517 2464 3576 sententia
2495 3517 2765 3574 lubentes
2801 3518 3251 3590 subscribimus,
3285 3519 3563 3592 illamque
3622 3521 3812 3578 veris-

2161 3608 2372 3664 simam
2399 3623 2527 3663 esse
2549 3606 2805 3676 invictis,
2865 3611 2928 3662 ut
2984 3612 3284 3680 putamus,
3317 3610 3612 3666 rationum
3674 3627 3806 3667 mo-

2163 3697 2376 3754 mentis
2405 3698 2804 3754 demonetrare
2829 3697 3194 3757 conabimur.

2353 3843 2474 3916 ﬁll.
2509 3841 2769 3911 Quaedam
2797 3842 3131 3899 observanda
3156 3848 3605 3916 praemittuntur.

2231 3988 2442 4045 Verum
2474 3992 2786 4059 antequam
2812 3987 2882 4042 ad
2908 3986 3060 4043 hanc
3083 3988 3414 4061 opinionem
3449 3991 3813 4063 probandam

2162 4077 2591 4151 aggrediamur,
2622 4075 2902 4132 nonnulla
2929 4093 3057 4148 quae
3083 4079 3155 4134 ad
3209 4081 3552 4151 quaestionis
3585 4087 3807 4142 nostris

2160 4166 2627 4240 eaplanationem
2661 4182 2773 4222 non
2798 4182 3002 4238 parum
3028 4168 3379 4235 conducunt,
3397 4171 3566 4242 juvat
3595 4173 3804 4229 obser—

2159 4257 2510 4314 vare.Primo
2536 4258 2766 4312 constat
2789 4256 2940 4312 inter
2968 4273 3168 4314 omnes
3218 4259 3532 4330 cujuslibet
3580 4263 3807 4335 opinio-

2159 4343 2250 4399 nis
2281 4349 2550 4401 auctores
2573 4345 2857 4416 quasdam
2917 4346 2991 4402 ab
3051 4347 3276 4419 Ignatio
3325 4353 3522 4406 nostro
3552 4353 3807 4424 scriptas

2156 4432 2336 4490 fuisse
2365 4433 2640 4504 epistolas
2670 4451 2684 4490 :
2719 4455 2748 4485 «
2783 4435 2923 4500 Quis
2983 4435 3163 4505 enim,
3207 4437 3400 4509 inquit
3456 4438 3707 4498 Dalleus
3737 4441 3804 4512 ⁵⁸,

2157 4527 2277 4578 tam
2309 4523 2507 4580 fatuus
2537 4528 2649 4592 est,
2676 4528 2740 4579 ut
2769 4540 2903 4580 eum
2938 4525 3243 4596 scripsisse
3275 4525 3509 4600 aliquas
3541 4531 3757 4603 neget?
3777 4551 3807 4581 ι»

478 4601 799 4672 Septimam
835 4599 1120 4671 Ignatius,
1162 4599 1388 4655 Troade
1445 4597 1744 4671 Neapolim
1802 4606 2039 4659 conten-
2071 4606 2118 4673 D
2151 4612 2390 4668 Constat
2420 4612 2597 4668 etiam
2630 4614 2782 4670 inter
2803 4615 3041 4670 eosdem
3072 4613 3230 4685 illas,
3264 4597 3395 4688 quae
3425 4619 3496 4674 ab
3544 4597 3802 4677 Athana-

393 4697 560 4759 dens,
591 4697 763 4763 atque
794 4692 853 4746 in
906 4689 1100 4746 navim
1157 4689 1402 4760 jamjam
1461 4705 1910 4762 conscensurus,
1967 4695 2040 4750 ad

399 4778 1245 4854 Polycarpum,charissimum
1300 4777 1657 4850 discipulum
1718 4797 1915 4849 suum,
1973 4801 2040 4840 ac

398 4876 814 4946 Smyrnensem
847 4871 1207 4942 episcOpum,
1244 4869 1553 4925 destinavit
1594 4870 1922 4943 epistolam.
1956 4873 2039 4929 Ibi

398 4962 602 5019 miram
636 4964 760 5033 ejus
791 4961 850 5016 in
883 4960 997 5015 ﬁde
1027 4958 1410 5015 constantiam
1469 4962 1860 5031 commendat,
1895 4979 2036 5035 gau-

395 5053 672 5124 diumque
703 5068 874 5106 suum
906 5050 1059 5120 quod
1092 5049 1354 5121 Smyrnae
1385 5049 1512 5121 ipso
1538 5051 1748 5106 fruitus
1772 5051 2041 5121 sit,testi-

396 5142 891 5200 iicatur.Posthzsc
919 5157 1035 5212 quo
1067 5144 1124 5195 et
1154 5139 1279 5210 ipse
1346 5140 1404 5194 in
1465 5141 1678 5197 virtute
1714 5144 2036 5213 proﬁceret,

393 5241 448 5290 et
470 5233 845 5290 commissam
871 5230 977 5286 sibi
1033 5228 1346 5284 Ecclesium
1406 5229 1734 5285 Christiane
1792 5237 2036 5303 regeret,

391 5325 566 5379 variis
601 5323 760 5378 illum
794 5321 1094 5393 praeceptis
1130 5319 1366 5375 imbuit.
1428 5318 1686 5375 Subinde
1739 5337 1870 5377 vero
1900 5337 2034 5378 eum

393 5415 983 5483 oratobtestaturque
1015 5416 1079 5465 ut
1109 5410 1178 5464 ad
1241 5408 1558 5465 Ecclesiam
1613 5410 2033 5468 Antiochenam

394 5505 462 5558 de
481 5503 706 5557 reddita
738 5518 876 5573 pace
905 5499 956 5555 ei
984 5499 1386 5571 gratulaturus
1421 5499 1664 5569 litteras,
1709 5500 1778 5556 ab
1837 5500 2034 5574 aliquo

393 5591 755 5656 deferendas,
779 5590 998 5646 scribat
1031 5607 1044 5656 ;
1079 5594 1255 5660 atque
1286 5591 1350 5642 ut
1379 5587 1525 5643 alias
1559 5605 1790 5661 quoque
1845 5591 2037 5648 Eccle-

459 5700 502 5733 ⁸³
534 5698 658 5753 Lib.
691 5699 764 5752 De
792 5699 980 5769 script.
1013 5699 1226 5767 lgnat.,
1262 5713 1321 5767 p.
1346 5695 1473 5752 450.

2150 4701 2258 4768 sio,
2294 4701 2544 4759 Eusebio
2595 4703 2846 4776 aliisque
2904 4703 3058 4760 infra
3114 4704 3366 4763 citandis
3411 4708 3799 4780 scriptoribus

2151 4790 2979 4865 lgnatiinominelaudautur,
3037 4809 3155 4850 non
3212 4795 3355 4852 alias
3403 4812 3533 4853 esse
3587 4799 3661 4854 ab
3700 4800 3800 4871 iis,

2153 4898 2302 4952 quas
2335 4880 2603 4938 Usserius
2633 4885 2690 4937 et
2717 4880 2959 4938 Vossius
2980 4882 3240 4941 sinceras
3270 4894 3321 4940 et
3355 4886 3579 4958 absque
3613 4888 3801 4944 inter-

2146 4970 2542 5043 polationibus
2564 4972 2896 5039 ediderunt,
2931 4988 3196 5044 quasque
3228 4975 3481 5046 primam
3513 4977 3797 5049 epistola-

2148 5077 2276 5116 rum
2311 5060 2522 5132 lgnatii
2555 5059 2805 5116 classem
2839 5061 3187 5118 constituere
3215 5062 3488 5121 diximus.
3540 5069 3798 5122 Conten-

2146 5150 2295 5204 dunt
2333 5166 2464 5206 vero
2495 5150 2694 5222 primae
2729 5151 3026 5207 sententia:
3060 5153 3284 5222 patroni
3314 5152 3422 5209 has
3450 5171 3484 5209 a
3545 5155 3795 5211 nebulo-

2147 5255 2219 5293 ne
2250 5237 2444 5311 aliquo
2473 5248 2754 5308 exaratas,
2787 5244 2844 5294 et
2875 5239 3024 5295 veris
3055 5239 3263 5312 lgnatii
3293 5241 3555 5312 epistolis
3605 5244 3793 5302 fuisse

2147 5344 2212 5383 su
2225 5330 2504 5400 ppositas.

2216 5417 2650 5474 Observandum
2683 5433 2914 5491 quoque
2940 5425 3028 5475 est
3057 5419 3293 5475 easdem
3326 5421 3536 5492 Ignatii
3580 5423 3804 5494 episto-

2142 5504 2230 5562 las
2263 5523 2379 5562 non
2411 5525 2446 5563 a
2477 5507 2798 5578 catholicis,
2834 5507 2935 5564 sed
2969 5507 3040 5563 ab
3074 5507 3306 5564 Usserio
3335 5516 3391 5564 et
3420 5509 3802 5582 Vossio,viris

2140 5596 2293 5652 inter
2339 5602 2730 5670 protestantes
2787 5596 3178 5655 celeberrimis
3236 5613 3304 5655 ex
3351 5598 3585 5671 optima
3645 5607 3790 5659 note
