4062 6206
291 304 412 366 477

1250 305 1323 364 D.
1368 304 1700 370 NOURRII
1745 307 2287 370 DISSERTATIO.
2333 341 2410 354 —
2452 307 2661 371 PARS
2707 312 2758 371 Ι.

3589 317 3706 375 478

300 444 723 516 manuscriptis
753 461 888 500 cum
921 444 1145 501 Latinis
1175 447 1299 501 tum
1353 444 1566 501 Graecis
1623 445 1947 512 codicibus,
1976 450 2030 515 Α
2061 459 2362 518 urgemus,
2397 447 2553 518 quod
2587 447 2626 501 ii
2661 463 2864 504 omnes
2906 448 3253 518 concedunt,
3288 465 3392 506 nec
3452 449 3608 508 ullus
3637 468 3706 506 ex

293 537 559 609 primum
600 533 816 606 publici
851 536 1034 589 tactas
1094 534 1273 592 fuisse
1325 535 1480 607 juris
1537 552 1601 590 ea
1649 552 1787 590 sane
1821 536 1955 607 fide,

296 643 416 696 qua
447 626 727 694 majorem
768 622 967 678 nullus
998 623 1311 679 desiderat.

367 713 974 769 Animadvertendum
1036 713 1290 784 denique
1344 730 1442 769 eos
1493 714 1693 780 etiam,
1727 714 1827 786 qui
1882 715 1952 770 ad

292 803 784 876 propugnandam
809 801 1088 856 harumce
1105 802 1486 874 epistularum
1511 803 1814 859 veritatem
1835 821 1958 869 pro-

291 893 533 948 lixiores
549 891 993 946 dissertationes
1019 892 1274 958 edidere,
1292 892 1608 948 catholicos
1623 911 1737 949 non
1755 893 1953 960 fuisse,

291 983 399 1040 sed
453 981 839 1054 protestantis
899 981 1370 1053 Culvinianaaque
1433 987 1604 1038 sectae
1664 982 1952 1041 homines.

288 1074 606 1129 Enimvero
627 1071 902 1126 Vedelius
935 1070 1257 1127 Calvinista
1288 1089 1354 1128 ac
1385 1073 1736 1128 Genevensis
1788 1074 1958 1128 mini-

288 1161 1052 1229 ster,UsseriusetVossius
1076 1160 1133 1215 in
1164 1161 1376 1216 harum
1402 1161 1787 1233 epistolarum
1829 1161 1954 1218 edi-

289 1253 560 1308 tionibus
589 1267 758 1306 suam
791 1250 1043 1322 quisque
1083 1251 1423 1306 earumdem
1480 1252 1812 1324 apologiam
1859 1252 1955 1306 ad-

284 1341 779 1413 jnnxit.Cumque
809 1339 1138 1396 Salmasius
1168 1344 1223 1396 et
1273 1341 1562 1412 praecipue
1615 1340 1953 1396 Blondellus

291 1430 597 1489 Usserium
621 1447 687 1485 ac
716 1428 986 1485 Vossium
1020 1429 1360 1502 impugnare
1421 1435 1774 1498 tentassent,
1821 1429 1952 1486 illos

293 1525 628 1592 uterque,et
646 1519 909 1576 Usserius
929 1520 1166 1591 quidem
1199 1521 1254 1575 in
1289 1537 1397 1575 sua
1431 1521 1742 1592 Appendice
1788 1523 1953 1593 lgna-

292 1611 474 1678 u'ana,
501 1609 746 1666 Vossius
771 1626 903 1665 vero
936 1610 994 1664 in
1037 1610 1162 1665 suis
1208 1609 1422 1666 litteris
1467 1615 1702 1667 strenue
1749 1612 1952 1668 confu-

293 1704 578 1757 taverunt.
607 1704 726 1754 Hos
760 1699 987 1771 excepit
1021 1699 1302 1756 Henricus
1341 1701 1680 1758 Hamondus
1712 1703 1954 1775 presby-

2066 537 2149 593 eis
2188 553 2399 609 negare
2425 553 2683 608 unquam
2709 538 2918 608 potuit,
2947 537 3224 593 nimirum
3258 538 3366 593 has
3409 540 3711 611 epistolas,

2067 631 2376 699 postquam
2414 625 2677 698 genuinae
2712 627 2790 682 uti
2829 627 3077 698 ﬁngunt,
3106 628 3311 698 lgnatii
3373 629 3579 683 litterae
3613 645 3708 699 pe-

2070 715 2484 783 riissent,intra
2504 733 2723 770 annum
2752 717 2874 781 106,
2906 733 3020 787 quo
3047 716 3146 772 illo
3171 722 3389 790 martyr
3414 718 3710 786 occubuit,

2066 810 2122 862 et
2158 822 2376 861 annum
2412 811 2513 860 aut
2533 806 2658 872 326,
2694 810 2793 861 aut
2826 807 2895 861 ad
2920 823 3214 861 summum
3247 808 3372 877 330,
3397 824 3512 879 quo
3540 825 3706 863 suam

2065 896 2356 952 Eusebius
2389 895 2700 950 Historiam
2735 896 3068 966 divulgavit,
3103 897 3395 968 publicam
3425 898 3709 969 prodiisse

2065 985 2124 1040 in
2159 984 2368 1040 lucem.
2431 985 2488 1039 Id
2549 986 2847 1040 enimvero
2907 986 3108 1041 falsum
3161 987 3461 1058 gratisque
3510 987 3705 1043 ﬁctum

2067 1091 2195 1130 esse
2230 1074 2361 1128 inde
2387 1074 2697 1144 evincitur,
2759 1075 2912 1146 quod
2974 1075 3044 1130 iis
3087 1093 3315 1147 quoque
3365 1078 3704 1146 fatentibus,

2067 1164 2333 1237 Ignatius
2364 1165 2648 1236 quaedam
2683 1165 2917 1236 scripsit
2969 1164 3271 1236 epistolas,
3304 1166 3511 1234 quibus
3560 1171 3706 1222 teste

2063 1256 2364 1312 Dallazom
2391 1257 2515 1312 Post
2545 1255 2725 1311 divini
2762 1255 2992 1311 fmdcris
3039 1256 3219 1312 libros
3265 1256 3405 1310 nihil
3448 1273 3574 1312 esse
3606 1258 3707 1311 dc-

2065 1349 2271 1406 buitin
2317 1353 2436 1406 tota
2491 1348 2742 1405 Ecclesia
2801 1348 3054 1404 nobilius
3116 1366 3182 1404 ac
3231 1349 3538 1416 celebrius,
3595 1349 3708 1404 nisi

2063 1441 2211 1496 forte
2235 1439 2546 1495 Clementis
2576 1438 2879 1510 epistolam
2917 1439 3232 1511 exceperis.
3271 1462 3298 1489 »

2132 1539 2279 1596 Hinc
2309 1539 2523 1611 quippe
2552 1537 2697 1594 illud
2726 1539 3054 1605 conficitur,
3088 1539 3242 1611 quod
3274 1547 3424 1594 certe
3448 1556 3550 1594 nec
3578 1539 3706 1595 Dal-

2060 1630 2226 1702 laeua,
2260 1647 2364 1686 nec
2398 1629 2552 1685 ullus
2580 1647 2734 1686 sana:
2764 1630 2974 1686 mentis
3007 1630 3324 1702 negaverit,
3357 1629 3464 1685 has
3506 1631 3704 1686 since-

2063 1737 2158 1777 ras
2191 1719 2494 1790 scriptoris
2526 1718 2713 1775 nostri
2746 1719 3022 1791 epistolas
3052 1719 3122 1775 ab
3159 1719 3227 1774 iis
3259 1718 3460 1774 saltem
3514 1719 3708 1776 Eccle-

293 1794 384 1846 ter
415 1789 794 1861 Anglicanus,
825 1788 926 1860 qui
958 1787 1239 1860 prolixam
1274 1790 1553 1846 adversus
1579 1790 1944 1848 Blondellum

2067 1809 2194 1873 siis,
2231 1809 2302 1863 ad
2336 1825 2482 1879 quas
2515 1808 2817 1864 destinatae
2848 1813 3032 1878 erant,
3061 1825 3129 1864 ea
3185 1825 3312 1879 qua:
3371 1813 3530 1864 tanto
3567 1825 3713 1863 mar-

263 1945 266 1950 ,
292 1881 599 1937 adornavit
622 1879 1107 1950 disputationem,
1135 1897 1252 1952 qua
1280 1896 1395 1935 non
1427 1879 1620 1936 solum
1670 1881 1948 1938 omnibus

288 1969 581 2026 Blondelli
612 1969 980 2040 argumentis
1003 1969 1322 2041 respondit,
1349 1970 1452 2026 sed
1468 1971 1632 2027 novis
1649 1970 1949 2042 ﬁrmisque

288 2059 593 2115 rationum
626 2058 944 2114 momentis
977 2059 1146 2114 hasce
1187 2059 1464 2129 epistolas
1514 2061 1739 2130 lgnatio
1786 2078 1948 2118 asse-

285 2149 422 2204 ruit.
456 2148 678 2203 Contra
708 2146 864 2204 hunc
897 2146 1147 2202 Dallaeus
1166 2147 1660 2205 Cbarentonensis
1684 2149 1951 2206 minister

286 2243 514 2311 pugnat
571 2236 982 2293 dissertatione
1036 2236 1208 2309 longe
1268 2236 1616 2309 prolixiori;
1662 2240 1762 2294 sed
1815 2239 1947 2308 fide,

290 2326 583 2398 quidquid
617 2325 744 2397 ipse
772 2325 1000 2392 dixerit,
1035 2341 1149 2380 non
1183 2326 1424 2382 omnino
1456 2326 1704 2399 integra.
1734 2328 1948 2386 Omnes

283 2417 442 2471 enim
467 2415 754 2487 epistolas
781 2413 1008 2487 lgnatio
1041 2415 1351 2487 ascriptus,
1385 2415 1503 2471 sive
1536 2433 1633 2472 eas
1666 2433 1812 2488 quas
1836 2422 1947 2474 lla-

281 2508 543 2562 mondus
577 2510 752 2576 atque
786 2505 882 2560 alii
916 2505 1136 2576 lgnatio
1171 2504 1458 2572 tribuunt,
1509 2507 1630 2561 sive
1670 2524 1770 2563 eas
1800 2525 1948 2578 quas

287 2597 400 2668 ipsi
435 2596 804 2667 abjudicant,
827 2595 924 2650 ille
957 2595 1215 2662 confuse,
1242 2596 1565 2668 generatim
1597 2600 1655 2652 et
1688 2596 1746 2652 in
1779 2597 1949 2670 globo

293 2687 642 2758 aggreditur
669 2703 682 2752 ;
717 2691 892 2756 atque
924 2689 990 2740 ut
1021 2684 1128 2740 hac
1160 2686 1501 2741 confusione
1535 2694 1590 2742 et
1619 2686 1842 2759 ingenti
1867 2705 1954 2742 ar-

291 2781 710 2847 gumentorum
744 2774 977 2831 cohorte
1033 2773 1237 2830 fucum
1285 2774 1519 2845 faceret,
1570 2782 1772 2833 contra
1819 2776 1950 2833 illas

292 2882 501 2921 omnes
534 2863 780 2932 litteras,
812 2864 1073 2936 quinque
1101 2881 1278 2936 supra
1313 2865 1636 2937 sexaginta,
1684 2883 1812 2938 qua
1857 2884 1950 2923 ac-

291 2960 499 3010 ourate
531 2958 822 3022 numerat,
855 2954 1069 3025 promit
1101 2958 1395 3010 rationum
1424 2955 1817 3011 firmamenta.
1852 2957 1953 3013 Ve-

301 3061 436 3099 rum
469 3043 814 3101 Pearsonius
844 3045 1145 3117 presbyter
1183 3044 1540 3116 Anglicanus
1590 3045 1778 3102 doctis
1827 3047 1952 3102 suis

292 3135 635 3191 earumdem
667 3135 1051 3208 epistolarum
1085 3134 1362 3192 Vindiciis
1391 3151 1597 3192 omnes
1619 3137 1748 3207 ejus
1775 3154 1952 3194 cona-

2063 1900 2173 1973 tyri
2215 1900 2551 1970 debebatur,
2612 1899 2982 1956 veneratione
3039 1903 3329 1971 acceptas,
3389 1913 3519 1954 eum
3579 1898 3711 1956 aliis

2061 1989 2232 2046 etiam
2269 1990 2735 2046 communicatas
2791 1988 3074 2057 ecclesiis,
3109 1987 3165 2043 in
3226 2003 3424 2044 earum
3472 1987 3706 2045 scriniis

2061 2085 2477 2151 asservatas,ac
2501 2079 2556 2135 in
2578 2079 3040 2136 Christianorum
3063 2077 3332 2144 cmtibus,
3369 2094 3482 2133 non
3534 2094 3704 2133 secus

2061 2189 2126 2228 ac
2154 2173 2467 2229 Clementis
2498 2171 2827 2242 epistolam,
2859 2169 3086 2244 aliaque
3111 2169 3258 2225 tanti
3297 2168 3465 2240 pretii
3496 2186 3702 2225 monu-

2064 2262 2520 2334 menta,publice
2550 2260 2747 2318 lectas.
2783 2266 2856 2316 At
2887 2262 3018 2332 quis
3048 2261 3106 2315 in
3139 2263 3403 2316 animum
3439 2259 3550 2315 sibi
3610 2260 3703 2314 in-

2065 2351 2236 2406 ducat
2261 2351 2527 2423 pluribus
2551 2352 2721 2406 annis
2755 2356 2887 2406 ante
2911 2351 3250 2406 Eusebianaz
3287 2349 3554 2405 Historias
3586 2349 3702 2404 edi-

2064 2442 2281 2498 tionem
2297 2441 2700 2498 omniaomuin
2715 2458 2744 2495 o
2768 2442 3042 2497 harumce
3059 2440 3440 2512 epistularum
3456 2448 3572 2494 tam
3589 2455 3710 2510 pre-

2061 2531 2211 2587 tiosa
2238 2530 2590 2602 exemplaria
2615 2532 2694 2586 ita
2729 2531 2994 2602 peri‘sse,
3029 2535 3092 2585 ut
3124 2547 3192 2584 ne
3237 2529 3412 2584 unius
3463 2528 3704 2599 quidem

2059 2621 2371 2692 vestigium
2418 2637 2602 2692 neque
2660 2621 2715 2675 in
2771 2619 3025 2675 Ecclesia
3081 2619 3459 2686 Antiochena,
3517 2632 3704 2688 neque

2063 2711 2425 2784 Smyrnensi,
2459 2727 2646 2782 neque
2699 2714 2978 2776 Romana,
3041 2725 3143 2764 nec
3204 2708 3319 2763 ulla
3360 2707 3471 2762 alia
3499 2707 3706 2777 depre-

2062 2799 2240 2856 hendi
2272 2800 2581 2872 potuerit?
2610 2800 2886 2871 Nunquid
2945 2814 3150 2854 omnes
3203 2802 3260 2852 et
3319 2795 3607 2863 Ecclesiae,
3649 2803 3705 2850 et

2062 2891 2378 2948 Christiani
2402 2891 2577 2946 etiam
2601 2889 2942 2945 Antiocheni
2967 2889 3145 2944 tantis
3165 2887 3400 2954 animis,
3436 2894 3708 2957 tantaque

2063 2987 2186 3038 arte
2209 2983 2267 3038 in
2295 2980 2524 3037 illarum
2551 2980 2861 3053 perniciem
2890 2979 3456 3051 exstinctionemque
3477 2977 3709 3048 conspi-

2070 3079 2294 3141 rarunt,
2329 3076 2392 3126 ut
2421 3087 2553 3126 cum
2581 3087 2684 3137 ere,
2718 3085 2860 3141 quas
2890 3067 3298 3140 supposititias
3324 3083 3452 3123 esse
3482 3067 3703 3135 dicunt,

2065 3161 2246 3218 altero
2281 3165 2414 3234 post
2448 3159 2650 3232 Ignatii
2682 3164 2927 3216 mortem
2961 3158 3173 3215 saeculo
3229 3157 3431 3214 lumen
3476 3174 3707 3229 aspexe-

287 3230 379 3282 ωε
656 3230 713 3281 ει
743 3225 937 3281 indos
978 3225 1250 3280 rdddadn.
1284 3227 1468 3282 Tanta
1498 3225 1656 3282 dudm
1687 3227 1950 3285 ςιειηίιεω
1983 3207 2024 3274 c
2064 3207 3212 3322 ξεςνίιςπξνιζέιίιῖξῖίεξθῑεῇίξεῖηξεεξζηξιε
3243 3207 3506 3304 ξειάδης
3546 3207 3702 3303 ξοτξ,

287 3319 341 3370 et
381 3315 723 3372 sinceritate
770 3314 1002 3371 illarum
1051 3314 1356 3370 veritatem
1405 3316 1678 3388 astruxit,
1729 3323 1949 3390 quanta

291 3405 639 3460 confusione
671 3403 924 3460 Dallaeus
956 3404 1155 3460 omnia
1201 3404 1436 3460 turbare
1465 3409 1806 3464 tentaverat.
1841 3408 1948 3464 Co-

286 3499 461 3550 natus
483 3495 835 3567 estquidem
861 3494 1012 3551 alius
1045 3493 1494 3552 Calvinistarum
1524 3495 1788 3553 minister
1808 3514 1944 3553 ano-

286 3601 499 3654 nymus
533 3585 854 3655 desperatae
885 3584 1082 3640 Dallazi
1114 3601 1304 3640 causaa
1357 3601 1503 3641 nova
1551 3585 1947 3660 disputatione

284 3674 562 3746 opitulari
590 3689 604 3740 ;
635 3675 735 3730 sed
759 3690 932 3745 quam
971 3674 1122 3729 male
1149 3674 1298 3730 votis
1329 3675 1456 3746 ejus
1490 3691 1582 3731 res
1616 3677 1878 3743 cesserit,
1911 3693 1946 3732 a

287 3764 453 3820 nobis
477 3765 606 3834 jam
643 3763 1163 3819 demonstrandum
1197 3769 1305 3819 est.

354 3878 382 3942 §
412 3875 511 3934 lli.
545 3877 656 3944 Quo
684 3873 932 3931 methodo
964 3891 1090 3931 vera
1118 3874 1387 3931 sententia
1411 3877 1869 3946 propugnabitur.

354 3982 722 4052 Quapropter
747 3986 970 4051 septem
1006 3981 1212 4051 Ignatii
1236 3980 1672 4053 epistolas,quaa
1688 3984 1938 4052 primam

283 4072 368 4127 uti
399 4072 621 4126 dictum
652 4075 763 4136 est,
787 4069 1032 4126 classem
1056 4075 1436 4142 componunt,
1471 4087 1540 4127 ea
1560 4071 1834 4126 methodo
1866 4072 1937 4127 ab

282 4159 512 4232 lgnatio
531 4161 822 4230 profectas
845 4175 974 4215 esse
998 4161 1401 4230 ostendemus,
1436 4164 1500 4214 ut
1547 4159 1747 4216 omnia
1777 4178 1938 4231 argu-

281 4248 726 4320 menta,quibus
751 4247 848 4303 alii
874 4248 1039 4320 prius
1057 4265 1153 4304 eas
1169 4249 1282 4320 ipsi
1304 4249 1676 4306 vindicarunt
1698 4267 1934 4307 rursum

282 4340 353 4394 ad
383 4338 659 4394 incudem
694 4342 982 4403 revocata,
1017 4337 1148 4392 aliis
1171 4338 1357 4406 novis,
1393 4343 1452 4395 et
1483 4357 1515 4394 a
1546 4339 1716 4395 nobis
1773 4356 1936 4396 exco-

280 4429 479 4500 gitatis
508 4426 804 4482 rationum
839 4427 1158 4482 momentis
1189 4429 1628 4485 confirmentur.
1647 4429 1794 4486 Tum
1828 4432 1935 4486 ob-

273 4519 566 4588 jectiones
597 4517 1088 4584 adversariorum,
1111 4518 1378 4590 expensis
1429 4518 1674 4575 aliorum
1699 4537 1934 4592 respon-

2059 3347 2291 3414 ptorum
2317 3340 2644 3410 indagator,
2679 3339 2814 3395 licet
2846 3339 3056 3411 lgnatii
3088 3337 3450 3411 temporibus
3494 3342 3550 3392 et
3581 3339 3702 3393 An-

2058 3433 2340 3490 tiochense
2374 3432 2644 3488 Ecclesiae
2705 3431 3025 3500 proximus,
3077 3431 3148 3486 de
3205 3429 3297 3495 iis,
3347 3447 3493 3502 quas
3533 3445 3698 3484 veras

2057 3525 2460 3596 genuinasque
2491 3523 2674 3577 fuisse
2709 3519 3088 3588 contendunt,
3114 3518 3259 3574 nihil
3311 3519 3548 3575 omnino
3601 3537 3703 3573 un-

2055 3630 2233 3684 quam
2267 3611 2607 3684 suspioatus
2633 3610 2767 3666 sit?
2797 3610 2856 3665 Si
2900 3609 3055 3665 enim
3116 3614 3253 3664 tunc
3308 3608 3543 3678 aliquod
3604 3607 3700 3663 ha-

2055 3718 2184 3757 rum
2218 3701 2361 3756 tanti
2399 3699 2672 3772 martyris
2701 3698 3080 3771 epistolarum
3112 3695 3406 3768 exemplar
3461 3713 3698 3767 supers-

2053 3795 2140 3847 tes
2171 3789 2388 3847 alicubi
2420 3787 2706 3844 exstiterit
2734 3805 2748 3853 ;
2783 3787 2831 3843 si
2862 3786 3074 3858 aliquis
3096 3785 3344 3842 Eusebio
3375 3785 3694 3856 antiquior,

2050 3881 2136 3936 vel
2174 3878 2391 3952 lgnatio
2422 3894 2660 3949 supper,
2688 3885 3052 3944 auteoaevus,
3089 3877 3158 3931 de
3187 3875 3394 3931 iisdem
3433 3875 3692 3945 epistolis

2049 3971 2269 4042 aliquid
2303 3968 2574 4035 audierit,
2607 3967 2781 4036 illico,
2841 3966 2930 4022 vel
2987 3966 3163 4022 unius
3223 3963 3455 4020 illarum
3498 3982 3692 4022 axem--

2048 4062 2230 4136 plaris
2260 4060 2385 4116 sola
2413 4059 2786 4127 exhibitione,
2819 4057 2905 4113 vel
2936 4058 3188 4128 alicujus
3238 4057 3441 4112 veteris
3499 4058 3686 4127 serip-

2046 4152 2190 4209 toris
2211 4150 2690 4216 contradictione,
2723 4165 2799 4203 ea:
2846 4147 3062 4203 lictitize
3109 4147 3315 4204 litterae
3374 4149 3446 4204 ab
3505 4147 3602 4204 illo
3632 4153 3689 4204 et

2045 4241 2322 4315 omnibus
2352 4239 2482 4296 aliis
2513 4237 2757 4310 eXploste
2791 4238 3056 4294 fuissent.

2118 4341 2232 4398 Nec
2261 4339 2405 4394 illud
2441 4337 2997 4411 praetermittendum
3031 4341 3141 4407 est,
3171 4337 3325 4408 quod
3371 4337 3688 4394 adversarii

2043 4431 2100 4486 in
2135 4431 2315 4494 hisce,
2349 4445 2497 4500 quas
2529 4428 2753 4500 lgnatio
2787 4428 3122 4500 suppositas
3170 4429 3395 4496 dicunt,
3423 4429 3686 4498 epistolis

2040 4520 2363 4576 doctrinam
2397 4519 2664 4589 ejusdem
2700 4518 2906 4590 lgnatii
2969 4517 3478 4586 Ecclesiarumque
3527 4516 3682 4571 illius

283 4580 577 4674 sionibus,
609 4606 697 4662 vel
724 4606 939 4662 nostris
958 4623 1060 4678 pro
1076 4580 1235 4661 ’γίνὶἶὶ
1259 4611 1420 4678 parte
1468 4580 1815 4680 subjunctis‘
1837 4610 1930 4666 de-
1962 4580 2006 4644 Β
2041 4611 2319 4681 temporis
2341 4580 2588 4665 decretis
2605 4580 2935 4681 oppositam
2959 4623 3086 4664 sese
3100 4580 3586 4663 animadvertisse
3599 4624 3682 4662 ar-

281 4700 509 4752 struere
530 4694 882 4752 conabimur
902 4713 923 4758 ;
949 4713 1014 4752 ac
1036 4695 1277 4751 tandem
1301 4696 1371 4751 ad
1395 4713 1461 4752 ea
1482 4698 1681 4754 omnia
1713 4715 1844 4771 quae
1866 4701 1926 4756 in

282 4785 666 4841 Pearsonium
699 4784 771 4839 ab
804 4802 1093 4858 anonymo
1126 4787 1470 4858 deprompta
1495 4787 1696 4842 nullus
1740 4789 1928 4846 hacte-

281 4891 392 4930 nus
424 4875 639 4946 attigit,
673 4873 826 4929 clare
856 4879 910 4930 et
942 4873 1218 4941 dilucide,
1252 4878 1421 4944 atque
1458 4876 1542 4930 uti
1597 4892 1927 4948 speramus,

280 4964 549 5020 funditus
579 4963 892 5019 evertenda
922 4964 1163 5036 propius
1194 4965 1561 5021 accedemus.

905 5070 1138 5126 CAPUT
1196 5073 1294 5126 III.

283 5175 647 5217 PROPONITUB
677 5175 912 5214 PRIMUM
944 5175 1362 5224 ARGUMENTUM,
1404 5177 1473 5215 EX.
1531 5177 1601 5216 IIS
1656 5177 1782 5225 QUIB
1826 5178 1927 5216 AD-

615 5247 872 5286 VERSUM!
901 5247 1152 5287 FlNGUN’I’
1182 5248 1598 5288 DEPROMPTUM.

351 5321 610 5376 Primum
639 5319 876 5392 quidem
909 5327 1272 5376 momentum
1295 5323 1402 5377 etsi
1454 5322 1587 5376 inde
1635 5322 1758 5378 erui
1793 5338 1928 5394 pos-

283 5419 382 5477 set,
415 5411 573 5482 quod
615 5409 1082 5465 adversariorum
1137 5409 1196 5464 in
1256 5410 1662 5466 commentitia
1714 5411 1926 5468 harum

281 5500 652 5572 epistolarum
673 5504 839 5555 aetate
861 5499 1362 5571 asignanda,tam
1385 5500 1556 5556 variae
1576 5501 1928 5574 sintOpinio-

281 5605 402 5656 nes,
432 5595 500 5645 ut
533 5588 734 5645 nullus
763 5588 1004 5644 omnino
1036 5589 1187 5645 inter
1208 5606 1306 5646 eos
1334 5590 1405 5646 de
1427 5604 1488 5645 re
1515 5606 1633 5646 non
1665 5591 1746 5646 ita
1767 5591 1925 5646 difﬂ-

280 5679 372 5735 cili
403 5695 725 5737 consensus
755 5693 885 5737 esse
905 5682 1081 5750 queat
1108 5703 1122 5749 ;
1154 5678 1300 5738 illud
1324 5687 1520 5738 tamen
1554 5680 1924 5754 potissimum

2036 4699 2362 4765 bitrantur;
2397 4703 2573 4769 atque
2603 4699 2940 4754 earumdem
2973 4701 3268 4752 auctorem
3294 4696 3681 4767 ingeniosum,

2035 4788 2422 4856 industrium,
2457 4786 2759 4856 callidum,
2792 4791 3094 4841 versutum
3122 4805 3135 4854 ;
3163 4785 3249 4842 vel
3276 4790 3447 4857 prout
3475 4803 3676 4843 eorum

2038 4877 2303 4942 interest,
2336 4877 2596 4942 tardum,
2632 4875 2997 4946 plumbeum,
3033 4875 3335 4945 supinum,
3381 4874 3679 4931 indoctum

2038 4964 2257 5039 passim
2289 4965 2629 5036 praedicant.
2655 4965 2768 5019 Cur
2797 4980 2934 5034 ergo
2984 4963 3106 5019 haec
3171 4963 3370 5020 omnia
3408 4964 3676 5019 doctissi-

2039 5072 2167 5112 mos
2185 5055 2338 5110 tertii
2369 5055 2676 5125 quartique
2705 5053 2904 5109 saeculi
2929 5055 3259 5126 scriptores,
3293 5059 3468 5125 atque
3501 5055 3676 5108 Euse-

2039 5145 2197 5200 bium
2231 5145 2447 5216 ipsum,
2481 5143 2579 5217 qui
2613 5148 2834 5199 tantam
2871 5143 2927 5196 in
2959 5143 3291 5199 evolvendis
3321 5149 3378 5197 et
3407 5141 3678 5197 eruendis

2036 5240 2293 5290 veterum
2347 5234 2580 5289 Patrum
2640 5233 3041 5287 monumentis
3099 5249 3334 5303 operam
3384 5237 3676 5303 posuerat,

2037 5326 2206 5397 plane
2239 5325 2591 5396 penitusque
2632 5322 2957 5394 fugerunt?
2988 5321 3196 5376 Nullus
3255 5322 3532 5392 profecto,
3593 5321 3678 5376 uti

2037 5412 2768 5485 opinamur,eritsincerus
2789 5411 3083 5482 aequitatis
3112 5418 3170 5465 et
3215 5411 3472 5467 veritatis
3520 5426 3676 5466 ama-

2036 5507 2146 5564 tor,
2183 5501 2278 5570 qui
2302 5517 2414 5555 non
2441 5501 2733 5572 intelligat
2762 5503 3047 5570 quantum
3081 5499 3170 5554 bas
3227 5499 3534 5571 opiniones
3577 5516 3676 5570 pa-

2037 5605 2168 5645 rum
2194 5603 2329 5644 vero
2359 5589 2667 5645 videantur
2696 5588 2941 5659 similes,
2973 5594 3380 5662 quantumque
3439 5589 3550 5646 sibi
3588 5591 3678 5645 in-

2035 5679 2217 5740 vicem
2247 5678 2545 5737 contrarim
2575 5680 2692 5738 sint
2717 5687 2770 5738 et
2799 5681 3070 5739 adversae.
