4062 6206
411 363 531 424 479

1050 489 1282 545 CAPUT
1343 489 1435 544 IV.

417 616 810 660 ARGUMENTUM
869 614 1170 654 SECUNDUM
1229 615 1295 652 EX
1354 613 1658 653 POLYCARPI
1714 611 2060 652 TESTIMONIO

484 687 720 729 PETITUM
751 688 822 726 AB
851 687 1290 726 EXCEPTIONIBUS
1335 686 1824 726 ADVERSARIORUM
1871 684 2057 724 VINDI-

487 762 688 801 CATUR.

414 854 517 928 ξι.
573 851 974 928 Testimonium
1017 850 1306 928 Rolycarpi
1359 851 1709 928 proponitur,
1771 855 1822 904 et
1878 849 2058 920 prima

839 920 1044 976 Βαιιςεί
1072 923 1318 991 exceptio
1341 923 1640 990 refellitur.

487 1033 596 1088 Sed
624 1031 749 1100 jam
783 1030 852 1084 ad
881 1027 994 1083 alia
1027 1034 1393 1101 argumenta,
1427 1028 1643 1099 quibus
1694 1026 1888 1099 opinio
1944 1032 2058 1082 tam

416 1138 622 1194 parum
683 1121 793 1175 sibi
851 1123 1125 1173 constans
1185 1118 1589 1189 impugnatur,
1625 1117 2057 1189 properandum

417 1216 524 1265 est.
564 1209 638 1264 Ea
670 1216 861 1264 autem
893 1207 1139 1275 duplicis
1171 1212 1310 1261 sunt
1351 1207 1580 1279 generis
1611 1223 1624 1261 :
1676 1205 1785 1260 alia
1844 1205 2060 1277 quippe

415 1304 650 1354 externa
682 1297 795 1351 dici
833 1300 1095 1367 possunt,
1158 1312 1288 1366 qua:
1345 1312 1412 1349 ex
1471 1295 1602 1350 aliis
1661 1295 1971 1366 inculpata:
2004 1298 2060 1350 et

416 1388 755 1444 certissime
789 1385 921 1441 ﬁdei
958 1389 1232 1458 petuntur
1272 1385 1696 1455 scriptoribus;
1757 1385 1869 1440 alia
1926 1401 2058 1440 vero

416 1476 669 1541 interna,
706 1476 920 1548 quibus
955 1475 1205 1530 auctoris
1228 1492 1404 1546 opera
1429 1475 1556 1546 ejus
1581 1475 1812 1546 ingenio
1843 1479 1899 1529 et
1923 1473 2063 1530 tem-

418 1566 639 1638 pori,ac
661 1566 1043 1635 caateris,quae
1071 1564 1389 1620 desiderari
1452 1568 1699 1635 possunt
1745 1564 2060 1635 adjunctis,

417 1659 550 1725 apte
573 1654 882 1710 convenire
904 1653 1479 1708 demonstrantur.At
1503 1652 1735 1708 invictis
1757 1651 2064 1723 utriusque

419 1747 649 1818 generis
685 1744 1016 1814 momentis,
1051 1749 1275 1816 septem
1309 1745 1508 1816 prima:
1543 1744 1751 1801 classis
1781 1743 2062 1817 epistolas

416 1835 644 1907 Ignatio
677 1835 859 1890 asseri
890 1849 1061 1906 posse
1091 1833 1260 1904 plane
1290 1833 1719 1890 contendimus.

489 1929 677 1995 Atque
707 1929 772 1979 ut
803 1941 834 1978 a
864 1923 1052 1996 primo
1087 1928 1569 1995 argumentorum
1629 1941 1840 1996 genere
1885 1941 2056 1981 exor-

413 2015 577 2070 dium
609 2029 931 2083 sumamus,
957 2029 1340 2068 numerosum
1393 2013 1706 2084 cujuslibet
1753 2015 1856 2071 arvi
1917 2015 2059 2071 scri-

417 2103 778 2174 ptorum,qui
802 2102 907 2158 has
938 2101 1214 2175 epistolas
1240 2105 1437 2158 nostro
1462 2103 1703 2176 martyri
1743 2103 2059 2174 vindicant,

419 2209 630 2264 agmen
647 2192 821 2248 ducet
841 2194 1214 2264 Polycarpus,
1247 2195 1504 2263 Smyrnae
1527 2191 1856 2265 episcopus,
1889 2194 2063 2266 Igna-

422 2281 499 2336 tio
531 2298 645 2337 non
670 2280 857 2337 solum
882 2296 1129 2346 coaevus,
1163 2281 1262 2336 sed
1285 2281 1545 2337 amicitia
1570 2287 1625 2338 et
1645 2282 2063 2339 consuetudine

421 2369 965 2442 conjunctissimus.
1003 2371 1056 2426 Is
1086 2371 1244 2426 enim
1304 2372 1405 2442 qui
1465 2372 1520 2426 in
1554 2371 1766 2428 litteris
1809 2371 1916 2428 viri
1949 2372 2062 2428 sibi

424 2460 769 2518 amicissimi
803 2460 1218 2532 dignoscendis
1272 2462 1359 2516 vel
1421 2460 1772 2531 indicandis,
1807 2479 1910 2518 nec
1943 2463 2062 2518 falli

424 2567 530 2606 nec
562 2550 759 2606 fallere
792 2554 1037 2621 poterat,
1069 2551 1140 2606 de
1171 2550 1244 2606 iis
1266 2551 1334 2606 ad
1364 2550 1765 2623 Philippenses
1797 2552 1876 2608 sic
1921 2554 2064 2610 scri-

424 2642 512 2697 bit
543 2657 558 2696 :
589 2663 616 2690 ‹‹
641 2639 973 2712 Scripsistis
1003 2640 1074 2696 ad
1107 2655 1202 2695 me
1231 2647 1284 2695 et
1314 2657 1418 2696 vos
1447 2645 1504 2696 et
1561 2643 1892 2714 Ignatius...
1953 2644 2068 2716 epiv

423 2729 604 2786 stolas
629 2746 830 2786 omnes
854 2729 1080 2800 Ignatii,
1117 2746 1264 2801 quas
1297 2730 1365 2786 ad
1388 2747 1478 2786 me
1497 2730 1755 2803 scripsit,
1787 2735 1845 2788 et
1891 2750 2066 2804 quas-

420 2837 654 2892 cunque
680 2820 916 2876 demum
943 2820 1100 2891 apud
1126 2837 1230 2875 nos
1256 2820 1508 2892 reperire
1530 2821 2064 2895 potuimus,quem-

422 2910 740 2966 admodum
765 2909 934 2966 nobis
959 2910 1302 2978 mandastis,
1319 2910 1392 2966 ad
1413 2928 1514 2966 vos
1538 2910 1833 2967 misimus.
1861 2932 1888 2965 ι
1920 2913 2067 2978 Quid

424 3000 575 3056 tanti
609 2999 713 3055 viri
745 2998 1092 3055 auctoritate
1153 2999 1496 3055 efﬁcacius?
1551 3000 1688 3073 quid
1747 3003 1875 3072 ejus
1906 3003 2067 3058 testi-

425 3090 620 3146 monio
648 3089 861 3145 clarius
893 3093 949 3144 et
979 3088 1304 3144 evidentius
1333 3088 1361 3144 ‘l

1489 357 1552 416 S.
1602 353 2005 416 IGNATIUS.
2050 383 2130 396 —
2169 348 2776 413 PROLEGOMENA.

2097 492 2146 556 A

3707 356 3838 416 480

2234 489 2260 555 §
2291 486 2358 542 Il.
2385 485 2634 542 Secunda
2671 489 2724 541 et
2751 487 2917 542 tertia
2941 486 3145 543 Dallwi
3172 487 3412 558 exceptio
3434 488 3780 560 exploditur.

2242 583 2520 649 Quocirca
2552 581 2803 638 Dallteus
2835 582 2890 636 id
2929 584 3081 654 quod
3127 584 3378 654 primum
3437 593 3821 657 opposuerat,

2169 688 2286 728 non
2309 672 2452 727 satis
2485 672 2724 726 ﬁrmum
2757 688 2887 727 esse
2926 673 3158 741 veritus,
3227 674 3296 727 ad
3357 676 3604 730 alterum
3667 677 3833 748 quod

2172 762 2413 832 majoris
2448 765 2616 832 putat
2648 777 2776 816 esse
2808 762 3112 831 momenti,
3146 763 3532 835 progreditur.
3567 765 3661 818 Ait
3713 767 3828 821 itas

2173 870 2283 925 que
2313 854 2360 888 ⁵⁸
2385 853 2505 909 haec
2537 853 2795 926 epistola
2827 854 3131 925 Polycarpi
3165 855 3365 910 verba:
3431 878 3456 906 α
3488 857 3831 929 Scripsistis

2171 944 2242 1000 ad
2277 961 2388 1011 me,
2422 965 2448 992 »
2486 949 2620 1011 etc.,
2672 961 2801 1015 qua:
2862 944 2928 999 ad
2989 945 3158 1000 linem
3226 963 3411 1016 usque
3453 953 3828 1018 sequuntur;

2173 1054 2198 1085 «ι
2232 1035 2470 1089 omnino
2502 1033 2682 1087 videri
2715 1039 2952 1100 temere,
2987 1039 3043 1087 et
3100 1041 3311 1104 praeter
3355 1037 3611 1091 auctoris
3658 1054 3828 1092 men-

2168 1127 2286 1177 tem
2319 1122 2507 1178 aliena
2539 1140 2714 1177 manu
2742 1127 3000 1177 assuta.»
3024 1125 3182 1187 Quod
3219 1125 3455 1194 quidem
3479 1142 3682 1181 rursus
3702 1130 3818 1182 du-

2171 1212 2304 1285 plici
2336 1214 2556 1268 ratione
2579 1214 2826 1284 probare
2859 1213 3084 1267 nititur.
3120 1215 3335 1279 Primo,
3397 1216 3671 1286 quoniam
3717 1217 3827 1272 illa

2173 1323 2200 1352 ‹‹
2227 1302 2500 1370 absurde,
2535 1307 2591 1357 et
2625 1307 2834 1374 praeter
2866 1303 3235 1357 manifestam
3280 1305 3562 1359 orationis
3612 1306 3827 1361 seriem

2171 1390 2584 1460 inserta,atque
2609 1390 2823 1445 infulta
2843 1397 3003 1445 sunt.
3039 1413 3064 1440 η
3087 1391 3496 1461 Superioribus
3530 1393 3829 1464 siquidem

2171 1479 2410 1538 verbis:
2448 1499 2468 1526 ε
2504 1479 2571 1535 Ut
2604 1479 2734 1535 sitis
2769 1480 3030 1551 perfecti,
3066 1502 3093 1529 ››
3126 1486 3258 1545 etc.,
3289 1480 3534 1551 epistola
3579 1481 3831 1538 claude-

2173 1570 2369 1639 batur,
2401 1569 2510 1636 vel,
2547 1573 2608 1624 ut
2636 1569 2757 1640 ipse
2794 1569 3086 1640 loquitur:
3112 1592 3139 1617 «
3166 1571 3232 1625 In
3272 1569 3420 1624 hanc
3470 1572 3828 1628 decentissi-

2175 1675 2352 1724 mam,
2389 1663 2452 1714 ut
2483 1674 2688 1714 omnes
2719 1659 2937 1725 vident,
2957 1657 3280 1714 clausulam
3337 1660 3642 1715 desinebat
3697 1663 3826 1734 epi-

2174 1747 2345 1805 stola.
2379 1769 2409 1798 >>

2090 1853 2136 1918 Β
2245 1839 2533 1906 Secundo,
2568 1837 2707 1909 quia
2729 1837 2850 1894 haec
2872 1837 3078 1894 ultima
3102 1838 3275 1894 verba
3306 1839 3596 1910 lgnatium
3633 1840 3831 1897 adhuc

2171 1928 2233 1984 in
2267 1927 2408 1982 vivis
2441 1929 2747 1999 degentem
2780 1932 3310 2000 memorant,quem
3341 1927 3441 1984 illa
3466 1930 3777 2001 superiora
3813 1947 3832 1989 :

2173 2037 2201 2066 «
2225 2015 2294 2070 Hi
2325 2033 2530 2072 omnes
2583 2033 2698 2072 non
2761 2017 2818 2072 in
2876 2032 3124 2073 vacuum
3179 2022 3640 2084 cucurrerunt,»
3679 2025 3830 2090 etc.,

2168 2106 2470 2162 declarant
2528 2112 2850 2164 mortuum.
2904 2107 3064 2164 Unde
3122 2108 3274 2164 idem
3333 2108 3626 2166 Dallzeus:
3674 2111 3821 2167 «Ex

2170 2195 2284 2266 his,
2312 2196 2522 2267 inquit,
2557 2196 2679 2254 sole
2708 2196 3032 2252 meridiano
3069 2195 3283 2254 clarius
3304 2204 3394 2254 est
3415 2198 3678 2254 diversos
3696 2215 3830 2256 esse

2171 2286 2458 2357 homines,
2493 2287 2593 2358 qui
2621 2287 2821 2343 eadem
2856 2289 2926 2343 de
2952 2305 3012 2343 re
3057 2292 3175 2342 tam
3235 2287 3636 2356 dissentanea,
3667 2293 3830 2346 tam-

2171 2392 2284 2448 que
2310 2376 2462 2432 inter
2493 2393 2555 2431 se
2585 2378 2965 2444 contraria,et
2995 2377 3381 2449 repugnantia
3411 2378 3772 2450 loquuntur;
3792 2403 3825 2432 ιο

2176 2466 2557 2539 proindeque,
2591 2489 2618 2517 κ
2653 2467 2999 2539 particulam
3025 2467 3185 2522 illam
3219 2468 3364 2523 falso
3390 2485 3456 2524 ac
3507 2469 3667 2526 vafra
3697 2471 3825 2542 epi-

2173 2555 2336 2612 stolae
2369 2571 2497 2612 esse
2528 2561 2792 2612 assutam
2827 2557 2898 2612 ab
2929 2557 3125 2628 aliquo
3149 2559 3484 2630 impostore.
3522 2581 3550 2608 »
3609 2561 3822 2617 Confe-

2175 2646 2308 2702 stim
2339 2661 2474 2702 vero
2507 2645 2748 2701 subdit:
2783 2668 2811 2695 ‹‹
2842 2646 2944 2701 His
2975 2647 3248 2718 exceptis,
3292 2647 3439 2703 nihil
3471 2649 3527 2703 in
3575 2650 3826 2721 epistola

2174 2733 2275 2790 illa
2314 2735 2544 2790 videtur
2573 2751 2895 2800 occurrere,
2921 2736 3075 2807 quod
3107 2736 3192 2791 vel
3239 2753 3596 2808 quemquam
3639 2739 3824 2796 otian-

2175 2823 2330 2893 dere,
2362 2823 2448 2880 vel
2485 2824 2800 2897 Polycarpo
2825 2825 3136 2896 indignum
3168 2828 3389 2882 censeri
3417 2828 3634 2884 debeat.
3669 2849 3700 2877 ιο

2247 2913 2358 2969 Sed
2391 2913 2485 2969 hic
2532 2914 2832 2986 paulisper
2890 2916 3274 2970 immoremur
3331 2916 3831 2990 attendamusque

2176 3017 2318 3058 num
2345 3001 2724 3071 Dallaeus,ubi
2746 3003 2802 3057 in
2836 3004 3296 3060 contradictione
3337 3011 3394 3059 et
3416 3007 3833 3077 repugnantia,

2179 3109 2355 3163 quam
2386 3092 2586 3148 nullus
2619 3098 2752 3148 ante
2783 3093 2950 3148 illum
2997 3094 3478 3165 deprehenderat,
3514 3097 3833 3168 retegenda

494 3180 618 3236 Duo
651 3184 843 3234 tamen
875 3195 1002 3250 quae
1037 3195 1406 3250 nequaquam
1455 3182 1880 3237 contemnenda
1937 3198 2064 3239 esse
2097 3164 2140 3230 (ἶ
2180 3181 2291 3238 sibi
2324 3182 2720 3254 adeolynceus
2751 3182 3000 3252 videtur,
3023 3164 3241 3238 ibidem
3285 3201 3483 3240 secum
3535 3164 3667 3256 ipse
3711 3203 3830 3242 non

421 3269 754 3334 afﬁrmat,ei
788 3268 1028 3341 opponit
1059 3267 1310 3323 Dallaaus
1342 3267 1406 3323 ⁵⁵.
1442 3268 1702 3324 Primum
1765 3275 1854 3326 est
1896 3272 2060 3328 Nice-

419 3358 588 3430 phori
620 3357 1246 3429 Constantinopolitani
1271 3357 1583 3428 judicium,
1617 3375 1732 3431 quo
1765 3359 1885 3416 haec
1907 3360 2064 3434 Poly-

422 3447 580 3518 carpi
606 3444 850 3517 epistola
882 3446 952 3500 ad
985 3445 1280 3501 deterrimi
1313 3446 1563 3516 generis,
1625 3451 1691 3502 ut
1722 3447 1969 3504 Dallteus
1995 3466 2062 3506 ac

421 3539 692 3594 defensor
719 3536 847 3607 ejus
880 3536 1221 3607 loquuntur,
1251 3536 1605 3609 apocrypha,
1633 3537 1854 3594 scilicet
1883 3539 2058 3596 itine-

419 3628 574 3684 raria
594 3627 744 3683 Petri
772 3625 1076 3681 etThoma:
1101 3625 1300 3698 procul
1324 3627 1690 3682 amandatur.
1727 3628 1890 3685 Unde
1925 3629 2061 3686 Dal-

422 3718 565 3775 lazus
586 3716 630 3752 ⁵⁷
655 3733 668 3772 :
690 3739 718 3766 «
738 3715 1071 3787 Nicephori,
1105 3715 1382 3786 inquit,et
1405 3715 1743 3786 patriarchae
1773 3718 2058 3790 primarii,

413 3812 470 3865 et
486 3806 785 3880 scriptoris
810 3806 980 3861 annis
1001 3802 1230 3862 circiter
1251 3805 1602 3877 octingentis
1624 3807 1793 3864 nobis
1812 3809 2060 3866 nostris-

415 3915 530 3972 que
554 3898 912 3963 vetustioris,
945 3898 1015 3954 de
1046 3897 1138 3954 his
1195 3895 1360 3952 libris
1411 3897 1729 3968 judicium,
1770 3898 2056 3956 Hamondi

424 3991 651 4047 tametsi
681 3991 790 4047 viri
848 3987 1254 4055 eruditissimi,
1315 3992 1372 4043 et
1419 3987 1664 4043 aliorum
1725 3989 1827 4044 aevi
1875 3991 2059 4046 nostri

416 4082 715 4138 sententiae
740 4080 1002 4152 praeferre
1025 4076 1422 4132 nullainvidia
1443 4081 1551 4131 est.
1585 4097 1614 4126 »
1656 4078 1767 4132 Sed
1819 4079 1866 4132 si
1901 4079 2059 4137 nulla

417 4171 494 4226 sit
515 4169 732 4224 invidia
754 4165 1366 4237 Nicephorijudicium
1384 4165 1670 4219 Hamondi
1695 4165 2058 4240 aliorumque

416 4257 804 4313 recentiorum
832 4256 1137 4310 sententiae
1165 4254 1454 4324 praeferre,
1491 4253 1653 4308 nulla
1673 4271 1902 4325 quoque
1949 4259 2060 4314 erit

415 4343 944 4417 invidiajudieium
981 4341 1203 4407 irenaei,
1237 4341 1492 4410 Eusebii,
1552 4341 1918 4414 aliorumque
1959 4345 2058 4403 Pa-

414 4440 568 4491 trum
591 4441 674 4491 tot
705 4432 932 4489 saeculis
954 4431 1275 4502 Nicephoro
1323 4430 1728 4495 vetustiorum,
1763 4433 1858 4503 qui
1888 4434 2053 4509 Poly-

2173 3275 2412 3344 pugnet.
2448 3272 2757 3327 Enimvero
2791 3273 2839 3327 si
2873 3272 2929 3326 in
2957 3277 3080 3327 tota
3109 3271 3353 3343 epistola
3411 3274 3555 3329 nihil
3619 3280 3833 3346 prreter

2173 3362 2335 3417 illam
2369 3361 2718 3433 particulam
2742 3364 3004 3417 occurrat
3034 3366 3047 3415 ε
3083 3384 3110 3412 ‹‹
3145 3363 3305 3425 Quod
3341 3361 3425 3418 vel
3464 3380 3832 3436 quemquam

2172 3451 2599 3518 ollendere,vel
2621 3451 2936 3522 Polycarpo
2954 3451 3263 3524 indignum
3313 3455 3540 3509 censeri
3587 3455 3829 3522 debeat,

2171 3557 2276 3596 cur
2305 3557 2524 3611 quaeso,
2561 3539 2810 3596 Dallaeus
2844 3557 2959 3595 non
2989 3540 3180 3596 solum
3241 3543 3538 3598 Hamondo
3599 3548 3655 3597 et
3689 3544 3829 3599 aliis

2172 3630 2270 3685 aevi
2297 3630 2480 3685 nostri
2511 3629 2876 3686 doctissimis
2922 3629 3283 3696 hominibus,
3319 3633 3422 3687 sed
3468 3633 3642 3688 etiam
3673 3636 3831 3688 anti-

2171 3719 2471 3791 quissimis
2504 3719 2776 3776 Patribus
2814 3719 3065 3776 Eusebio
3096 3724 3153 3776 et
3184 3721 3406 3776 cateris
3460 3721 3686 3792 praefert
3717 3722 3825 3778 Ni-

2171 3809 2620 3881 cephorum,qui
2640 3808 2951 3880 epistolam
2977 3813 3155 3864 totam
3192 3810 3382 3880 rejicit
3413 3811 3567 3866 inter
3594 3827 3664 3867 ea
3693 3828 3829 3883 quas

2171 3903 2309 3955 sunt
2337 3921 2365 3950 «
2398 3916 2466 3955 ex
2499 3893 2965 3971 apocryphorum
3000 3899 3313 3956 deterrimo
3345 3916 3552 3968 genere
3580 3916 3595 3968 ;
3633 3923 3660 3951 ››
3712 3902 3828 3972 vel,

2174 3993 2236 4045 ut
2264 3991 2389 4062 ipse
2412 3989 2550 4045 alibi
2584 3989 2745 4057 dicit,
2779 4010 2807 4038 «
2833 3990 2982 4044 inter
3027 3989 3210 4045 libros
3257 3989 3470 4045 fabulis
3491 3994 3548 4046 et
3576 3990 3826 4063 ﬁgmen-

2171 4080 2247 4134 tis
2277 4079 2480 4151 plenos
2514 4096 2527 4145 ;
2563 4099 2591 4129 ››
2623 4094 2691 4133 ex
2716 4077 2956 4149 quibus,
2989 4100 3016 4128 «
3052 4079 3100 4133 si
3133 4078 3264 4149 quis
3318 4079 3388 4133 ad
3441 4079 3616 4134 ﬁdem
3648 4080 3722 4135 de
3754 4097 3820 4137 re

2169 4168 2366 4239 aliqua
2398 4168 2604 4240 primis
2627 4166 2744 4223 illis
2768 4167 3132 4239 temporibus
3177 4173 3341 4240 gesta
3367 4167 3689 4224 faciendam
3725 4171 3816 4226 at-

2169 4256 2514 4325 ferret,nihil
2537 4255 2888 4312 efﬁceret?»
2922 4257 3197 4329 Nunquid
3233 4257 3279 4311 si
3309 4258 3523 4328 aliquis
3579 4274 3647 4314 ea
3683 4275 3819 4314 om-

2169 4345 2284 4414 nia,
2317 4362 2440 4418 quaa
2473 4346 2531 4400 in
2563 4345 2674 4400 hac
2704 4345 2951 4417 epistola
2973 4345 3114 4400 illud
3150 4347 3304 4417 quod
3360 4346 3610 4402 Dallaaus
3647 4353 3820 4404 vocat

2167 4435 2651 4503 additamentum,
2686 4436 3042 4507 praecedunt,
3074 4452 3312 4506 quaeque
3343 4434 3468 4507 ipse
3497 4437 3817 4510 Polycarpo

413 4544 588 4599 carpo
607 4526 756 4581 hanc
778 4522 1085 4594 epistolam
1106 4520 1757 4593 assignant,Nicephori
1782 4526 2052 4595 praeferre
2081 4535 2134 4600 D
2165 4525 2345 4596 digna
2365 4529 2587 4590 censet,
2645 4526 2715 4580 ad
2786 4525 2962 4579 ﬁdem
3025 4525 3346 4580 faciendam
3382 4525 3630 4596 afferret,
3665 4527 3817 4583 nihil

413 4615 714 4673 sententias
742 4614 893 4670 :imo
915 4616 1078 4668 tanto
1113 4610 1316 4683 potiori
1341 4611 1474 4681 jure
1499 4611 1919 4682 praeferendum
1944 4622 2052 4688 est,

411 4710 628 4776 quanto
661 4707 716 4758 et
746 4701 1074 4758 eruditione
1094 4701 1554 4772 praestantiores,
1577 4704 1751 4772 atque
1774 4704 1923 4759 atati
1954 4705 2056 4762 Po-

409 4789 627 4864 lycarpi
659 4789 964 4846 viciniores
990 4789 1242 4844 fuerunt.
1273 4788 1490 4844 Deinde
1521 4789 1696 4845 verba
1755 4809 1788 4846 a
1840 4792 2054 4850 Dallaao

407 4880 634 4950 objecta
664 4879 1004 4951 patriarchae
1036 4876 1344 4949 Nicephori
1379 4895 1493 4932 non
1525 4883 1683 4949 sunt,
1741 4882 1840 4936 sed
1875 4884 2055 4955 scrip-

407 4968 550 5024 toris
582 4970 890 5040 cujusdam
924 4967 1154 5024 obscuri
1188 4973 1242 5022 et
1269 4967 1568 5038 anonymi,
1603 4969 1701 5039 qui
1755 4971 2051 5042 fragmen-

403 5065 526 5116 tum
562 5061 715 5130 quod
776 5059 1216 5114 Stichometriam
1273 5065 1458 5125 vocat,
1493 5057 1564 5112 ad
1626 5057 1761 5114 ilius
1793 5059 2049 5116 Chrono-

403 5150 661 5224 graphias
693 5149 910 5205 calcem
945 5146 1267 5218 subiunxit,
1298 5151 1363 5202 ut
1388 5147 1541 5202 infra
1571 5164 1603 5202 a
1637 5149 1805 5204 nobis
1849 5149 2052 5206 claris-

400 5241 546 5296 sime
579 5237 1098 5296 demonstrabitur.
1124 5237 1193 5290 Et
1213 5239 1365 5290 certe
1399 5235 1529 5308 quis
1559 5237 1671 5292 sibi
1704 5242 2051 5309 persuadeat

400 5330 698 5402 Polycarpi
751 5329 1079 5401 epistolam,
1167 5327 1338 5396 cujus
1428 5325 1740 5384 utilitatem
1803 5329 2049 5387 Dalleaus

398 5436 712 5492 agnoscere
740 5419 988 5490 cogitur,
1043 5435 1075 5473 a
1128 5417 1454 5488 Nicephoro
1511 5433 1686 5487 quem
1737 5419 1889 5475 idem
1924 5420 2051 5477 Dal-

399 5508 540 5563 lmus
572 5507 846 5563 laudibus
896 5510 1154 5573 exornat,
1224 5505 1376 5559 inter
1434 5506 1764 5579 apocrypha
1803 5509 2046 5564 deterri-

403 5597 476 5651 mi
504 5597 735 5667 generis
770 5596 950 5653 fuisse
984 5593 1359 5667 ablegatam?

2165 4612 2469 4669 efﬁceret?
2498 4613 2775 4686 Nunquid
2811 4613 2883 4668 ob
2917 4612 3266 4684 particulam
3296 4613 3353 4668 in
3399 4615 3512 4669 ﬁne
3551 4615 3813 4685 epistolas

2163 4701 2439 4770 additam,
2472 4717 2540 4756 ea
2569 4719 2696 4773 quae
2729 4701 3043 4774 Polycarpo
3075 4701 3252 4773 digna
3282 4708 3438 4770 sunt,
3474 4705 3544 4758 ad
3569 4721 3813 4778 apocry-

2164 4792 2280 4863 pha
2312 4791 2608 4846 deterrimi
2631 4791 2882 4863 generis,
2915 4796 2972 4846 et
2997 4791 3178 4847 libros
3210 4792 3425 4847 fabulis
3470 4798 3527 4847 et
3573 4795 3817 4865 ﬁgmen-

2165 4881 2237 4936 tis
2271 4880 2471 4951 plenos
2503 4881 2718 4935 debent
2749 4881 3018 4952 protinus
3051 4881 3354 4936 amandari
3376 4881 3403 4936 ‘l

2233 4968 2380 5034 Quid
2412 4974 2606 5024 autem
2643 4969 2793 5040 quod
2825 4970 2987 5024 addit
3019 4968 3267 5026 Dallaaus
3299 4969 3355 5025 in
3403 4970 3511 5026 hac
3565 4971 3819 5042 epistola

2163 5081 2191 5112 «
2218 5063 2337 5115 tam
2363 5058 2754 5126 dissentanea,
2801 5063 3038 5131 tamque
3089 5059 3239 5114 inter
3291 5077 3352 5114 se
3411 5061 3707 5116 contraria
3760 5069 3816 5118 et

2161 5149 2546 5221 repugnantia
2579 5169 2605 5198 »
2639 5165 2936 5204 occurrere
2970 5168 2985 5216 ;
3021 5153 3082 5202 ut
3106 5171 3134 5198 ‹‹
3160 5148 3278 5204 sole
3311 5150 3630 5204 meridiano
3690 5152 3815 5207 cla-

2160 5239 2283 5295 rius
2316 5261 2344 5288 »
2378 5239 2454 5293 sit
2485 5255 2604 5294 eaa
2631 5239 2877 5294 diversis
2913 5238 3251 5294 hominibus
3297 5239 3513 5310 scripta
3575 5241 3756 5296 fuisse
3784 5243 3811 5298 τ

2159 5332 2269 5383 Cnr
2299 5345 2434 5399 ergo
2465 5327 2775 5396 Eusebius,
2810 5327 2982 5382 homo
3013 5328 3457 5383 oculatissimus
3501 5334 3556 5383 et
3588 5332 3812 5402 perspi-

2159 5417 2527 5484 cacissimus,
2556 5435 2658 5474 cur
2689 5417 2788 5472 alii
2820 5423 2952 5472 ante
2982 5422 3038 5473 et
3069 5423 3200 5488 post
3227 5418 3618 5490 Nicephorum
3671 5421 3816 5477 scri-

2159 5513 2349 5580 ptores
2380 5507 2525 5563 illud
2559 5523 2675 5563 non
2699 5507 3001 5573 viderunt,
3035 5508 3187 5578 quod
3227 5529 3255 5556 ‹‹
3317 5508 3438 5564 sols
3486 5509 3815 5569 meridiano

470 5695 512 5728 ⁵⁸
542 5697 617 5749 De
646 5696 832 5764 script.
866 5698 1068 5764 Ignat,
1103 5710 1228 5765 cap.
1255 5694 1346 5762 22,
1381 5710 1439 5765 p.
1473 5694 1597 5751 426.
1674 5693 1722 5728 ⁵⁷
1741 5696 1914 5767 ιὺίά.,
1945 5713 2002 5769 p.
2035 5699 2058 5754 Δ

2237 5696 2284 5735 ⁸⁸
2315 5712 2443 5770 cap.
2477 5697 2567 5764 32,
2599 5712 2655 5768 p.
2689 5696 2778 5752 42.
