4026 6206
184 407 291 466 481

198 637 362 686 cente
385 627 781 683 caacutiebant
809 626 832 680 Ἰ

253 727 362 784 Sed
397 731 552 792 esto,
581 724 864 780 Eusebius
896 721 1109 794 aliique
1133 739 1331 779 omnes
1363 721 1504 778 solis
1537 717 1847 775 meridiani

187 817 509 891 splendore
532 813 849 887 perstricti,
881 812 936 867 id
955 813 1103 884 quod
1139 811 1261 868 sole
1296 810 1616 867 meridiano
1633 807 1847 864 clarius

189 912 465 974 erat,non
501 904 772 961 viderint.
805 904 920 957 Cur
941 900 1146 957 saltem
1171 901 1322 956 hanc
1372 898 1845 955 decentissimum

190 995 556 1061 clausulam,
590 994 648 1048 in
683 1009 861 1064 quam
884 991 1185 1048 desinebat
1207 991 1452 1062 epistola
1472 1005 1667 1058 quam,
1699 990 1850 1042 teste

190 1087 428 1151 Dallaeo,
460 1100 669 1139 omnes
699 1081 918 1151 vident,
950 1081 1032 1137 illi
1062 1098 1176 1137 non
1204 1081 1520 1137 viderunt?
1577 1075 1846 1148 Nunquid

195 1177 451 1234 Dallaeus
503 1173 822 1229 Eusebium
882 1172 1142 1242 aliosque
1193 1171 1348 1226 viros
1395 1167 1848 1232 oculatissimos,

191 1267 286 1340 qui
319 1266 482 1321 hanc
510 1262 821 1335 epistolam
855 1262 1142 1334 integram
1197 1260 1504 1333 Polycarpo
1558 1257 1849 1324 tribuunt,

187 1358 327 1413 adeo
364 1370 556 1410 caecos
587 1353 869 1423 omnique
897 1350 1117 1406 lumine
1139 1351 1375 1406 orbatos
1407 1348 1588 1403 fuisse
1644 1347 1799 1401 dicet
1829 1363 1844 1412 ;

187 1451 246 1503 ut
279 1462 470 1501 unum
519 1445 677 1514 quod
712 1442 831 1498 sole
864 1440 1190 1497 meridiano
1221 1439 1438 1496 clarius
1497 1441 1664 1504 erat;
1715 1434 1851 1490 alte-

185 1554 318 1593 rum
345 1535 510 1607 quod
537 1549 741 1588 omnes
760 1531 980 1599 vident,
1004 1529 1114 1603 ipsi
1135 1530 1329 1586 videre
1359 1545 1472 1586 non
1503 1525 1795 1597 potuerint
1823 1524 1850 1578 ?

256 1626 393 1681 Jam
439 1638 581 1678 vero
615 1621 688 1677 ad
738 1637 854 1675 rem
909 1620 1102 1692 ipsam
1162 1619 1489 1674 veniamus.
1541 1613 1851 1671 Contendit

195 1712 449 1768 Dallaaus
479 1709 690 1778 verbis,
721 1726 849 1780 qua:
906 1707 1254 1780 particulam
1316 1705 1586 1762 ultimam
1639 1718 1849 1775 prisce-

193 1807 344 1861 dunt
375 1821 392 1864 ;
424 1804 560 1876 quia
595 1825 624 1854 «
657 1801 1128 1858 decentissimum
1159 1799 1484 1856 clausulam
1534 1818 1558 1850 ι
1610 1798 1849 1866 habent,

195 1895 506 1968 epistolam
534 1893 840 1964 Polycarpi
871 1891 1087 1947 claudi.
1120 1890 1399 1978 Nunquid?
1428 1905 1575 1978 ergo,
1614 1887 1844 1978 quoties
1871 1913 1916 1978 Β

192 1985 252 2040 in
277 1982 549 2056 epistolis
579 1981 834 2038 occurrit
879 1979 1298 2036 decentissima
1355 1977 1641 2046 clausula,
1676 1976 1846 2031 toties

193 2074 265 2129 ibi
295 2073 600 2128 ﬁniuntur
621 2070 926 2144 epistoraa?
958 2071 1018 2126 Id
1051 2086 1192 2126 sane
1217 2069 1302 2124 vel
1334 2069 1472 2140 ipsa
1515 2067 1649 2122 solas
1686 2063 1849 2120 Pauli

193 2164 457 2235 epistolae
482 2161 873 2218 falsissimum
896 2176 1021 2216 esse
1061 2159 1358 2214 evincunt.
1384 2157 1530 2212 Nam
1570 2155 1630 2211 in
1664 2153 1851 2225 capite

197 2257 420 2312 decimo
442 2254 658 2326 quinto
681 2254 804 2324 ejus
830 2250 1096 2323 Epistolas
1131 2250 1200 2305 ad
1245 2253 1536 2304 Romanos
1594 2245 1715 2300 haac
1748 2245 1848 2298 de-

195 2349 538 2406 centissima
555 2344 1087 2417 clausulalegitur:
1118 2344 1255 2399 Deus
1282 2343 1442 2414 pacis
1471 2340 1544 2395 sit
1575 2355 1702 2394 cum
1741 2352 1850 2392 om-

190 2440 346 2493 nibus
375 2439 558 2493 vobis.
586 2437 797 2503 Amen;
832 2434 890 2488 in
924 2435 1110 2505 capite
1169 2449 1300 2488 vero
1363 2430 1530 2486 tertio
1579 2425 1848 2498 Epistolis

192 2529 258 2583 ad
289 2525 584 2599 Ephesios
620 2524 730 2581 ista
757 2541 770 2578 :
797 2523 909 2593 Ipsi
935 2523 1117 2594 gloria
1147 2521 1207 2576 in
1250 2521 1447 2577 sxcula
1501 2517 1847 2574 saeculorum.

189 2621 354 2674 Amen
391 2637 404 2687 ;
441 2622 504 2673 et
537 2625 732 2672 tamen
766 2618 973 2670 neutra
1005 2613 1084 2667 ibi
1116 2613 1334 2668 desinit
1366 2628 1380 2666 :
1428 2611 1529 2666 sed
1580 2609 1637 2663 in
1672 2603 1850 2679 priori

193 2725 376 2764 unum
411 2709 619 2778 caput,
650 2704 710 2760 in
741 2702 1048 2776 posteriori
1080 2701 1193 2757 tria
1225 2702 1453 2772 integra
1475 2697 1669 2769 capita
1707 2696 1850 2752 sub-

198 2801 557 2868 sequuntur.
590 2794 856 2865 Longum
890 2795 1042 2847 esset
1075 2798 1127 2846 et
1160 2790 1365 2846 inutile
1391 2789 1702 2844 innumera
1730 2784 1851 2858 epi-

193 2887 477 2942 stolarum
516 2884 773 2955 proferre
797 2880 1082 2953 exempla,
1115 2896 1244 2951 quae
1301 2878 1376 2934 ad
1432 2877 1655 2934 similes
1700 2875 1857 2931 clau-

195 2975 381 3042 sulas,
439 2991 591 3045 quas
655 2971 900 3028 Dallaeus
987 2968 1431 3026 decentissimas
1492 2971 1674 3036 vocat,
1737 2982 1852 3022 non

197 3063 739 3121 desinunt.Norunt
760 3060 916 3116 enim
943 3076 1142 3116 omnes
1163 3076 1233 3115 ex
1268 3057 1570 3129 scriptoris
1619 3055 1853 3128 ingenio

197 3154 484 3227 pendere,
518 3169 658 3223 quas
683 3150 846 3218 velit,
880 3154 935 3204 et
967 3149 1062 3205 ubi
1123 3149 1278 3216 velit,
1339 3148 1398 3202 in
1453 3145 1699 3218 epistola
1749 3161 1856 3201 sua

195 3243 500 3301 clausulas
523 3257 846 3314 apponere:
875 3239 1119 3295 maxime
1138 3254 1268 3293 vero
1311 3235 1408 3293 ubi
1460 3235 1647 3308 plura,
1681 3233 1853 3291 sicuti

192 3335 576 3406 Polycarpus,
615 3335 824 3386 tractat
855 3333 1216 3400 argumenta,
1254 3326 1335 3382 vel
1369 3342 1504 3382 cum
1549 3324 1854 3381 scribentis

195 3424 391 3479 animo
424 3420 649 3492 aliquid
685 3419 816 3475 novi
850 3419 1159 3475 scribendo
1191 3415 1510 3472 succurrit.

259 3524 554 3578 Praeterea
589 3519 802 3575 falsum
837 3518 980 3573 illud
999 3517 1266 3588 est,quod
1294 3516 1374 3571 ait
1401 3513 1675 3582 Dalleeus,
1711 3511 1852 3567 ulti-

191 3631 345 3670 mam
386 3613 568 3680 hujus
601 3610 857 3680 epistolae
893 3603 1694 3678 particulam,mendacio,iie
1726 3617 1858 3674 quae

194 3703 467 3776 superius
503 3701 658 3755 dicta
683 3706 866 3768 erant,
895 3699 1185 3752 contrario
1205 3703 1260 3752 et
1315 3697 1700 3766 repugnante,
1733 3707 1858 3747 esse

189 3795 552 3866 inspersam.
587 3793 672 3857 At,
709 3789 902 3859 inquit
924 3787 1043 3854 ille,
1079 3788 1197 3842 haec
1223 3787 1393 3841 verba
1423 3801 1435 3839 :
1463 3807 1491 3834 «
1526 3788 1596 3838 Et
1622 3783 1692 3837 de
1723 3782 1851 3853 ipso

190 3883 438 3955 Ignatio,
475 3881 634 3935 etde
665 3879 753 3933 his
787 3878 887 3948 qui
950 3893 1086 3933 cum
1110 3892 1177 3929 eo
1226 3878 1386 3939 sunt,
1432 3873 1587 3945 quod
1644 3871 1857 3926 certius

193 3968 578 4043 aguoveritis,
606 3967 974 4038 signiﬁcate:
1003 3988 1031 4015 »
1068 3965 1207 4031 inec,
1243 3963 1458 4034 inquit,
1490 3962 1668 4016 verba
1698 3961 1860 4032 lgna-

196 4063 364 4122 tium.
406 4059 511 4130 qui
545 4058 709 4128 prius
725 4056 1038 4110 defunctus
1064 4052 1412 4121 declaratur,
1443 4051 1504 4106 in
1542 4050 1684 4105 vivis
1731 4064 1858 4104 esse

199 4145 794 4221 signiﬁcant.Verum
821 4145 869 4199 si
893 4161 960 4200 ea
983 4147 1198 4200 attente
1240 4141 1694 4214 perpendantur,
1713 4137 1858 4193 nihil

198 4241 259 4295 de
289 4237 520 4310 Ignatii
554 4241 737 4291 morte
774 4234 864 4290 vel
927 4235 1044 4289 vita
1085 4233 1340 4287 innuunt
1394 4235 1495 4286 aut
1544 4230 1860 4286 testiﬁcan-

200 4334 313 4384 tur.
364 4328 472 4382 His
506 4327 723 4381 etenim
759 4325 1110 4396 Polycarpus
1141 4321 1547 4377 tantummodo
1581 4318 1857 4390 postulat,

103 4481 106 4483 ἓ
202 4424 258 4474 ut
286 4417 710 4487 Philippenses
739 4415 837 4486 qui
869 4415 938 4468 de
975 4412 1194 4483 Ignatio
1228 4409 1457 4465 facilius
1489 4409 1679 4480 aliqua
1710 4405 1860 4463 acci-

205 4524 328 4579 pere
369 4505 746 4578 poterant,de
777 4503 896 4568 illo,
933 4516 1279 4573 quocunque
1312 4501 1542 4554 tandem
1602 4499 1660 4552 in
1705 4501 1860 4552 statu

202 4594 551 4663 luerit,certi
589 4593 807 4663 aliquid
844 4591 1201 4648 renuntient.
1234 4589 1598 4659 Quapropter
1620 4586 1668 4641 si
1696 4585 1858 4640 illum

198 4686 314 4755 jam
351 4681 644 4754 martyrio
707 4685 1047 4737 coronatum
1109 4678 1540 4748 suspicabatur,
1600 4679 1763 4746 rogat
1802 4679 1866 4730 ut
1897 4671 1940 4736 D

208 4779 457 4831 narrent
490 4772 748 4844 quando,
784 4771 905 4837 ubi,
938 4775 995 4825 et
1025 4785 1201 4841 quam
1234 4767 1392 4821 vario
1443 4770 1863 4820 tormentorum

214 4864 710 4931 cruciatuumque
742 4875 952 4932 genere
1012 4863 1256 4914 mortem
1317 4855 1546 4919 obierit,
1607 4870 1867 4926 quosque

211 4953 494 5008 habuerit
525 4949 788 5020 martyrii
821 4949 910 5003 sui
943 4947 1154 5004 socios.
1185 4945 1354 5001 Nulla
1389 4959 1525 5014 ergo
1557 4942 1635 4997 ibi
1696 4959 1865 5015 repu-

212 5042 482 5112 gnantia,
517 5057 626 5096 nec
658 5039 778 5094 ulla
807 5054 936 5094 cum
971 5038 1041 5092 iis
1072 5054 1198 5108 quae
1223 5037 1292 5090 de
1335 5050 1473 5091 nece
1531 5035 1656 5105 ejus
1704 5035 1866 5107 prius

217 5135 442 5203 scripta
472 5134 660 5194 erant,
697 5128 947 5183 occurrit
979 5125 1394 5197 discrepantia.

288 5221 465 5289 Urget
497 5225 694 5273 tamen
727 5217 999 5281 Dallzeus,
1024 5214 1404 5286 atqueipsius
1429 5213 1732 5280 llamondi,
1768 5213 1868 5285 qui

214 5307 304 5364 bis
341 5309 574 5363 ultimis
606 5307 866 5378 epistolis
900 5304 1198 5376 Polycarpi
1229 5303 1420 5358 verbis
1439 5302 1612 5357 vitam
1660 5303 1869 5373 Ignatii

216 5398 514 5469 designari
551 5398 720 5461 dixit,
757 5397 973 5466 profert
1022 5392 1445 5449 testimonium.
1508 5399 1578 5446 At
1635 5399 1787 5448 certe
1818 5393 1868 5448 si

214 5488 562 5542 Hamondus
595 5485 841 5540 humani
902 5483 1120 5555 aliquid
1181 5482 1260 5536 ibi
1320 5498 1532 5553 passus
1575 5487 1682 5549 est,
1719 5481 1765 5538 si
1798 5483 1866 5538 ad

214 5573 515 5648 Polycarpi
548 5576 730 5632 verba
782 5572 1168 5629 animumnon
1229 5571 1370 5626 satis
1422 5571 1688 5639 advertit,
1725 5572 1867 5643 quid

211 5663 346 5720 inde
379 5671 588 5721 contra
618 5662 920 5720 sententiis
979 5668 1188 5718 nostris
1247 5661 1551 5716 veritatem
1607 5661 1875 5718 conficiet

217 5754 468 5816 Dallaus
490 5759 518 5815 ?
546 5757 707 5816 Nulli
742 5759 935 5820 autem
985 5754 1326 5814 dubitamus
1355 5751 1501 5825 quin
1530 5755 1874 5816 Hemondus

1177 400 1251 458 D.
1298 396 1622 458 NOURRII
1673 392 2209 456 DISSERTATIO.
2257 427 2334 438 —
2377 392 2582 456 PARS
2629 396 2677 454 Ι.

186 538 401 595 clarius
434 541 566 591 erat
593 535 620 590 ?
650 533 971 605 «Nunquid
1005 548 1208 588 omnes
1240 531 1361 588 sole
1396 531 1714 588 meridiano
1748 530 1835 584 lu-
1868 534 1916 600 Α
1961 530 2033 584 ab
2065 546 2129 584 ea
2161 528 2526 598 difficultate,
2549 546 2676 601 quis
2709 536 2904 586 contra
2935 531 3128 603 ipsum
3160 534 3348 591 solum
3373 537 3609 606 militat,

3490 402 3608 462 482

1961 635 2086 675 sese
2124 625 2275 674 recte
2335 619 2730 692 explicuisset.
2783 621 2993 678 Verum
3045 641 3156 680 non
3198 626 3267 682 de
3316 629 3608 684 Hamondi

1961 713 2154 764 mente
2185 709 2579 780 disputamus,
2625 711 2721 766 sed
2764 711 2834 766 de
2882 711 3183 786 Polycarpi
3231 717 3496 789 epistola,
3549 720 3607 774 in

1960 818 2077 871 qua
2101 817 2234 856 cum
2262 801 2486 857 nullum
2525 803 2921 868 mendacium,
2955 806 3232 878 nullaque
3264 809 3340 864 sit
3374 816 3606 866 contra-

1958 889 2133 945 dictio
2155 894 2211 945 et
2234 893 2637 963 repugnantia,
2672 891 2955 963 integram
2987 894 3147 950 illam
3199 914 3520 969 omnesque
3551 908 3605 954 et

1959 978 2223 1050 singulas
2267 979 2419 1034 illius
2476 985 2668 1051 partes
2725 998 2757 1036 a
2812 982 3122 1056 Polycarpo
3179 987 3426 1058 scriptas
3475 1004 3606 1044 esse

1958 1072 2113 1124 certo
2145 1069 2361 1123 certius
2391 1069 2696 1125 evincitur.

2064 1187 2091 1254 §
2122 1185 2216 1242 111.
2253 1187 2495 1258 Reliquae
2527 1187 2731 1246 vallari
2754 1191 3094 1257 exceptiones
3126 1193 3482 1262 refellunlur.

2029 1301 2215 1359 Instat
2241 1303 2512 1369 Dallaeus,
2544 1321 2806 1377 novoque
2828 1306 3010 1361 utitur
3031 1313 3086 1362 et
3118 1307 3264 1363 miro
3287 1325 3601 1379 argumen-

1959 1393 2120 1448 tandi
2151 1409 2382 1466 genere.
2408 1393 2505 1450 llle
2523 1394 2814 1465 siquidem
2841 1395 2986 1450 nihil
3036 1398 3107 1451 de
3148 1397 3388 1452 veritate
3417 1415 3483 1452 ac
3516 1397 3603 1454 in-

1961 1482 2226 1554 tegritate
2243 1483 2499 1555 epistola
2523 1483 2826 1556 Polycarpi
2849 1484 3106 1555 amplius
3121 1486 3449 1555 disputans,
3464 1503 3572 1542 con
3585 1515 3605 1528 ο

1959 1574 2108 1629 cedit
2139 1573 2520 1646 Polycarpuzn
2546 1575 2746 1631 testari
2772 1573 3000 1647 aliquas
3021 1576 3093 1631 ab
3108 1576 3334 1646 lgnatio
3357 1578 3608 1649 scriptas

1961 1662 2141 1718 fuisse
2174 1663 2468 1734 epistolas.
2500 1664 2714 1719 Verum
2748 1680 2878 1719 cum
2911 1665 3061 1720 idem
3096 1664 3222 1736 ipse
3253 1666 3608 1738 Polycarpus

1960 1751 2092 1807 illas
2122 1753 2354 1808 easdem
2387 1769 2536 1818 esse,
2579 1770 2721 1823 quas
2771 1754 3160 1820 defendimus,
3213 1770 3324 1810 non
3375 1755 3606 1822 dixerit,

1959 1841 2106 1896 alias
2131 1841 2379 1897 Dallaeus
2401 1842 2642 1898 omnino
2664 1843 2734 1897 ab
2766 1859 2831 1898 eo
2863 1842 3146 1898 iudicatas
3170 1859 3298 1898 esse
3331 1844 3610 1899 audacter

1957 1930 2230 1986 affirmat.
2259 1934 2446 2002 Atque
2488 1949 2520 1986 a
2560 1931 2767 1986 Dallzso
2794 1933 3088 2002 poscimus
3112 1932 3245 2002 quid
3296 1933 3605 2004 Polycarpo

1959 2024 2024 2074 ut
2043 2020 2320 2091 epistolas
2352 2020 2482 2075 illas
2515 2020 2722 2091 Ignatii
2764 2036 2892 2076 esse
2937 2025 3272 2089 testaretur,
3327 2025 3606 2093 praestan-

1959 2109 2096 2164 dum
2143 2115 2285 2165 erat.
2344 2109 2620 2182 Nunquid
2683 2110 2752 2165 ab
2800 2127 2866 2166 eo
2918 2110 3000 2165 his
3045 2109 3309 2182 epistolae
3366 2111 3606 2179 integris

1959 2198 2415 2254 transcribendaa
2447 2204 2632 2266 erant,
2690 2198 2774 2253 vel
2829 2215 3006 2254 manu
3056 2199 3291 2270 propria
3338 2199 3604 2254 subscri-

1959 2287 2514 2360 bende?Nunquid
2562 2288 2795 2360 publica
2842 2288 3202 2344 notariorum
3256 2293 3314 2343 et.
3359 2288 3602 2343 testium

1961 2378 2094 2443 fide,
2118 2378 2322 2434 aliisve
2346 2377 2591 2449 publicis
2615 2378 3020 2434 instrumentis
3041 2377 3366 2433 munienda:
3385 2381 3407 2432 Ρ
3427 2378 3487 2433 Si
3515 2395 3606 2433 res

1959 2466 2042 2522 ita
2072 2484 2133 2522 se
2157 2467 2387 2532 habeat,
2423 2466 2616 2522 nullas
2658 2467 2857 2540 procul
2898 2468 3074 2524 dubio
3121 2485 3276 2523 nunc
3321 2469 3606 2523 habemus

1961 2556 2216 2611 virorum
2234 2556 2870 2628 apostolicoruwalioru
2883 2574 3053 2630 mque
3067 2557 3606 2628 antiquissimorum

1961 2649 2194 2701 Patrum
2225 2645 2523 2717 epistolas,
2569 2663 2634 2701 ac
2664 2663 2730 2701 ea
2759 2664 2888 2717 quae
2921 2647 3191 2701 manibus
3220 2647 3485 2702 omnium
3519 2651 3606 2700 te—

1961 2738 2190 2800 runtur,
2215 2735 2339 2790 alia:
2368 2735 2607 2790 omnino
2640 2741 2779 2792 sunt
2809 2736 2880 2790 ab
2915 2735 2985 2790 iis
3007 2752 3151 2806 quas
3185 2735 3498 2806 scriptores
3531 2735 3602 2790 ab

1961 2825 2079 2880 illis
2110 2826 2277 2881 datas
2315 2842 2442 2881 esse
2483 2830 2962 2882 commemorant.
3011 2825 3324 2882 Dicendum
3373 2842 3506 2896 ergo
3538 2841 3606 2882 ex

1965 2916 2272 2971 severioris
2303 2915 2527 2971 critices
2560 2915 2798 2987 regulis,
2832 2921 2897 2970 ut
2927 2914 3175 2986 alicujus
3207 2915 3464 2970 auctoris
3493 2913 3605 2985 epi-

1964 3005 2146 3074 stolae,
2178 3022 2427 3076 quarum
2462 3004 2712 3076 scriptor
2741 3005 2853 3077 ipsi
2885 3021 3106 3060 coaevus
3138 3005 3458 3076 generatim
3485 3008 3608 3059 tan-

1961 3101 2087 3152 tum
2122 3094 2408 3163 meminit,
2463 3095 2763 3164 speciatim
2816 3095 3215 3166 designentur,
3256 3094 3400 3150 nihil
3447 3093 3602 3149 aliud

1964 3186 2203 3257 requiri,
2227 3185 2341 3240 nisi
2369 3188 2432 3239 ut
2463 3183 2575 3240 illa)
2606 3185 2678 3238 ab
2701 3185 2933 3256 integrae
2976 3190 3260 3258 certaeque
3291 3187 3424 3242 fidei
3459 3188 3607 3244 scri-

1885 3279 1928 3347 C
1969 3273 2251 3346 ptoribus,
2284 3273 2473 3345 iisque
2501 3291 2614 3330 non
2649 3274 2726 3330 ita
2759 3274 2830 3329 ab
2855 3275 3011 3330 iilius
3038 3281 3204 3330 aetate
3235 3278 3472 3334 remotis
3505 3295 3606 3335 no-

1965 3365 2228 3420 minatim
2262 3364 2612 3420 iudicentur.
2652 3365 2815 3435 Atqui
2843 3381 2988 3437 quas
3012 3364 3361 3437 Polycarpus
3398 3367 3608 3439 Ignatii

1965 3453 2243 3526 epistolas
2265 3455 2590 3525 generatim
2612 3455 2899 3524 designat,
2924 3471 3000 3509 eae
3025 3456 3330 3526 speciatim
3355 3461 3410 3512 et
3427 3458 3606 3513 nomi-

1966 3545 2168 3611 natim,
2204 3549 2268 3599 ut
2299 3545 2555 3599 fatentur
2584 3543 2921 3610 adversarii,
2954 3543 3026 3597 ab
3057 3545 3302 3600 Eusebio
3355 3545 3608 3618 aliisque

1963 3633 2200 3704 integrae
2252 3637 2538 3704 certaeque
2588 3632 2719 3686 fidei
2773 3632 3156 3703 scriptoribus
3205 3634 3604 3703 designantur.

1963 3723 2354 3793 Deniquejam
2380 3739 2413 3778 a
2432 3722 2619 3790 nobis,
2643 3721 2722 3776 uti
2747 3726 3046 3792 putamus,
3067 3720 3219 3776 clare
3241 3723 3604 3778 demonstra-

1965 3817 2087 3868 tum
2117 3816 2206 3866 est
2233 3809 2522 3880 Ignatiuu‘.
2559 3826 2670 3864 non
2705 3808 2848 3864 alias
2884 3809 2956 3864 ab
2984 3808 3076 3876 iis,
3112 3810 3180 3864 de
3208 3809 3421 3880 quibus
3454 3828 3610 3868 nunc

1964 3901 2430 3964 controvertitur,
2473 3915 2742 3953 exarasse
2782 3898 3073 3969 epislolas.
3126 3897 3237 3953 Illae
3285 3897 3462 3969 igitur
3506 3917 3609 3956 eaa-

1963 3993 2093 4047 dem
2128 3995 2264 4044 sunt
2295 4005 2438 4060 quas
2470 3988 2824 4058 Polycarpus
2855 3987 3142 4058 designat.

2036 4153 2211 4226 Urget
2245 4156 2436 4207 tamen
2471 4149 2722 4206 Dallaaus
2755 4149 2812 4202 in
2845 4147 2936 4203 his
2969 4146 3235 4219 epistolis
3284 4148 3518 4220 reperiri
3552 4153 3609 4206 et

1965 4244 2123 4317 σιγήν
2153 4241 2719 4305 Valentinianorum,
2773 4238 3003 4310 aliaque
3033 4254 3210 4310 quam
3243 4238 3391 4295 bene
3424 4239 3608 4296 multa

1966 4334 2162 4390 minus
2190 4331 2528 4396 orthodoxa,
2561 4347 2684 4402 qua:
2730 4329 2800 4384 ab
2845 4329 3065 4399 Ignatio
3107 4345 3397 4401 nusquam
3441 4329 3616 4386 scribi

1967 4426 2304 4495 potuerunt.
2331 4421 2437 4476 Sed
2470 4417 2778 4475 Eusebium
2799 4418 3061 4489 aliosque
3079 4419 3455 4475 doctissimos
3470 4421 3619 4475 scri-

1968 4517 2162 4584 ptores
2195 4511 2318 4581 qui,
2344 4514 2486 4564 teste
2519 4507 2720 4563 Dallaro
2746 4507 2895 4577 ipso,
2928 4506 3034 4562 has
3066 4505 3344 4578 epistolas
3389 4507 3616 4576 Ignatio

1969 4600 2334 4670 adjudicant,
2362 4597 2508 4653 nihil
2542 4598 2598 4652 in
2630 4597 2714 4652 eis
2746 4596 2831 4651 vel
2863 4595 3054 4650 minus
3085 4595 3496 4663 orthodoxum,
3529 4595 3616 4650 vel

1973 4692 2171 4746 minus
2205 4689 2429 4760 Ignatio
2461 4687 2704 4758 dignum
2727 4685 2938 4756 legisse
2969 4684 3361 4739 certissimum
3397 4688 3504 4739 est.
3550 4685 3622 4738 At

1975 4787 2124 4834 certe
2155 4777 2286 4832 illos
2317 4792 2582 4846 quasnam
2617 4775 2920 4846 Ignatiana
2942 4772 3204 4828 doctrina
3234 4789 3362 4828 esse
3393 4772 3618 4827 debue-

1976 4868 2071 4933 rit,
2103 4866 2426 4937 ignorasse,
2457 4863 2673 4931 nullus,
2708 4880 2779 4919 ne
2829 4862 3078 4918 Dallaeus
3119 4861 3380 4932 quidem,
3431 4860 3621 4917 dicere

1978 4957 2204 5012 audeat.
2235 4953 2450 5010 Deinde
2475 4952 2617 5006 nihil
2643 4956 2843 5008 contra
2866 4949 3076 5023 Ignatii
3095 4951 3420 5007 doctrinam
3447 4950 3502 5004 in
3529 4949 3622 5005 hi

1977 5045 2240 5118 epistolis
2271 5058 2596 5113 occurrere,
2629 5041 2778 5097 intra
2809 5058 2916 5098 suo
2947 5040 3094 5112 loco,
3132 5058 3202 5096 ne
3241 5041 3438 5095 omnia
3490 5054 3622 5093 cum

1977 5135 2190 5193 Dallaeo
2209 5135 2655 5198 confundamus,
2689 5132 3011 5190 clarissime
3043 5131 3331 5188 ostensuri
3360 5146 3585 5187 sumus.

2054 5225 2502 5296 Instatdenique
2526 5222 2792 5289 Dallaeus,
2819 5223 3017 5294 sicque
3045 5222 3313 5294 arguit:«
3333 5223 3447 5274 Hoc
3472 5223 3626 5274 certe

1981 5316 2282 5389 Polycarpi
2314 5313 2646 5370 testimonio
2680 5313 2862 5368 Latini
2895 5329 2996 5382 pro
3029 5329 3126 5368 sex
3159 5309 3276 5366 illis
3307 5308 3626 5380 Ignatianis

1983 5405 2269 5477 epistolis,
2303 5421 2450 5475 quas
2476 5408 2677 5475 preter
2704 5401 3076 5458 Usscrianam
3111 5399 3512 5454 collectionem
3543 5413 3630 5453 as-

1981 5498 2206 5560 serunt,
2240 5510 2355 5548 non
2379 5493 2578 5547 minus
2601 5491 2860 5561 speciose
2883 5494 3150 5551 utuntur,
3177 5503 3351 5559 quam
3378 5502 3479 5558 pro
3506 5485 3633 5542 suis

1983 5601 2079 5640 sex
2112 5581 2319 5654 primis
2366 5578 2883 5636 reverendissimus
2936 5577 3208 5634 Usserius
3263 5581 3319 5632 et
3362 5575 3634 5633 doctissi-

1984 5689 2112 5729 mus
2158 5669 2520 5726 Hamondus.
2552 5687 2578 5719 ιι
2624 5667 2706 5722 Ex
2746 5667 2961 5739 quibus
3011 5667 3095 5723 sic
3143 5665 3244 5721 ille
3295 5664 3631 5723 concludit:

1982 5787 2012 5817 ι(
2042 5759 2393 5835 Seponenda
2412 5774 2549 5832 ergo
2580 5757 2794 5832 pariter
2823 5760 2914 5815 est
2952 5756 3018 5816 in
3056 5756 3331 5816 universa
3359 5754 3432 5813 de
3458 5755 3631 5828 Igna-
