4062 6206
371 389 489 451 483
1440 379 1502 438 S.
1550 375 1947 438 IGNA'I‘IUS.
1998 404 2074 423 -
2116 373 2716 435 PROLEGOMENA.
3669 378 3792 437 484

374 523 550 582 tianis
583 537 758 576 causa
777 517 957 588 hujus
990 515 1305 572 testimonii
1338 511 1674 569 auctoritas.
1711 532 1738 560 ››
1787 509 2014 564 Scilicet
2043 509 2097 575 Α
2130 507 2368 578 quidem
2399 524 2554 574 voce,
2589 507 2751 563 addit
2782 505 3054 572 Dalleeus,
3090 505 3358 562 consulto
3381 506 3504 578 ipse
3528 512 3793 563 lreaaeus

373 630 506 668 cum
546 608 787 664 Dallaeus
831 604 1122 677 Polycarpi
1155 603 1582 671 auctoritatem,
1628 617 1742 672 qua
1800 597 2013 669 premi-
2129 611 2268 651 usus
2290 605 2376 651 est
2404 613 2418 663 ;
2449 601 2512 650 ut
2536 595 2630 650 illa
2658 595 2866 668 Ignatii
2889 595 3088 662 verba,
3124 611 3239 650 non
3263 611 3331 650 ex
3373 595 3500 664 ejus
3524 595 3790 666 scriptis,

370 707 489 766 tur,
521 699 742 755 elevare
769 713 881 752 non
913 699 1130 766 posset,
1165 710 1292 748 eam
1325 691 1533 748 saltem
1583 688 1706 744 vult
1763 703 1891 744 esse
1918 701 2014 742 se-
2125 687 2224 742 sed
2259 701 2323 741 ex
2355 685 2603 741 dicentis
2633 684 2820 756 ipsius
2839 701 2936 741 ore
2953 689 3192 757 excepta
3240 684 3422 740 fuisse
3473 685 3785 742 indicaret.

371 790 725 862 ponendam.
758 787 972 841 Verum
1007 785 1233 855 integra
1265 787 1320 837 et
1349 781 1566 837 invicta
1609 794 1842 850 semper
1897 793 2015 831 ma-
2127 774 2339 830 Mirum
2371 790 2512 830 sane
2543 778 2764 845 quanta
2794 791 2924 831 esse
2953 773 3223 830 debuerit
3245 773 3555 830 oscitantia
3603 778 3790 830 Euse-

367 881 548 947 nebit,
575 893 878 950 nunquam
942 874 1274 947 seponenda
1334 873 1475 928 tanti
1532 870 1637 926 viri
1679 866 2012 924 testificatio
2125 863 2227 930 bii,
2263 864 2361 935 qui
2387 865 2627 920 verbum
2661 864 2828 931 dixit,
2862 865 3013 920 idem
3047 880 3113 918 ac
3137 865 3384 935 scripsit,
3445 863 3787 936 significare

365 969 742 1040 sempiterna.
769 967 1050 1022 Caeterum
1085 964 1134 1019 si
1193 963 1288 1035 qui
1338 963 1498 1016 illam
1547 961 1617 1016 ad
1652 956 2012 1014 adulterinas
2124 952 2269 1008 falso
2306 954 2609 1024 putaverit.
2645 954 2756 1009 Sed
2786 969 3058 1009 veremur
3089 969 3160 1009 ne
3191 952 3465 1017 Dallaeus,
3499 953 3601 1024 qui
3649 953 3779 1009 haec

364 1059 572 1133 lgnatii
606 1057 896 1129 epistolas
917 1055 1262 1111 asserendas
1295 1053 1632 1119 adhibeant,
1665 1049 1795 1105 illos
1811 1045 2010 1119 procul
2123 1043 2590 1133 postParkerum
2621 1049 2825 1133 contra
2857 1043 3170 1100 Eusebium
3206 1049 3396 1133 urget,
3421 1043 3545 1114 ipse
3565 1043 3769 1133 potius

366 1130 547 1204 d'ubio
579 1153 637 1203 et
667 1163 734 1203 ea
767 1147 896 1217 ipsa
925 1145 1111 1210 abuti,
1165 1149 1220 1199 et
1271 1142 1439 1214 longe
1495 1157 1688 1198 errare
1728 1139 1880 1194 infra
1909 1138 2012 1193 de—
2122 1130 2369 1188 inscitiae
2388 1131 2478 1188 vel
2521 1132 2756 1188 malitiae
2785 1133 3153 1188 accusandus
3195 1133 3290 1189 sit.
3325 1132 3483 1196 Quod
3528 1132 3770 1204 quidem

366 1237 850 1294 monstrabimus.
885 1235 1068 1298 Quem
1101 1238 1296 1290 tamen
1330 1247 1584 1288 errorem
1645 1230 1738 1298 iis,
1795 1227 2011 1300 quibus
2121 1220 2234 1278 etsi
2265 1221 2590 1280 innumeris
2622 1222 2975 1294 scriptorum
3029 1221 3384 1280 testimoniis
3444 1222 3610 1278 facile
3635 1239 3778 1279 con-

369 1325 583 1382 Usserii
607 1330 662 1381 et
717 1325 904 1380 Vossii
976 1339 1080 1379 nec
1141 1321 1574 1393 manuscriptos
1633 1319 1858 1375 codices
1903 1332 2010 1373 nec
2121 1312 2342 1368 ﬁrmari
2375 1317 2550 1384 queat
2583 1330 2740 1382 ;una
2767 1317 2958 1369 tamen
2991 1329 3118 1384 quae
3169 1311 3377 1368 Dallaao
3424 1313 3613 1368 instar
3655 1330 3782 1370 om-

363 1417 647 1471 editiones
677 1415 875 1473 videre
906 1413 1091 1482 licuit,
1117 1412 1494 1469 ostendemus
1525 1410 1720 1480 aliqua
1749 1426 1816 1466 ex
1847 1412 2009 1480 parte
2121 1401 2280 1458 nium
2313 1419 2442 1459 esse
2473 1403 2665 1471 debet,
2697 1418 2907 1475 nempe
2947 1401 3147 1458 Irenaei
3199 1402 3389 1475 ipsius
3452 1402 3778 1458 auctoritas

357 1521 487 1562 esse
517 1505 990 1562 condouandum.

2119 1492 2188 1546 ad
2221 1491 2281 1548 id
2303 1492 2671 1564 probandum
2703 1492 2830 1548 sola
2873 1492 3144 1549 sufﬁciet.
3208 1491 3309 1548 Ille
3366 1491 3522 1549 enim
3574 1509 3712 1564 quae
3742 1509 3776 1549 a

2116 1582 2350 1638 Justino
2381 1599 2496 1639 non
2545 1583 2940 1653 pronuntiata,
3001 1583 3104 1638 sed
3160 1582 3382 1656 scripta
3433 1587 3622 1654 erant,
3675 1581 3775 1639 his

998 1644 1232 1702 CAPUT
1282 1643 1349 1697 ν·
2116 1672 2310 1728 verbis
2339 1643 2612 1729 laudasse
2645 1671 2899 1744 legitur:
2929 1643 2963 1723 ’‹‹
2997 1672 3065 1727 Et
3098 1671 3242 1728 bene
3276 1643 3544 1728 :Iustinus
3603 1643 3662 1728 in
3697 1687 3769 1729 eo

361 1788 755 1829 ARGUMENTUM
783 1787 1028 1826 TERTIUM
1060 1788 1130 1825 ax
1178 1787 1387 1826 meum
1444 1783 1844 1835 AUCTORITATE,
1879 1781 2009 1828 Quae
2114 1760 2264 1817 libro
2296 1763 2392 1834 qui
2453 1767 2542 1818 est
2597 1762 2668 1817 ad
2730 1762 3077 1819 Marcionem
3131 1762 3249 1818 ait:
3304 1762 3590 1828 Quoniam
3651 1761 3771 1834 ipsi

467 1863 538 1900 AB
571 1860 1041 1900 ADVERSARIORUM
1070 1858 1507 1898 EXCEPTIONIBUS
1537 1856 1896 1906 VINDICATUR,
2035 1893 2081 1925 η
2117 1867 2345 1925 quoque
2363 1851 2606 1908 Domino
2639 1868 2753 1908 non
2815 1851 3178 1924 credidisset,
3209 1872 3240 1902 »
3299 1855 3408 1907 etc.
3441 1851 3510 1906 Et
3551 1849 3670 1907 alio
3705 1850 3767 1906 in

1003 1893 1041 1898 _
1071 1893 1230 1897 __-_-
1255 1893 1504 1898 --η--π
1552 1893 1789 1897 ηη-νμ
1812 1893 1855 1895 η
1881 1893 1895 1906 ,
2117 1893 2341 1925 .,...,.,....
2363 1893 2605 1908 υνμημυ
2641 1893 2753 1908 ..νη
2816 1893 3178 1924 “summa”,
3209 1893 3236 1902 ..
3299 1893 3408 1907 νη.
3441 1893 3510 1906 υ..
3551 1893 3669 1907 ..ην
3705 1893 3764 1906 ...

990 1931 1362 1971 θεπΜΡΤυΜ·
2035 1893 2083 1957 Β
2113 1941 2240 1998 loco
2271 1939 2320 1975 ⁸⁴
2352 1957 2366 1996 :
2401 1964 2428 1992 «
2464 1945 2614 1998 Bene
2638 1941 2914 1997 Justinus
2949 1940 3111 2004 dixit,
3146 1940 3426 2014 quoniam
3480 1944 3614 1995 ante
3655 1945 3764 1996 Do-

621 2064 648 2129 §
678 2063 718 2120 Ι.
752 2061 1141 2117 Testimonium
1175 2060 1374 2116 [reum-
1399 2059 1744 2131 ρνοροηίιυν,
2114 2029 2254 2130 mini
2288 2030 2622 2132 adventum,
2659 2052 2688 2080 »
2737 2035 2846 2087 etc.
2908 2034 3123 2086 Verum
3162 2029 3525 2132 ‘auctoritale
3556 2027 3764 2085 Irenaai

2112 2118 2321 2190 ipsius,
2347 2120 2395 2176 si
2419 2119 2556 2191 quid
2589 2119 2649 2174 in
2708 2136 2813 2175 sua
2871 2136 3048 2175 causa
3088 2118 3340 2175 validius
3371 2119 3764 2186 desideretur,

432 2204 861 2262 UltimaDttllaei
894 2212 1094 2260 contra
1121 2202 1418 2276 Polycarpi
1450 2201 1848 2258 testimonium
1901 2196 2006 2253 ob-
2113 2207 2434 2279 ipsummet
2465 2207 2745 2264 Danaum
2777 2214 2980 2265 contra
3046 2209 3306 2281 seipsum
3366 2213 3579 2264 testem
3627 2225 3760 2280 ριιο-

351 2295 735 2366 jectio,quam
765 2295 1214 2350 validisssimam
1239 2293 1362 2363 ipse
1386 2291 1656 2364 appellat,
1690 2295 1780 2346 est
1818 2286 2007 2344 lrenaei
2113 2298 2416 2354 ducemus,
2450 2298 2565 2356 Nec
2597 2303 2748 2354 certe
2776 2298 2868 2354 vel
2901 2299 3021 2367 diu,
3072 2300 3158 2354 vel
3199 2298 3401 2368 procul
3463 2297 3562 2354 ῑιιο
3604 2315 3762 2370 qua-

362 2384 463 2455 qui
487 2385 743 2453 ejusdem
780 2383 1076 2454 Polycarpi
1105 2381 1429 2453 discipulus
1474 2382 1598 2451 fuit,
1638 2396 1872 2436 summa
1904 2393 2005 2433 811-
2113 2389 2330 2443 rendus
2359 2393 2449 2444 est,
2478 2398 2531 2444 et
2581 2389 2992 2457 accersendus,
3044 2389 3142 2460 qui
3198 2405 3264 2444 eo
3297 2388 3425 2460 ipso
3475 2388 3627 2456 loco,
3663 2389 3766 2444 ubi

365 2474 630 2529 ctoritas.
668 2472 760 2528 Sic
783 2481 975 2527 autem
1008 2471 1164 2527 illam
1196 2472 1582 2541 Dallaeusipse
1611 2469 1882 2542 proponit
1910 2466 1958 2501 ‘59
1991 2483 2004 2523 :
2113 2477 2220 2532 hac
2253 2478 2323 2533 de
2348 2493 2408 2533 re
2437 2477 2719 2549 disputat,
2781 2478 2865 2533 sic
2923 2495 2989 2533 ea
3047 2493 3177 2549 qua»,
3235 2477 3304 2531 ab
3355 2477 3661 2533 Hamondo
3696 2478 3768 2534 de

360 2563 653 2633 Nusquam
675 2562 952 2634 epistolas
977 2584 1004 2612 «
1029 2579 1176 2632 quas
1207 2578 1360 2616 nunc
1380 2561 1686 2627 habemus,
1721 2559 1874 2631 apud
1900 2562 2004 2613 Ρο-
2113 2583 2227 2622 non
2261 2566 2438 2637 dicta,
2472 2567 2572 2622 sed
2602 2567 2820 2638 scripta
2849 2572 3033 2634 erant,
3067 2567 3241 2622 refert
3277 2582 3290 2620 :
3327 2589 3354 2617 «
3387 2567 3531 2631 Quid
3563 2573 3768 2624 contra

362 2658 668 2724 charpum
691 2653 957 2718 fuisse,et
981 2652 1052 2706 ab
1077 2669 1141 2708 eo
1165 2651 1220 2705 in
1249 2668 1428 2706 unum
1450 2649 1744 2718 collectas,
1776 2649 1845 2704 ad
1870 2647 2005 2704 Phi-
2113 2657 2262 2712 hanc
2294 2655 2510 2712 claram
2543 2673 2610 2712 ac
2660 2656 2936 2712 invictam
2992 2657 3544 2712 demonstrationem
3595 2657 3769 2712 ail‘ert

358 2742 655 2814 lippenses
688 2741 902 2798 missas
936 2741 1139 2809 fuisse,
1173 2746 1230 2796 et
1281 2741 1481 2796 multis
1507 2739 1658 2807 aliis,
1689 2743 1746 2794 et
1776 2738 1884 2794 hoc
1916 2754 2010 2809 po-
2113 2745 2491 2802 doctissimus
2518 2746 2855 2802 llamondus
2891 2763 2904 2800 :
2960 2747 3231 2813 Irenmus,
3292 2745 3498 2816 inquit,
3550 2746 3767 2817 Ignatii

360 2831 657 2886 tissimum
687 2829 1045 2886 validissime
1070 2829 1638 2902 probavimus,quod
1665 2829 1872 2884 Irenaeo
1906 2828 2005 2883 Po~
2114 2835 2284 2891 dictis
2343 2853 2408 2891 ex
2447 2835 2692 2908 epistola
2742 2835 2815 2891 ad
2875 2835 3188 2903 Romanos,
3247 2838 3355 2890 etc.
3394 2856 3423 2884 ››
3454 2834 3517 2888 Et
3563 2834 3764 2890 adhuc

363 2921 581 2992 lycarpi
631 2920 916 2991 discipulo
965 2929 1017 2976 et
1069 2919 1406 2976 admiratori
1465 2918 1771 2991 singulari,
1840 2918 2009 2990 plane
2115 2924 2377 2996 propius,
2439 2925 2540 2980 ubi
2591 2925 2899 2997 ipsiusmet
2957 2924 3155 2980 Irenaai
3199 2923 3389 2980 locum
3425 2922 3639 2992 citavit,
3674 2925 3766 2978 sic

365 3012 718 3082 penitusque
738 3011 947 3082 ignota:
973 3011 1241 3066 fuerint.»
1273 3011 1356 3064 Ad
1383 3009 1840 3065 examinandum
1873 3025 2008 3079 ergo
2117 3014 2380 3087 loquitur
2411 3032 2424 3070 :
2461 3036 2488 3064 «
2521 3014 2669 3080 Quid
2703 3015 2858 3070 enim
2887 3030 3084 3085 quaeso
3143 3012 3317 3068 habet
3371 3029 3438 3068 eo
3479 3012 3604 3068 loco
3649 3013 3767 3070 lre-

369 3100 570 3154 Irenaei
603 3100 1029 3168 testimonium,
1064 3099 1536 3171 quandoquidem
1595 3099 1665 3153 ad
1725 3096 1869 3153 illud
1905 3113 2010 3153 nos
2117 3122 2280 3161 mnus
2309 3105 2617 3176 :Quidam,
2650 3104 2860 3176 inquit,
2890 3109 3226 3160 nostrorum
3257 3103 3402 3159 dixit,
3434 3120 3446 3158 ;
3484 3104 3771 3160 Fulmen.

371 3199 640 3262 provocat
673 3188 1355 3255 Dallaausdubentissime
1402 3187 1756 3245 accedimus.
1804 3188 1871 3242 Et
1904 3187 2014 3258 pri-
2061 3261 2083 3265 Α
2117 3197 2242 3250 tum
2274 3195 2396 3263 Dei,
2423 3217 2451 3244 »
2483 3199 2593 3251 etc.
2623 3195 2769 3261 Quid
2802 3210 2939 3265 ergo
2971 3193 3220 3249 ?Nonne
3259 3193 3499 3249 verbum
3560 3195 3770 3265 inquit,

373 3261 537 3334 mum
562 3280 795 3351 quidem
822 3279 1108 3334 miramur
1131 3296 1245 3351 qua
1269 3277 1884 3334 Dallmusconﬁdentia
1916 3294 2012 3332 au-
2044 3261 2088 3325 C
2121 3283 2275 3340 idem
2307 3261 2478 3339 sonat
2507 3300 2572 3340 ac
2601 3283 2792 3338 dixit?
2828 3261 3075 3339 Danaus
3104 3290 3302 3339 tamen
3351 3282 3477 3354 ipse
3533 3261 3647 3337 ubi
3684 3261 3769 3351 id,

370 3386 472 3424 sus
497 3370 893 3424 sital’ﬁrmare
925 3367 1198 3440 epistolas
1220 3368 1450 3440 lgnatii,
1481 3384 1627 3439 quas
1651 3383 1805 3422 nunc
1835 3365 2010 3422 habe-
2125 3374 2278 3445 quod
2337 3373 2412 3428 ab
2460 3373 2764 3428 Hamondo
2818 3376 2876 3428 et
2936 3373 3152 3428 Irenaeo
3213 3371 3442 3444 scriptis
3489 3372 3770 3428 traditum

373 3459 745 3527 mus,lreneeo
770 3458 938 3530 plane
960 3457 1557 3530 penitusqueignotas
1581 3457 1779 3512 fuisse.
1813 3456 2014 3512 Nonne
2121 3467 2262 3532 erat,
2292 3461 2556 3534 protulit,
2589 3479 2704 3517 non
2736 3462 2908 3517 verbo
2939 3463 3180 3534 scripsit,
3212 3463 3310 3518 sed
3374 3461 3575 3532 inquit,
3611 3461 3770 3533 quod

369 3547 523 3604 enim
558 3548 998 3620 haecipsissima
1017 3549 1381 3604 suntlrenaai
1430 3546 1601 3603 verba
1621 3549 1702 3602 5°:
1735 3567 1762 3600 ι
1796 3546 2008 3610 Quem-
2119 3553 2274 3608 idem
2307 3556 2395 3607 est
2419 3567 2486 3606 ac
2515 3551 2682 3618 dixit,
2724 3567 2865 3607 usus
2897 3556 3004 3607 est.

369 3639 683 3694 admodum
721 3640 955 3710 quidam
989 3640 1057 3694 de
1081 3638 1297 3695 nostris
1329 3638 1494 3708 dixit,
1529 3641 1761 3709 propter
1793 3641 2010 3710 marty-
2191 3641 2471 3696 Defensor
2510 3639 2728 3712 Dallzei,
2757 3641 2825 3696 ad
2860 3641 2910 3696 ei
2952 3641 3052 3712 qui
3075 3657 3181 3696 suo
3214 3657 3276 3696 se
3305 3639 3430 3711 ipse
3455 3639 3768 3711 gladioju-

367 3731 522 3787 rium
554 3731 612 3787 in
647 3735 827 3787 Deum
860 3731 1235 3802 adjudicatus
1291 3731 1362 3785 ad
1422 3731 1672 3787 bestias:
1723 3728 2006 3793 Quoniam
2118 3731 2435 3804 gulaverat,
2469 3729 2766 3786 ferendam
2795 3747 2964 3802 opem
3025 3729 3299 3799 accurrit,
3359 3730 3460 3785 sed
3515 3728 3764 3786 tardius.

366 3822 726 3878 frumentum
757 3838 888 3877 sum
917 3820 1153 3892 Christi,
1185 3826 1242 3877 et
1274 3837 1376 3892 per
1423 3821 1629 3876 dentes
1689 3819 2008 3875 bestiarum
2115 3819 2207 3876 Sic
2237 3826 2429 3874 autem
2485 3817 2584 3875 ille
2611 3817 2706 3874 65:
2769 3840 2798 3869 ‹‹
2854 3820 3072 3874 Demus
3130 3819 3392 3886 verbum,
3437 3817 3604 3887 dixit,
3647 3834 3769 3889 quo

367 3911 570 3978 molar,
606 3917 668 3967 ut
701 3913 960 3967 mundus
1021 3911 1190 3983 panis
1250 3909 1556 3966 inveniar?
1611 3932 1639 3960 »
1670 3911 1761 3974 At,
1795 3909 2010 3964 fatente
2117 3908 2298 3964 utitur
2331 3909 2600 3975 Irenaeus,
2627 3912 2684 3964 et
2703 3925 2832 3980 qua;
2881 3925 3038 3977 voce,
3071 3916 3128 3964 et
3185 3925 3313 3979 qua:
3364 3907 3585 3979 scripto
3607 3908 3768 3964 edita

361 3999 591 4070 Dallzso,
625 4006 847 4058 certum
880 4006 971 4056 est
1003 4001 1290 4072 lgnatium
1326 4009 1588 4056 nostrum
1625 3999 1718 4055 hic
1761 3999 1832 4054 ab
1889 3999 2008 4052 Ire-
2115 4003 2274 4066 sunt,
2309 3997 2705 4053 indifferenter
2761 3999 3039 4054 denotare
3093 4023 3106 4066 ;
3159 4014 3276 4053 non
3334 3998 3524 4068 magis
3578 3996 3767 4066 illius,

363 4108 484 4146 naeo
507 4090 778 4146 laudari:
845 4112 872 4139 ί(
935 4091 1052 4161 Ego
1112 4107 1263 4157 vero,
1324 4089 1405 4144 ait
1464 4087 1718 4144 Dallaeus
1746 4086 1813 4156 δί,
1850 4088 2007 4142 hunc
2116 4088 2408 4156 Pearsoni,
2471 4103 2710 4143 causam
2760 4087 2988 4158 juvabit
3041 4088 3242 4143 lrenaei
3276 4086 3535 4142 narratio
3582 4103 3768 4158 quam

363 4180 530 4249 cujus
552 4179 723 4234 verba
792 4179 1021 4244 recitat,
1071 4179 1362 4250 lgnatium
1405 4193 1534 4232 esse
1565 4177 2006 4245 eonfiteor,hteo
2114 4183 2425 4246 nostram;
2474 4195 2538 4233 ac
2584 4177 2824 4247 proinde
2883 4176 3272 4233 omittendum
3334 4176 3441 4232 erit
3498 4177 3770 4233 testimo-

360 4268 534 4322 verba
559 4283 688 4322 vere
715 4267 916 4339 lgnatii
950 4283 1079 4322 esse
1111 4266 1382 4323 concedo.
1419 4289 1445 4316 »
1500 4265 1663 4322 Unde
1717 4283 1852 4336 ergo
1885 4267 2005 4320 Ire-
2113 4267 2274 4322 nium
2310 4283 2412 4338 pro
2443 4265 2704 4338 epistolis
2735 4267 3074 4338 Ignatianie,
3133 4283 3201 4321 ex
3259 4266 3368 4322 hac
3431 4264 3764 4322 narratione

363 4372 525 4412 naeus
575 4356 696 4410 haec
756 4355 967 4427 Ignatii
1022 4357 1196 4412 verba
1252 4355 1630 4426 desumpsit?
1683 4355 2004 4410 Audiamus
2111 4357 2506 4430 desumptum.
2542 4379 2570 4406 »
2601 4357 2785 4420 Quam
2842 4357 3077 4412 infirma
3135 4357 3214 4414 sit
3265 4355 3387 4412 haec
3423 4355 3616 4412 Dallaei
3658 4357 3760 4412 de-

360 4445 676 4503 Eusebium
709 4445 757 4480 ⁶²
791 4463 804 4500 :
839 4469 866 4495 ‹‹
901 4445 1088 4514 Hujus
1147 4463 1316 4516 porro
1377 4444 1607 4517 lgnatii,
1640 4444 1833 4515 inquit
1885 4443 2002 4516 ille,
2111 4447 2294 4503 fensio
2325 4447 2461 4502 inde
2501 4451 2677 4518 patet,
2713 4447 2866 4518 quod
2902 4445 3202 4513 Dallaeum,
3238 4446 3338 4518 qui
3383 4462 3662 4517 magnam
3699 4445 3761 4502 in

360 4541 419 4593 et
446 4536 790 4607 martyrium
842 4538 900 4590 et
946 4533 1224 4606 epistolas
1281 4539 1702 4592 commemorat
1753 4536 2004 4593 Irenmus
2111 4537 2282 4593 verbo
2313 4536 2469 4592 dixit
2499 4537 2615 4591 vim
2641 4536 2970 4607 argumenti
3002 4535 3094 4591 sui
3125 4535 3377 4608 positam
3419 4551 3547 4591 esse
3605 4535 3764 4592 exis-

358 4626 452 4681 his
482 4623 675 4680 verbis
709 4643 722 4680 :
757 4625 1261 4692 Quemadmodum
1285 4626 1550 4698 quidam,
1608 4630 1718 4682 etc.
1774 4649 1802 4677 »
1859 4629 2002 4693 Qua-
2030 4629 2076 4695 D
2108 4626 2375 4692 timabat,
2408 4625 2495 4680 vel
2538 4625 2946 4697 imprudentia:
2975 4625 3062 4680 vel
3113 4624 3349 4681 malitiae
3392 4625 3767 4681 condemnet.

363 4729 499 4770 nam
533 4716 724 4768 autem
749 4731 816 4770 ex
841 4713 1086 4786 epistola
1143 4713 1264 4770 haec
1321 4713 1418 4771 ille
1466 4713 1854 4787 transcripsit,
1888 4715 2003 4772 nisi
2114 4715 2327 4772 Deinde
2358 4730 2560 4772 vocem
2590 4715 2734 4771 dixit
2767 4714 2924 4787 apud
2955 4716 3235 4771 Irenaeum
3268 4715 3337 4770 ad
3374 4715 3550 4770 verba
3589 4714 3767 4786 Igna-

360 4819 431 4859 ex
460 4801 666 4872 Ignatii
702 4803 886 4860 nostri
919 4804 989 4859 ad
1024 4803 1316 4861 Romanos
1344 4805 1608 4877 epistola,
1644 4805 1741 4861 ubi
1800 4804 2000 4862 isthazc
2111 4805 2202 4874 tii,
2244 4821 2357 4860 non
2391 4804 2632 4876 prolata,
2667 4805 2767 4861 sed
2801 4805 3018 4876 scripta
3048 4804 3438 4876 signiﬁcanda
3495 4802 3768 4875 usurpari

360 4891 601 4948 totidem
629 4893 819 4950 verbis
853 4893 1226 4965 reperiuntur
1254 4895 1282 4950 ‘2
2113 4895 2360 4968 probant
2390 4911 2524 4950 cum
2557 4893 2793 4950 Eusebii
2835 4911 3014 4966 supra
3071 4893 3372 4950 memorati
3419 4892 3764 4962 auctoritas,

2111 4985 2427 5041 tumetiam
2460 4982 2596 5056 quia
2627 4983 2750 5039 haec
2781 4984 2983 5039 eadem
3014 4983 3220 5054 Ignatii
3277 4981 3456 5038 verba
3500 4983 3559 5037 in
3604 4981 3762 5051 epis-

2111 5071 2230 5129 tola
2260 5072 2332 5127 ad
2367 5071 2658 5127 Romanos
2687 5070 2905 5142 scripta
2933 5075 3093 5142 sunt,
3126 5085 3314 5142 neque
3337 5085 3586 5141 usquam
3621 5067 3766 5124 alibi

429 5149 574 5212 Quid
600 5148 670 5204 ad
698 5147 817 5204 haec
840 5147 1088 5206 Dallaaus
1109 5149 1463 5208 ‘IEusebium
1507 5153 1718 5208 falsum
1756 5170 1884 5211 esse
1915 5156 2001 5212 at-
2111 5162 2210 5219 ille
2241 5179 2308 5218 ea
2337 5159 2652 5232 protulisse
2675 5163 2966 5217 narratur.

361 5239 572 5296 ﬁrmat.
607 5261 636 5290 ››
661 5239 819 5304 Quod
845 5237 1011 5305 falso,
1043 5239 1231 5310 inquit
1269 5239 1338 5310 63,
1372 5243 1593 5312 putavit
1627 5244 1934 5303 Eusebius.
1971 5270 1998 5297 »
2181 5253 2254 5308 At
2285 5251 2539 5307 Irenteus
2563 5249 3053 5321 illam,inquiunt,
3087 5249 3292 5322 Ignatii
3317 5248 3663 5306 sententiam
3695 5265 3768 5306 ex

359 5332 481 5396 Qua
511 5347 643 5386 vero
667 5334 840 5404 putas
871 5329 1094 5386 ratione
1114 5331 1459 5399 Eusebium,
1483 5331 2000 5405 diligentissimum
2112 5341 2238 5412 ejus
2261 5340 2524 5412 martyrii
2547 5341 2854 5413 Actis,qu:e
2873 5357 2983 5396 suo
3005 5339 3572 5396 circumferebantur
3605 5343 3762 5396 tem-

358 5419 732 5492 scriptorem,
761 5419 975 5476 erroris
1007 5419 1370 5477 insimulat?
1415 5421 1561 5486 Quia
1615 5425 1886 5495 Irenaaus,
1919 5428 2002 5484 uti
2114 5446 2270 5503 pore,
2305 5429 2692 5486 transcribere
2743 5429 2953 5500 potuit.
3016 5430 3288 5486 Fatemur
3335 5429 3572 5502 quidem
3607 5428 3764 5487 hanc

356 5507 451 5566 ille
483 5509 582 5578 ait,
616 5525 732 5566 non
757 5526 901 5566 usus
932 5513 1021 5566 est
1049 5526 1184 5566 voce
1221 5513 1460 5584 scripsit,
1519 5515 1620 5570 sed
1674 5515 1842 5572 dixit.
1878 5520 2004 5586 Qua
2113 5520 2463 5577 sententiam
2486 5519 2692 5592 lgnatii
2713 5520 2772 5575 in
2794 5519 2922 5591 ejus
2950 5521 3214 5590 martyrii
3237 5519 3398 5576 Actis
3436 5534 3767 5590 occurrere,

426 5625 627 5712 "'cap.
661 5627 751 5694 32,
785 5645 840 5698 p.
1064 5629 1150 5712 “5°
1179 5629 1278 5687 lib.
1304 5648 1372 5712 ⁸ν,
1403 5632 1624 5712 Αᾰ-υςτε.
1653 5641 1874 5712 tigres”
1906 5638 2149 5712 cap._28,
2183 5654 2286 5712 seu
2318 5636 2474 5694 circa
2501 5637 2601 5693 fin.
2649 5710 2666 5712 _
2691 5636 2748 5712 4“
2779 5636 2929 5712 Dall.
2963 5654 3095 5712 cap.
3113 5638 3204 5704 28,
3238 5655 3295 5711 p.
3348 5637 3471 5698 434.
3575 5637 3624 5673 ⁸³
3658 5636 3768 5697 lib.

356 5713 445 5764 ιιι,
477 5697 704 5766 Πέδιον..
735 5697 866 5771 cap.
898 5701 987 5758 36.
1064 5700 1111 5736 ⁸³
1143 5718 1273 5774 cap.
1302 5697 1438 5775 3,p.
1470 5706 1595 5762 452.
1674 5706 1722 5742 ⁸⁴
1748 5697 1954 5769 Ιίὶ).ἰν.

2112 5697 2208 5770 ira.
2240 5710 2458 5782 harem,
2480 5726 2608 5783 cap.
2640 5710 2729 5767 34.
2806 5710 2850 5747 ⁸⁵
2875 5726 3010 5783 pag.
3034 5697 3135 5771 '77.

393 5018 421 5092 §
456 5020 522 5076 II.
555 5021 747 5076 Prima
776 5026 826 5076 et
855 5023 1096 5077 secunda
1137 5022 1332 5078 Βαιιωί
1371 5024 1613 5097 exceptio
1658 5025 1962 5097 refellitur.
