4062 6206
199 337 319 397 485

1168 339 1242 398 Ι).
1289 336 1623 400 NOURRII
1666 336 2208 401 DlSSERTA'l‘lO.
2258 373 2332 385 —-
2382 341 2583 401 PARS
2628 345 2675 403 Ι.

3509 353 3636 412 486

201 476 306 528 sed
333 474 390 527 in
421 471 586 528 Actis
617 471 911 544 corruptis
944 475 1002 528 et
1061 471 1447 544 interpolatis,
1507 491 1622 529 non
1667 479 1863 530 autem
1895 483 1950 542 Α
1981 474 2102 530 hac
2137 475 2278 530 talsa
2310 477 2450 548 sint,
2480 482 2537 532 et
2567 479 2638 533 ab
2671 477 2827 534 omni
2858 479 3088 551 penitus
3137 483 3399 540 veritatis
3443 489 3639 558 specie

198 563 260 616 in
295 562 448 616 veris
477 566 532 617 et
561 561 830 627 sinceris,
875 578 1006 634 quae
1061 563 1261 618 Latine
1320 563 1612 632 Usserius,
1672 567 1866 619 Graece

203 667 342 707 vero
376 657 579 708 noster
605 652 1004 709 Theodoricus
1064 653 1384 710 Ruinartus
1444 653 1664 726 publici
1713 653 1867 724 juris

201 741 497 798 fecerunt.
530 743 708 814 Atqui
739 743 787 799 si
821 743 1022 799 Irenaei
1056 747 1316 816 tempore
1373 745 1641 816 quaedam
1698 745 1868 814 lgna-

207 831 356 887 tiani
392 832 657 904 martyrii
685 836 834 890 Acta
864 832 1215 902 exstiterint,
1245 833 1368 890 haec
1397 838 1624 890 tantum
1667 838 1869 905 poste-

209 921 362 977 riora
394 921 692 978 exstitisse
725 937 896 979 nemo
929 939 1082 978 sane;
1137 922 1353 978 mentis
1414 921 1586 978 homo
1636 922 1869 977 dubita-

203 1011 372 1066 verit.

272 1100 398 1156 Huc
422 1101 497 1156 ad
531 1100 726 1156 Dallaii
760 1101 1096 1157 subsidium
1121 1119 1328 1159 rursus
1352 1102 1582 1158 advolat
1617 1102 1744 1173 ejus
1758 1103 1868 1158 de-

206 1191 427 1257 fensor,
463 1196 520 1246 et
553 1191 623 1246 ab
681 1191 1034 1264 Hieronymo
1085 1192 1354 1248 eamdem
1384 1191 1590 1264 Ignatii
1631 1195 1870 1248 senten-

202 1279 338 1335 tiam
372 1279 621 1336 citatam
644 1280 934 1337 observat.
976 1281 1148 1352 Atqui
1173 1304 1201 1332 ‹‹
1231 1281 1417 1338 satius
1440 1286 1548 1350 est,
1581 1279 1865 1353 inquit“,

205 1370 396 1426 dicere
421 1369 844 1443 Hieronymum
871 1371 929 1427 in
951 1372 1385 1445 antiquissimis
1405 1373 1666 1444 martyrii
1704 1371 1869 1427 Actis

209 1457 586 1530 legisse,quaa
609 1459 680 1514 de
703 1460 948 1530 lgnatio,
981 1461 1090 1516 etsi
1114 1461 1261 1517 forte
1283 1461 1540 1533 aliquam
1593 1462 1709 1532 iam
1763 1478 1871 1518 sua

214 1553 376 1604 etate
399 1549 789 1606 mutationem
824 1557 1062 1623 experta
1083 1559 1280 1608 essent
1302 1552 1401 1608 illa
1449 1556 1612 1620 Acta,
1645 1552 1868 1611 nullam

218 1643 406 1694 tamen
435 1639 695 1696 sensisse
718 1641 910 1710 istius,
944 1657 1056 1713 qua
1077 1642 1145 1697 de
1163 1641 1380 1715 agitur,
1411 1642 1870 1700 circumstantias

216 1737 484 1800 respectu
519 1745 624 1801 par
653 1733 742 1786 est
764 1731 1194 1799 credere;nam
1245 1747 1314 1787 ex
1354 1731 1482 1788 istis
1541 1733 1719 1799 Actis,
1779 1731 1868 1788 vel

222 1817 335 1875 alio
367 1820 618 1928 quoidam
641 1819 855 1922 scripto
879 1837 1041 1928 teque
1061 1826 1312 1888 vetusto,
1345 1823 1608 1928 quando.
1643 1823 1866 1894 lgnatio
1899 1841 1944 1906 Β
2051 1855 2225 1928 Urget
2257 1857 2468 1927 adhuc,

220 1915 438 1978 narrat,
469 1910 907 1982 deprompsisse
938 1910 1356 1981 Hieronymum
1417 1916 1506 1968 est
1555 1911 1865 1984 plusquam

215 1997 552 2055 verisimile.
586 2021 614 2048 »
643 1998 857 2055 Verum
893 1998 1138 2056 Dallasus
1171 2017 1200 2056 e
1250 2001 1540 2056 contrario
1591 2000 1868 2073 Hierony-

216 2104 371 2143 mum
397 2105 596 2160 neque
614 2105 683 2144 ex
710 2089 804 2146 his
829 2090 1012 2158 Actis,
1046 2107 1233 2162 neque
1253 2107 1322 2146 ex
1345 2089 1458 2146 alio
1493 2090 1729 2162 scripto.
1765 2090 1866 2147 sed

217 2193 276 2233 ex
298 2178 561 2235 Eusebio
579 2183 810 2236 tantum
840 2197 946 2236 sua
970 2181 1372 2252 desumpsisse
1400 2180 1867 2237 asserebat.Nam

217 2289 238 2318 ι
267 2267 530 2335 Eusebii,
563 2267 758 2340 inquit
793 2268 863 2340 ⁵⁷,
891 2287 1094 2327 omnes
1136 2270 1455 2342 judicium,
1479 2271 1868 2342 Hieronymus

213 2357 383 2413 etiam
416 2359 599 2414 verba
631 2365 869 2416 secutus
894 2365 1020 2428 est;
1050 2369 1113 2416 ut
1147 2360 1254 2416 hoc
1285 2377 1403 2417 non
1434 2364 1551 2416 tam
1613 2359 1866 2426 illorum,

210 2464 387 2518 quam
418 2447 602 2504 unius
622 2449 855 2504 Eusebii
880 2449 1284 2506 testimonium
1310 2449 1535 2506 censeri
1576 2449 1801 2506 debeat.
1837 2471 1865 2500 »

212 2537 440 2592 Siccine
464 2553 604 2611 ergo
629 2539 961 2596 defenditur
982 2539 1254 2612 Dallteus,
1291 2557 1425 2596 cum
1448 2540 1500 2596 ei
1519 2544 1717 2612 aperte
1731 2557 1868 2596 con-

215 2627 573 2682 tradicitur?
603 2627 754 2692 Quid
785 2645 918 2685 vero
943 2629 1098 2700 quod
1118 2628 1281 2685 nulla
1312 2629 1446 2698 alia,
1479 2631 1560 2685 uti
1584 2629 1866 2696 diximus,

213 2717 482 2788 martyrii
521 2716 810 2788 Ignatiani
842 2720 998 2786 Acta,
1030 2735 1202 2790 quam
1235 2736 1364 2792 quae
1406 2720 1477 2775 ab
1527 2717 1782 2784 Usserio,
1814 2719 1870 2772 et

216 2805 543 2861 novissime
568 2823 602 2860 a
628 2811 828 2862 nostro
860 2807 1138 2864 Ruinarto
1197 2809 1349 2864 edita
1405 2815 1562 2878 sunt,
1611 2813 1870 2878 tempore

215 2893 554 2968 Hieronymi
585 2897 884 2953 exstitisse
921 2901 1144 2954 certum
1195 2897 1446 2955 videtur.
1493 2899 1565 2953 At
1613 2897 1869 2968 profecto

217 3002 341 3040 non
374 2986 436 3040 in
466 2985 560 3052 iis,
586 2988 685 3042 sed
718 2987 775 3042 in
825 2988 1114 3060 corruptis
1161 2994 1389 3044 tantum
1450 2989 1623 3058 Actis,
1658 2985 1868 3060 Ignatii

213 3075 516 3129 sententia
545 3075 614 3130 ab
645 3076 995 3150 Hieronymo
1025 3081 1084 3133 et
1115 3077 1326 3133 Irenaeo
1359 3077 1536 3132 citata
1592 3077 1865 3134 occurrit.

207 3162 477 3234 Denique
509 3166 659 3236 quod
698 3165 968 3238 egregius
1000 3165 1098 3222 ille
1128 3165 1325 3222 Dallaei
1367 3165 1637 3221 defensor
1681 3164 1863 3234 addit,

213 3251 635 3325 Hieronymum
673 3271 801 3310 eam
831 3256 880 3310 si
916 3273 1028 3311 non
1061 3271 1125 3312 ex
1157 3255 1340 3326 Actis,
1375 3271 1443 3310 ex
1482 3254 1595 3310 alio
1645 3256 1866 3327 scripto

218 3359 373 3414 aeque
403 3349 632 3399 vetusto
659 3344 1083 3415 desumpsisse,
1117 3345 1225 3401 hoc
1256 3352 1313 3401 et
1341 3344 1577 3415 Dallaeo,
1597 3350 1663 3400 ut
1693 3345 1866 3417 paulo

215 3441 348 3491 ante
378 3436 664 3503 diximus,
701 3439 1042 3510 Opponitur,
1074 3442 1131 3494 et
1187 3439 1370 3510 gratis
1430 3440 1500 3493 ab
1533 3437 1631 3494 illo
1663 3439 1866 3494 ﬁctum

219 3529 322 3580 est.
347 3525 550 3598 Neque
581 3526 735 3582 enim
769 3527 1003 3597 aliquod
1037 3528 1109 3584 ab
1168 3528 1296 3600 ipso
1352 3532 1454 3584 aut
1497 3529 1569 3583 ab
1603 3527 1721 3584 ullo
1756 3545 1868 3584 un-

222 3633 398 3688 quam
429 3616 547 3672 alio
580 3617 818 3674 homine
851 3619 1139 3690 scriptum
1195 3619 1480 3692 assignari
1540 3619 1774 3692 poterit,
1806 3621 1866 3674 in

223 3724 333 3777 quo
357 3707 482 3761 hac
518 3706 740 3778 legatur
769 3710 974 3780 Ignatii
1008 3711 1292 3765 sententia
1327 3727 1339 3766 :
1377 3727 1481 3766 nos
1513 3718 1702 3765 autem
1751 3707 1868 3780 epi-

216 3796 428 3850 stolam
482 3797 555 3850 ad
617 3796 926 3865 Romanos,
989 3799 1114 3870 ejus
1178 3798 1414 3853 nomine
1501 3798 1868 3868 inscriptam,

213 3885 623 3954 producimus,
662 3887 761 3942 ubi
795 3886 894 3942 illa
953 3887 1022 3943 de
1072 3887 1247 3943 verbo
1309 3887 1379 3943 ad
1431 3886 1668 3943 verbum
1701 3901 1866 3959 repe-

211 3977 381 4030 ritur.

325 4077 353 4142 §
387 4075 482 4130 lli.
518 4077 766 4147 Reliquae
795 4076 996 4134 Dallaei
1025 4079 1368 4148 exceptiones
1398 4077 1750 4146 refelluntur.

278 4183 496 4239 Eadem
531 4184 727 4256 itaque
785 4185 1008 4240 ratione
1064 4185 1119 4239 id
1182 4183 1465 4240 refellitur
1519 4185 1675 4255 quod
1728 4182 1866 4239 dicit

211 4273 462 4329 Pellaeus
480 4273 526 4308 ⁸⁸
552 4292 566 4330 :
595 4274 865 4330 «Omnes
889 4274 1269 4330 videntfacile
1291 4275 1416 4330 ﬁeri
1441 4274 1796 4344 potuisse,ut
1817 4273 1866 4328 si

213 4363 364 4429 quod
396 4365 688 4436 ejusmodi
714 4363 994 4435 scriptum
1017 4363 1294 4419 edidisset
1315 4363 1576 4435 Ignatius
1595 4388 1608 4430 ;
1627 4386 1654 4413 »
1675 4363 1732 4418 in
1750 4379 1865 4434 quo

213 4467 380 4507 suam
405 4454 759 4509 sententiam
789 4453 1148 4522 exaraverit;
1204 4452 1261 4508 id
1313 4460 1370 4509 et
1417 4453 1474 4507 in
1503 4453 1701 4509 lrenai
1735 4468 1865 4506 ma-

213 4558 319 4598 nus
354 4543 605 4611 veniret,
638 4550 695 4599 et
725 4544 823 4598 diu
847 4548 983 4600 ante
1002 4547 1204 4599 nostra
1238 4547 1501 4614 tempora
1555 4542 1863 4599 intereide-
1900 4579 1942 4642 Β

213 4638 313 4690 ret.
352 4655 382 4681 ››
411 4633 654 4688 Nullum
699 4633 936 4706 quippe,
995 4633 1149 4705 quod
1213 4633 1593 4703 interciderit,
1650 4631 1862 4702 Ignatii

211 4722 501 4793 scriptum
529 4722 774 4777 Uallanus
797 4723 1100 4795 assignare
1133 4721 1407 4795 potest,in
1431 4738 1546 4792 quo
1570 4721 1864 4777 sententia

208 4810 306 4865 illa
337 4811 514 4866 fuerit
544 4813 809 4883 scripta;
841 4815 940 4869 sed
977 4830 1082 4869 nos
1101 4811 1406 4884 epistolam
1428 4812 1499 4866 ad
1542 4811 1859 4878 Romanos,

211 4899 308 4954 ubi
343 4915 576 4971 semper
607 4902 854 4969 exstitit,
889 4901 1282 4973 assignamus.
1342 4901 1516 4956 Porro
1566 4904 1760 4954 autem
1815 4899 1865 4954 si

211 4987 350 5058 quid
383 4989 444 5043 in
479 4989 591 5044 hoc
623 4995 971 5062 argumento
1003 4990 1080 5045 sit
1102 4989 1346 5056 roboris,
1381 4994 1536 5045 certe
1584 5003 1650 5045 eo
1683 4989 1864 5044 innu-

214 5094 382 5133 merae
413 5081 795 5151 antiquorum
829 5081 1067 5136 Patrum
1102 5081 1541 5136 lucubrationes
1572 5079 1864 5144 excidant,

212 5184 451 5224 necesse
480 5170 730 5228 est.lllas
754 5170 973 5243 quippe
991 5189 1024 5227 a
1049 5171 1430 5241 scriptoribus
1470 5169 1866 5225 celeberrimis

213 5255 374 5311 citari
411 5259 461 5313 si
492 5259 732 5328 dixeris,
762 5260 920 5314 illico
951 5264 1262 5331 reponetur
1320 5275 1434 5314 non
1494 5275 1611 5325 eas,
1647 5274 1774 5329 qua:
1806 5255 1865 5312 in

211 5363 421 5405 manus
447 5366 680 5406 noeras
699 5352 1193 5422 pervenerint,sed
1223 5351 1389 5416 alias,
1427 5367 1554 5422 qua:
1606 5349 1707 5405 diu
1732 5355 1867 5406 ante

219 5442 411 5492 nostra
435 5444 696 5512 tempora
730 5440 1152 5507 interciderint,
1211 5441 1284 5496 ab
1344 5439 1463 5495 illis
1513 5440 1745 5509 citatas,
1778 5437 1865 5495 vel

215 5526 422 5582 saltem
454 5529 621 5584 citari
656 5529 1086 5600 potuisse.Quis
1110 5533 1303 5585 autem
1329 5545 1442 5584 non
1465 5527 1659 5584 videat
1685 5545 1862 5599 quam

285 5624 580 5702 ‘f_pag:_2.
659 5627 703 5662 δ”
736 5645 862 5702 cap.
895 5630 1069 5702 36,,p.
1101 5629 1228 5688 452.
1307 5627 1358 5664 ⁸⁸
1391 5644 1516 5702 cap.
1549 5629 1644 5700 33,
1674 5645 1730 5700 ι).
1766 5628 1890 5687 [I34-

219 5712 272 5765 p.
304 5643 710 5773 43Ξῗ8ἓ⁷ξόαῐ>1
736 5643 1078 5772 ἓεὲῗῷῗοίὸιό.

1981 564 2172 621 aliena
2192 563 2222 620 ?

2055 674 2240 728 Instat
2269 677 2462 729 tamen
2495 674 2783 731 Dalltnus:
2815 677 2894 731 Ex
2925 677 3174 749 epistola
3205 681 3276 734 ad
3340 682 3630 739 Romanos

1980 761 2103 818 haec
2131 763 2302 820 verba
2333 766 2589 836 lgnatius
2621 784 2732 821 non
2762 767 2976 837 Romae,
3019 794 3036 818 α
3071 771 3174 826 sed
3237 772 3495 844 Smyrna:
3527 776 3626 830 diu

1980 856 2113 907 ante
2145 870 2390 926 agonem
2417 856 2668 912 absurde
2692 861 2747 912 et
2779 857 2974 929 inepte
3001 859 3236 929 scripsit
3266 859 3331 918 ‘9.
3367 885 3393 910 »
3414 863 3628 919 Verum

1979 941 2252 1013 quisquis
2310 944 2461 1001 hanc
2515 946 2778 1001 eamdem
2841 947 3156 1018 epistolam
3226 951 3422 1006 animo
3471 953 3630 1008 falsis

1981 1031 2336 1101 pracjudieiis
2369 1051 2484 1088 non
2519 1033 2752 1105 penitus
2785 1035 3076 1092 obcaecato
3112 1036 3342 1109 legerit,
3378 1040 3427 1094 is
3462 1042 3633 1098 facile

1983 1119 2298 1191 comperiet
2327 1121 2487 1178 illam
2521 1123 2590 1178 ad
2626 1123 2920 1180 Romanos
2985 1126 3248 1199 Smyrnae
3296 1129 3366 1184 ab
3403 1131 3629 1202 lgnatio

1980 1211 2286 1281 scriptam,
2321 1229 2435 1268 non
2469 1213 2565 1268 diu
2600 1218 2736 1269 ante
2795 1230 3077 1286 agonem;
3144 1217 3247 1273 sed
3307 1236 3440 1274 cum
3474 1221 3632 1276 dam-

1980 1303 2155 1354 natus
2187 1306 2340 1356 esset
2372 1302 2439 1356 ad
2477 1303 2715 1370 bestias,
2749 1312 2800 1358 el
2833 1305 3075 1360 Romam
3110 1306 3181 1360 ab
3233 1306 3347 1363 illis
3380 1309 3627 1380 jamjam

1981 1389 2352 1445 devorandus
2383 1393 2776 1449 contenderet.
2832 1393 2955 1448 Non
3013 1411 3147 1466 ergo
3207 1397 3458 1454 absurbe
3525 1417 3629 1456 nec

1982 1477 2197 1550 inepte,
2236 1482 2334 1535 sed
2369 1487 2522 1537 recte
2552 1486 2608 1536 et
2639 1483 2878 1540 omnino
2910 1486 3175 1556 apposite
3207 1487 3457 1542 lrenaaus
3481 1488 3632 1545 hanc

1981 1569 2194 1640 Ignatii
2226 1571 2530 1641 epistolam
2563 1573 2794 1628 cilando
2827 1573 3017 1629 aiebat
3046 1576 3092 1610 το
3127 1591 3140 1630 :
3197 1600 3224 1626 ‹‹
3273 1578 3518 1641 Quidam
3559 1581 3631 1636 de

1984 1660 2202 1716 nostris
2233 1659 2398 1727 dixit,
2424 1666 2660 1732 propter
2692 1663 3037 1734 martyrium
3073 1666 3129 1721 in
3166 1671 3346 1722 Deum
3406 1669 3636 1739 adjudi-

1980 1752 2146 1805 catus
2179 1750 2250 1804 ad
2284 1749 2524 1818 bestias,
2561 1774 2588 1800 ››
2621 1756 2729 1807 etc.

2501 1862 2559 1914 et
2589 1859 2781 1914 acrius
2813 1859 2994 1916 instat
3033 1861 3281 1918 Dallaeus
3341 1863 3627 1921 Ircnzeum

1981 1945 2130 2000 hanc
2161 1945 2366 2015 Ignatii
2399 1950 2748 2003 sententiam
2780 1965 2847 2004 ex
2903 1949 3155 2022 epistola
3212 1953 3282 2006 ad
3337 1953 3630 2011 Romanos

1979 2051 2096 2091 non
2130 2034 2320 2092 solum
2354 2053 2468 2092 non
2503 2037 2852 2110 sumpsisse,
2888 2039 2986 2094 sed
3022 2055 3210 2110 neque
3267 2057 3499 2098 sumere
3531 2060 3630 2114 po-

1978 2125 2388 2198 tuisse.Neque
2419 2127 2474 2180 id
2509 2126 2604 2181 ille
2635 2127 2899 2198 quolibet
2918 2135 3281 2201 argumento,
3317 2135 3413 2186 sed
3473 2131 3631 2189 clara

1980 2220 2037 2270 et
2066 2215 2278 2271 invicta
2334 2216 2829 2272 demonstratione
2880 2235 2941 2274 se
3000 2219 3241 2290 probare
3290 2222 3629 2278 arbitratur.

1980 2303 2108 2359 Hmc
2135 2309 2328 2359 autem
2364 2305 2580 2360 invicta
2613 2307 3053 2375 demonstratio,
3098 2326 3166 2363 ne
3227 2311 3364 2381 quid
3413 2311 3626 2368 virium

1980 2409 2218 2449 suarum
2246 2394 2763 2465 amittat,ejusdem
2789 2396 2978 2451 verbis
2998 2402 3372 2470 proponenda
3394 2408 3500 2456 est.
3534 2403 3629 2456 Ait

1978 2483 2234 2554 itaque“
2260 2501 2463 2539 omnes
2493 2501 2640 2555 quas
2669 2484 2922 2540 diximus
2983 2504 3108 2542 esse
3161 2489 3366 2554 Ignatii
3409 2492 3624 2561 episto-

1979 2577 2069 2628 tas
2093 2593 2106 2631 :
2136 2596 2162 2623 ‹‹
2189 2573 2403 2629 Irenaeo
2427 2573 2598 2644 plane
2619 2573 2846 2645 ignotas
2873 2575 3071 2632 luisse.
3105 2577 3359 2639 Quarum
3405 2580 3628 2635 scilicet

1979 2663 2333 2719 testimoniis
2366 2664 2646 2719 adversus
2677 2663 2999 2732 hmreticos,
3030 2683 3173 2736 quos
3206 2666 3436 2734 refellit,
3464 2667 3627 2724 lucu-

1979 2753 2322 2809 lentissimis
2343 2770 2405 2809 ac
2429 2753 2835 2810 disertissimis
2864 2772 3158 2826 nusquam
3181 2773 3321 2813 usus
3345 2759 3630 2828 reperitur

1981 2841 2039 2896 in
2067 2845 2188 2897 toto
2209 2842 2488 2897 adversus
2530 2842 2778 2899 haereses
2831 2860 3041 2915 opere;
3092 2846 3321 2902 tametsi
3372 2847 3627 2918 plurima

1979 2932 2201 3004 passim
2231 2930 2356 2986 loca
2388 2931 2503 2986 illic
2533 2936 2867 3001 occurrant,
2901 2935 2957 2988 in
2991 2934 3204 3005 quibus
3229 2935 3539 2994 utilissime
3562 2955 3628 2994 ac

1980 3036 2125 3091 pene
2156 3020 2483 3076 DBCCBStlI‘lO
2509 3021 2578 3075 ab
2627 3032 2860 3078 auclore
2889 3023 3221 3079 adhibenda
3253 3030 3437 3095 erant,
3481 3026 3530 3081 si
3561 3044 3629 3083 ea

1978 3110 2210 3181 cognita
2237 3109 2558 3166 habuisset.
2588 3131 2616 3160 n
2648 3113 2832 3182 Atque
2863 3111 2969 3168 hoc
3014 3112 3157 3168 illud
3188 3119 3277 3170 est
3307 3132 3626 3187 argumen-

1897 3212 1940 3278 ρ
1980 3203 2125 3267 tum,
2159 3198 2314 3268 quod
2344 3197 2595 3254 Dallaus
2625 3198 2840 3254 claram
2871 3205 2928 3255 et
2950 3200 3222 3257 invictam
3259 3204 3627 3261 demonstra-

1979 3289 2195 3344 tionem
2229 3288 2504 3360 appellat.
2539 3289 2648 3344 Sed
2687 3289 2839 3344 hunc
2880 3292 3150 3347 eumdem
3207 3292 3502 3362 Dallazum,
3539 3295 3624 3350 lo-

1976 3378 2115 3450 giers
2165 3382 2222 3433 et
2264 3377 2579 3433 dialecticae
2627 3378 3138 3446 callentissimum,
3191 3382 3475 3438 miramur
3531 3383 3630 3440 hic

1977 3485 2090 3523 non
2128 3467 2464 3522 meminisse
2494 3466 2552 3521 in
2585 3467 2741 3522 clara
2772 3472 2827 3523 et
2869 3467 3082 3525 invicta
3125 3473 3628 3528 demonstratione

1975 3557 2171 3612 omnia
2201 3571 2325 3612 esse
2357 3556 2567 3612 debere
2597 3561 2774 3622 certa,
2818 3557 3029 3613 invicta
3059 3563 3115 3614 et
3155 3559 3392 3614 omnino
3424 3577 3628 3615 neces-

1975 3645 2142 3700 saria.
2176 3645 2261 3700 Ad
2290 3661 2459 3700 suam
2505 3661 2640 3716 ergo
2690 3645 2905 3700 claram
2958 3651 3015 3700 et
3065 3645 3336 3701 invictam
3388 3648 3626 3702 demon-

1976 3735 2321 3791 strationem
2351 3733 2398 3768 ⁷²
2437 3735 2878 3801 conficiendam,
2933 3736 3043 3806 ipsi
3096 3737 3618 3792 demonstrandum

1975 3830 2117 3895 erat,
2156 3825 2366 3896 Ignatii
2402 3825 2729 3880 testimonia
2763 3842 2876 3879 non
2910 3829 3137 3880 tantum
3171 3849 3196 3876 ‹‹
3225 3825 3537 3882 utilissime
3556 3844 3622 3883 ac

1975 3934 2122 3988 pene
2150 3915 2547 3981 necessario,»
2582 3915 2681 3969 sed
2717 3913 2888 3986 plane
2919 3915 3269 3987 penitusque
3293 3918 3622 3973 necessario

1974 4006 2156 4061 fuisse
2187 4003 2539 4060 adhibenda.
2575 4007 2789 4058 Verum
2825 4003 3111 4075 quidquid
3146 4006 3222 4060 sit
3252 4007 3321 4061 de
3353 4013 3517 4060 certe:
3567 4012 3626 4062 et

1974 4094 2202 4149 invictae
2233 4093 2746 4149 demonstrationis
2777 4094 3030 4159 nomine,
3061 4094 3130 4148 ad
3149 4095 3266 4148 vim
3291 4095 3625 4165 argumenti

1977 4184 2371 4240 attendamus.
2408 4181 2555 4238 Illud
2590 4185 2784 4238 autem
2820 4199 2933 4236 non
2957 4183 3152 4238 minus
3175 4189 3376 4239 contra
3406 4184 3625 4255 ipsum-

1977 4279 2096 4329 met
2124 4274 2426 4340 Dallaeum,
2463 4289 2639 4344 quam
2673 4278 2872 4328 contra
2905 4290 3011 4328 nos
3053 4273 3284 4332 militat.
3339 4275 3626 4347 Epistolas

1976 4363 2264 4434 siquidem
2287 4361 2602 4418 nonnullas
2627 4361 2697 4415 ab
2714 4362 2936 4432 Ignatio
2960 4368 3158 4418 nostro
3175 4363 3423 4433 scriptas
3444 4364 3624 4420 fuisse

1975 4452 2071 4508 ille
2104 4451 2252 4508 ultro
2283 4451 2590 4508 concedit?
2621 4473 2648 4500 «
2686 4450 2825 4517 Quis
2857 4452 3034 4517 enim,
3069 4452 3260 4522 inquit
3289 4450 3354 4520 ⁷³,
3389 4457 3508 4506 tam
3540 4455 3625 4508 fa-

1976 4547 2113 4598 tuus
2143 4547 2251 4608 est,
2286 4546 2350 4596 ut
2371 4558 2504 4596 eum
2530 4541 2839 4612 scripsisse
2861 4541 3090 4612 aliquas
3117 4541 3370 4611 negat?»
3392 4545 3627 4596 Fatetur

1974 4632 2145 4687 etiam
2179 4632 2412 4686 easdem
2445 4629 2629 4686 fuisse
2661 4652 2688 4679 «
2723 4630 2795 4684 ad
2843 4646 2964 4685 rem
3013 4629 3409 4686 Christianam
3459 4630 3626 4686 Valde

1977 4722 2174 4788 utiles,
2209 4742 2237 4770 ‹‹
2283 4720 2524 4792 proinde
2582 4719 2834 4790 plurima
2890 4719 2948 4773 in
3005 4719 3088 4774 eis
3145 4719 3440 4774 exstitisse
3496 4718 3627 4776 loca

1975 4815 2181 4867 contra
2209 4809 2404 4864 varios
2436 4808 2748 4880 Ignatianaa
2772 4807 2955 4863 aetatis
2978 4807 3304 4874 hmreticos,
3338 4826 3484 4880 quos
3511 4811 3624 4866 lre-

1975 4919 2137 4958 naeus
2171 4905 2368 4974 postea
2400 4899 2627 4955 refellit.
2655 4900 2830 4956 Porro
2849 4901 3050 4956 eadem
3077 4898 3245 4972 plane
3267 4901 3626 4957 demonstra-

1974 4992 2150 5055 tione,
2184 5005 2356 5060 quam
2388 4988 2603 5044 claram
2638 4993 2695 5043 et
2727 4988 3000 5045 invictam
3047 4989 3296 5045 Dallaaus
3345 4996 3533 5059 vocat,
3570 4991 3623 5045 id

1977 5081 2188 5136 falsum
2221 5096 2349 5136 esse
2380 5080 2464 5135 sic
2494 5078 2794 5134 evincitur.
2844 5083 2955 5134 Eas
2994 5080 3150 5134 enim
3204 5080 3463 5151 Ignatius
3512 5097 3626 5136 non

1978 5169 2525 5242 scripsitepistolas,
2550 5185 2798 5239 quarum
2818 5168 3156 5224 testimonia
3182 5169 3432 5225 lrenaaus
3449 5171 3501 5224 in
3521 5187 3627 5226 suo

1975 5260 2252 5316 Adversus
2283 5259 2508 5315 hmreses
2557 5274 2728 5330 opere
2768 5260 2972 5314 contra
3031 5275 3150 5326 eos,
3213 5275 3359 5329 quos
3416 5258 3629 5316 refellit

1977 5351 2277 5406 haereticos
2310 5367 2425 5405 non
2457 5347 2747 5402 adhibuit.
2783 5351 2971 5418 Atque
3004 5348 3255 5402 Irenaaus
3279 5347 3438 5403 nulla
3457 5349 3626 5404 testi-

1978 5440 2175 5495 monia
2205 5456 2274 5493 ex
2305 5439 2376 5494 iis
2409 5437 2694 5509 epistolis,
2727 5454 2871 5508 quas
2896 5435 3150 5492 Dallaeus
3179 5438 3631 5508 Ignatiumscri-

1975 5527 2166 5599 psisse
2195 5526 2470 5595 afﬁrmat,
2505 5526 2562 5580 in
2595 5543 2702 5582 suo
2733 5526 3012 5580 adversus
3034 5525 3282 5582 haereses
3301 5543 3630 5599 operecon—

1983 5627 2030 5663 ⁸9
2059 5643 2186 5699 cap.
2217 5626 2309 5695 33,
2340 5643 2398 5698 p.
2429 5625 2556 5683 436.
2659 5625 2705 5662 ⁷ο
2733 5625 2874 5682 Ibid.
2983 5623 3024 5661 ⁷¹
3058 5625 3198 5681 Ibid.
3300 5627 3346 5662 ⁷³
3375 5645 3502 5702 cap.
3535 5630 3626 5701 33,
