4062 6206
407 329 524 389 487

405 467 494 519 tra
523 461 854 517 confutatos
909 475 941 512 a
998 473 1060 511 se
1115 454 1415 510 hzereticos
1458 452 1746 508 adhibuit.
1779 451 1928 521 Ergo
1961 449 2044 540 ha:
2079 477 2130 540 Α

406 551 660 624 epistola:
683 550 729 606 ei
768 548 936 620 plane
967 547 1278 618 incognitae
1320 546 1573 600 fuerunt.
1609 545 1756 614 Ergo
1787 539 2054 613 Ignatius

407 642 561 708 illas,
595 639 880 712 quidquid
916 636 1164 692 Dallaaus
1196 634 1425 700 dixerit,
1458 651 1591 689 vere
1621 649 1736 687 non
1791 629 2049 701 scripsit.

411 733 534 795 Qua
565 736 758 784 autem
819 726 1196 798 responsione
1256 725 1363 781 hoc
1422 729 1829 795 argumentum
1873 719 2056 774 solvet

410 819 680 887 Dallaeus,
713 818 914 873 eadem
951 822 1007 871 et
1036 832 1141 871 nos
1200 813 1418 870 claram
1479 817 1532 868 et
1582 811 1859 868 invictam
1894 807 2051 864 illius

411 905 970 964 demonstrationem
1003 908 1320 958 solvemus.

476 1001 748 1053 Attamen
781 994 1057 1051 Dallaaani
1091 992 1414 1064 argumenti
1448 991 1792 1047 solutionem
1827 988 1898 1043 ab
1924 986 2050 1059 ipso

409 1104 524 1143 non
557 1090 982 1158 exspectamus.
1019 1083 1467 1155 Respondemus
1492 1081 1649 1136 enim
1681 1077 1894 1135 falsum
1923 1091 2053 1132 esse

407 1176 468 1232 in
502 1174 708 1248 lgnatii
742 1172 1010 1245 epistolis
1041 1172 1298 1244 plurima
1329 1186 1633 1226 occurrere
1663 1168 1946 1238 loca,quze
1978 1165 2049 1221 ab

407 1268 623 1321 Irenzeo
645 1264 701 1318 in
731 1281 837 1319 suo
860 1263 1007 1318 libro
1028 1263 1299 1318 Adversus
1330 1261 1558 1316 hereses
1580 1258 1914 1314 adhibenda
1930 1256 2049 1311 fue-

411 1353 681 1409 rint.Non
706 1352 909 1408 debuit
935 1351 1227 1422 siquidem
1267 1355 1519 1406 lrenseus
1550 1365 1616 1404 ea
1647 1347 1839 1419 potius
1881 1343 2053 1401 adhi-

409 1444 748 1514 bere,quam
781 1442 896 1498 alia
919 1441 1280 1506 testimonia,
1311 1455 1436 1512 quis
1468 1438 1689 1511 passim
1738 1439 2054 1493 occurrunt

409 1533 470 1587 in
502 1531 748 1604 epistola
779 1530 1072 1599 Barnabas,
1106 1531 1164 1584 in
1197 1528 1479 1601 apologiis
1510 1526 1786 1592 Quadrati
1817 1530 1873 1582 et
1923 1523 2049 1580 Ari-

409 1621 602 1691 stidis,
627 1621 685 1675 in
717 1618 954 1691 scriptis
997 1617 1333 1688 Apollinarii
1390 1616 1881 1687 Hierapolitarum
1929 1612 2050 1684 epi-

410 1710 592 1782 scopi,
626 1710 920 1780 Agrippse,
949 1707 1260 1774 Melitonis,
1295 1706 1670 1778 Athenagoras
1686 1704 2052 1774 aliorumque

413 1799 875 1870 quamplurium,
905 1796 1006 1868 qui
1036 1796 1332 1852 haereticos
1365 1812 1512 1867 quos
1549 1797 1799 1850 lrenaaus
1819 1792 2048 1860 refellit,

411 1863 801 1943 disertissime
831 1863 1192 1958 red-arguunt
1222 1895 1271 1940 et
1305 1863 1666 1958 oppugnant.
1700 1883 1815 1939 Cur
1855 1887 2049 1938 autem
2085 1863 2127 1928 Β

413 1981 668 2032 ῙΓΘΠᾶΞΠΒ
699 1991 804 2032 nec
835 1975 934 2031 illa
965 1976 1162 2031 omnia
1192 1979 1277 2030 tot
1304 1979 1722 2046 tantorumque
1767 1972 2052 2038 virorum,

412 2083 515 2122 nec
540 2065 746 2137 lgnatii
782 2066 1111 2121 testimonia
1142 2063 1496 2130 adhibuerit,
1546 2063 1595 2118 si
1626 2079 1874 2134 quaeras,
1907 2060 2053 2117 ratio

415 2155 476 2210 in
510 2161 780 2227 promptu
815 2161 921 2212 est.
983 2159 1061 2209 Ex
1108 2145 1434 2210 innumeris
1492 2153 1788 2210 enimvero
1821 2157 2052 2207 Patrum

416 2243 558 2300 locis
579 2248 841 2316 quaedam
868 2244 1221 2316 paucissima
1245 2259 1377 2298 cum
1419 2242 1517 2298 ille
1562 2251 1756 2298 contra
1783 2242 2052 2309 haereses,

417 2351 562 2405 quas
594 2336 831 2403 ret'utat,
865 2334 1143 2396 citaverit,
1171 2332 1304 2387 inde
1352 2331 1649 2404 colligitur
1692 2331 1850 2387 aliud
1889 2345 2051 2397 sane,

415 2441 592 2497 quam
626 2442 691 2480 ex
725 2425 999 2480 continua
1027 2423 1259 2478 Patrum
1293 2423 1606 2478 traditione
1661 2423 1912 2477 hereses
1957 2437 2052 2475 ex-

413 2513 712 2586 pugnandi
748 2516 927 2569 l'uisse
958 2513 1116 2568 illius
1150 2512 1532 2584 propositum.
1568 2516 1633 2567 Et
1676 2528 1809 2567 vero
1870 2527 2055 2582 pauca

410 2602 820 2656 tantummodo
879 2605 1116 2655 Patrum
1177 2599 1302 2654 loca
1362 2599 1488 2654 ideo
1549 2597 1766 2664 retulit,
1799 2597 1886 2653 vel
1917 2595 2055 2667 quia

412 2691 527 2763 ipsi
557 2696 724 2747 erant
756 2692 825 2746 ad
855 2707 1118 2760 manum,
1150 2688 1235 2744 vel
1269 2689 1405 2760 quia
1436 2689 1771 2745 earumdem
1821 2687 2052 2742 Patrum

412 2781 631 2852 scripta
659 2780 947 2836 haereticis
982 2795 1189 2850 magno
1219 2783 1384 2834 erant
1413 2778 1471 2833 in
1524 2778 1729 2850 pretio,
1754 2777 1908 2833 sicut
1947 2780 2055 2830 Po-

409 2870 630 2942 lycarpi
689 2869 937 2942 epistola
996 2868 1273 2924 Florino:
1344 2867 1430 2923 vel
1480 2869 1728 2938 denique
1785 2865 1915 2921 aliis
1983 2865 2056 2920 de

408 2961 605 3017 causis
637 2975 705 3015 ex
736 2965 1017 3032 tempore,
1051 2975 1166 3030 quo
1227 2958 1537 3026 scribebat,
1572 2961 1672 3012 aut
1723 2974 1792 3013 ex
1830 2973 1936 3013 suo
1966 2954 2052 3011 vel

409 3048 870 3106 adversariorum
906 3049 1141 3120 ingenio
1174 3049 1395 3120 petitis.

1039 3156 1271 3211 CAPUT
1328 3155 1419 3212 VI.

1471 321 1536 381 S.
1583 314 1978 379 IGNATIUS.
2025 339 2104 355 --
2143 303 2765 370 PROLEGOMENA.

3701 305 3824 366 488

2163 449 2279 500 Hoc
2312 442 2511 513 itaque
2536 437 2937 497 testimonium
2961 437 3250 510 Origenis,
3283 439 3422 510 quia
3454 438 3606 495 illud
3639 441 3816 496 annis

2165 534 2396 591 circiter
2426 537 2657 588 centum
2692 536 2748 585 et
2777 529 3171 601 quadraginta
3197 537 3324 600 post
3356 529 3565 600 lgnatii
3611 546 3819 586 necem

2162 622 2397 694 scriptis
2427 620 3094 687 trodebat,frustaneum
3128 619 3236 673 erit
3265 617 3292 672 ?
3313 618 3458 682 Quid
3490 619 3674 690 igitur
3724 619 3825 672 fiet

2161 715 2232 769 de
2266 718 2351 768 tot
2382 710 2930 783 antiquissimorum
2964 713 3203 764 Patrum
3263 713 3320 763 et
3377 708 3732 764 testimoniis
3763 714 3823 765 et

2160 800 2691 868 lucubrationibus,
2723 815 2971 871 quorum
3006 798 3102 852 vix
3146 797 3377 852 duobus
3427 803 3560 869 post
3612 814 3820 853 eorum

2162 899 2408 948 mortem
2439 888 2670 944 saeculis
2699 886 2910 944 alicubi
2947 888 3100 942 facta
3150 891 3239 942 est
3285 887 3498 942 mentio
3523 887 3550 941 ?
3598 887 3825 942 Deinde

2159 981 2383 1056 pistolae
2406 979 2718 1054 Ignatii,ut
2741 977 3018 1048 diximus,
3051 977 3111 1032 in
3143 977 3527 1033 ecclesiarum
3573 978 3817 1034 scriniis

2158 1071 2737 1140 asservabsntur,ubi
2756 1086 2852 1126 eas
2876 1068 3156 1140 Origenes
3185 1072 3241 1122 et
3261 1067 3473 1139 legere,
3507 1072 3563 1123 et
3589 1067 3815 1124 exscri-

2159 1165 2312 1232 bere,
2339 1166 2397 1219 et
2424 1163 2594 1233 cujus
2626 1164 2826 1216 essent
2856 1163 3010 1215 certo
3043 1158 3260 1213 certius
3311 1158 3534 1213 edoceri
3587 1157 3810 1230 potuit.

2159 1252 2311 1321 Quid
2341 1269 2501 1325 ergo,
2534 1250 2584 1306 si
2614 1249 2736 1305 hac
2764 1249 2936 1305 annis
2988 1248 3091 1303 140
3151 1252 3281 1320 post
3324 1247 3532 1320 lgnatii
3564 1252 3816 1303 mortem

2160 1361 2221 1400 se
2254 1341 2597 1415 praestitisse
2623 1341 2896 1410 affirmet,
2923 1355 3120 1395 serum
3151 1337 3259 1394 erit
3281 1342 3340 1394 et
3367 1338 3541 1394 inane
3571 1338 3703 1409 ejus
3734 1341 3818 1394 te-

2160 1432 2495 1490 stimonium
2518 1432 2546 1486 ἳ
2568 1434 2751 1498 Quam
2773 1445 2908 1486 vero
2931 1429 3078 1486 falsa
3100 1428 3176 1484 sit
3198 1429 3317 1485 hac
3353 1428 3650 1484 Dallaaana:
3713 1427 3820 1483 cri-

2159 1524 2301 1580 tices
2333 1521 2554 1594 regula,
2586 1521 2724 1577 inde
2753 1524 2910 1576 certo
2943 1518 3204 1590 colligas,
3236 1520 3390 1590 quod
3423 1517 3582 1574 ﬁlius
3613 1519 3816 1574 senior

2157 1631 2190 1669 a
2213 1616 2373 1685 patre
2397 1628 2499 1667 suo
2531 1611 2760 1667 seniore
2789 1611 3208 1665 testamentum
3242 1607 3438 1679 proavi
3471 1607 3566 1664 sui
3618 1608 3819 1680 potuit

2157 1703 2436 1775 accipere,
2471 1701 2625 1773 quod
2659 1705 2821 1772 pater
2871 1715 3012 1756 suus
3061 1699 3135 1754 ab
3178 1697 3335 1754 illius
3383 1696 3656 1754 similiter
3705 1713 3816 1753 avo

2156 1792 2384 1849 seniore
2406 1795 2725 1864 acceperat.
2759 1787 3036 1861 Nunquid
3069 1803 3206 1860 ergo
3238 1787 3285 1842 si
3321 1786 3478 1842 filius
3517 1785 3616 1843 ille
3646 1803 3817 1843 asse-

2161 1886 2301 1937 rata
2323 1896 2384 1936 se
2416 1879 2813 1953 repraesentari
2846 1876 3044 1950 proavi
3069 1877 3161 1932 sui
3187 1880 3619 1945 testamentum,
3653 1875 3819 1947 quod

2161 1974 2326 2042 pater
2355 1971 2482 2040 ejus
2514 1970 2584 2024 ab
2617 1984 2719 2024 avo
2751 1984 2812 2024 se
2854 1967 3150 2039 accepisse
3191 1966 3512 2022 certissime
3553 1964 3817 2020 affirma-

2160 2061 2282 2129 bat,
2307 2075 2504 2116 serum
2531 2058 2642 2114 erit
2671 2062 2728 2114 et
2759 2058 3149 2133 frustraneum
3176 2056 3335 2112 illius
3354 2053 3760 2112 testimonium
3785 2053 3816 2108 ?

2159 2152 2366 2208 Nullus
2398 2157 2550 2209 certe
2580 2153 2638 2207 id
2663 2152 2904 2221 dixerit;
2929 2151 3195 2223 quamvis
3219 2149 3415 2222 plures
3441 2149 3498 2204 in
3522 2149 3632 2204 hoc
3657 2153 3811 2203 tem-

2160 2244 2318 2316 poris
2348 2243 2665 2311 intervallo,
2695 2259 2870 2314 quam
2904 2243 3039 2298 anni
3073 2241 3302 2297 circiter
3323 2246 3554 2296 centum
3580 2244 3638 2294 et
3659 2255 3811 2310 qua-

2160 2335 2429 2405 draginta
2457 2333 2604 2389 elabi
2643 2333 2960 2405 potuerint.
3002 2331 3138 2395 Quis
3171 2335 3365 2386 autem
3421 2331 3641 2385 abnuat
3689 2327 3815 2399 epi-

2160 2423 2342 2479 stolas
2376 2422 2604 2495 lgdatii,
2628 2440 2756 2494 quae
2781 2437 3008 2478 sacrum
3034 2420 3180 2476 tanti
3203 2419 3472 2492 martyris
3491 2423 3816 2474 testamen-

2161 2517 2285 2568 tum
2311 2519 2494 2580 erant,
2530 2513 2629 2568 uni
2661 2512 2904 2569 etalteri
2936 2512 3191 2584 probatas
3223 2511 3357 2566 ﬁdei
3382 2511 3500 2565 viro
3533 2509 3604 2564 de
3630 2525 3814 2563 manu

2160 2602 2220 2658 in
2245 2619 2483 2658 manum
2506 2601 3044 2674 traditas,potuisse
3066 2601 3138 2656 ab
3163 2599 3260 2656 illo
3284 2599 3602 2671 posteriore
3633 2596 3818 2653 alicui

2159 2691 2434 2763 deinceps
2466 2691 2545 2746 ita
2592 2691 2956 2756 transmitti;
3005 2695 3070 2745 ut
3118 2689 3212 2745 hic
3267 2705 3365 2744 eas
3417 2687 3635 2758 lgnatio
3684 2701 3824 2742 vere

2159 2780 2409 2852 scriptas
2441 2779 2622 2836 fuisse
2649 2781 2806 2835 omni
2829 2779 3259 2835 asseveratione
3290 2778 3584 2833 afﬁrmare
3615 2781 3822 2847 potue-

2159 2870 2279 2926 rit?
2307 2871 2422 2926 Nec
2454 2885 2651 2925 serum
2687 2869 2864 2941 igitur
2905 2885 3010 2924 nec
3061 2869 3457 2924 frustraneum
3501 2865 3607 2922 erit
3646 2864 3816 2920 illius

2158 2959 2586 3016 testimonium.

2230 3049 2443 3105 Verum
2467 3049 2726 3122 pressius
2757 3065 3072 3120 urgeamus
3107 3047 3406 3114 Dallazum,
3459 3053 3645 3117 atque
3677 3061 3815 3101 eum

2161 3139 2272 3196 sibi
2306 3139 2415 3210 ipsi
2434 3156 2550 3194 non
2578 3140 2769 3195 solum
2797 3137 3217 3208 contradicere,
3242 3137 3342 3194 sed
3365 3136 3614 3208 ipsomet
3636 3134 3814 3190 etiam

407 3263 809 3304 ARGUMENTUM
849 3263 1148 3310 QUARTUM,
1182 3263 1249 3301 EX
1291 3261 1548 3301 ORIGENIS
1583 3259 1926 3300 TESTIMONIO
1957 3260 2052 3298 DE-

2165 3234 2304 3286 teste
2343 3245 2506 3285 veras
2538 3228 2745 3300 lgnatii
2774 3227 3049 3300 epistolas
3082 3227 3152 3282 ab
3175 3225 3406 3297 Origine
3429 3225 3593 3282 citari
3621 3229 3819 3279 osten-

479 3337 776 3389 SUMPTUM,
861 3336 936 3373 AB
1036 3335 1515 3374 ADVERSARIORUM
1603 3331 2053 3372 EXCEPTIONIBUS

481 3408 843 3448 VINDICATUR.

409 3499 513 3573 §I.
546 3501 884 3572 Proponitur
913 3498 1297 3573 testimonium,
1339 3496 1620 3573 Origenis,
1681 3501 1732 3552 et
1777 3513 1810 3550 α
1858 3496 2054 3567 prima.

895 3572 1212 3642 exceptione
1242 3569 1577 3625 vindicatur.

477 3681 762 3737 Invictum
796 3681 990 3736 Irenaai
1022 3679 1427 3736 testimonium
1489 3677 1700 3748 excipit
1736 3676 2054 3732 auctoritas

405 3773 694 3846 Origenis,
723 3771 1138 3844 quiepistolas,
1174 3788 1321 3843 quas
1379 3769 1769 3836 defendimus,
1830 3768 2054 3840 Ignatio

405 3863 629 3934 absque
661 3862 783 3918 ulla
803 3862 890 3918 vel
920 3861 1166 3918 minima
1198 3861 1564 3916 dubitatione
1596 3858 2054 3914 tribuit.lsenim

405 3953 580 4009 verba
613 3952 919 4024 Ignatii,ex
948 3952 1195 4024 epistola
1227 3952 1296 4006 ad
1331 3950 1612 4021 Ephesios
1652 3952 1938 4018 excerpta,
1972 3945 2056 4002 sic

402 4041 710 4097 laudat“:
750 4062 774 4092 α
804 4041 1114 4111 Eleganter
1144 4040 1202 4093 in
1254 4039 1559 4108 cujusdam
1614 4037 1882 4108 martyris
1931 4034 2049 4106 epi-

407 4131 559 4186 stola
573 4131 858 4200 scriptum
886 4130 1390 4200 reperi,lgnat1um
1413 4128 1539 4181 dico
1561 4128 1901 4197 episcopum
1941 4130 2055 4178 An-

406 4218 632 4273 tiochia;
658 4222 787 4288 post
811 4217 1047 4273 Petrum
1074 4218 1421 4284 secundum,
1442 4215 1539 4286 qui
1568 4214 1625 4268 in
1655 4211 2056 4285 persecutione

411 4306 607 4361 Roma:
627 4307 908 4378 pugnavit
929 4305 1001 4361 ad
1025 4306 1281 4360 bestias:
1311 4303 1637 4375 principem
1664 4301 2054 4372 saeculihujus

407 4393 584 4450 latuit
603 4395 906 4466 virginitas
934 4394 1150 4460 Marias,
1171 4392 1337 4449 latuit
1360 4397 1596 4464 pr0pter
1615 4391 1854 4464 Joseph,
1891 4415 1912 4443 ι
1943 4395 2052 4448 etc.

407 4484 662 4541 Dallaaus
693 4489 888 4540 autem
922 4484 1059 4539 huic
1086 4482 1553 4538 luculentissima
1594 4481 1860 4554 Origenis
1892 4481 2052 4538 testi-

2161 3321 2391 3376 damus.
2425 3319 2702 3376 Concedit
2755 3318 2851 3374 ille
2908 3317 3220 3390 Origenem
3279 3316 3512 3373 laudare
3571 3315 3815 3387 quidem

2159 3409 2366 3482 lgnatii
2397 3409 2730 3482 epistolam,
2762 3409 2866 3465 sed
2918 3407 3127 3465 serius.
3173 3407 3275 3464 Vel
3328 3423 3462 3480 ergo
3512 3422 3710 3461 veram
3764 3409 3822 3460 et

2159 3499 2468 3571 genuinam
2496 3498 2704 3570 lgnatii
2730 3496 3151 3569 epistolam,vel
3178 3496 3571 3552 adulterinam
3595 3494 3818 3550 citavit.

2160 3588 2335 3660 Atqui
2360 3604 2426 3642 ex
2459 3588 2710 3660 ipsomet
2742 3586 2956 3643 Dallzeo
2978 3604 3055 3643 eae
3086 3603 3226 3658 quas
3257 3590 3426 3642 vocat
3449 3582 3822 3641 adulterinas

2162 3677 2372 3749 lgnatii
2406 3676 2702 3749 epistolas,
2725 3676 2898 3749 longe
2929 3681 3061 3750 post
3086 3675 3354 3748 Origenis
3379 3679 3618 3730 mortem
3642 3672 3822 3728 edita

2163 3768 2416 3822 fuerunt.
2454 3765 2729 3838 Origenes
2760 3782 2893 3836 ergo
2926 3782 3042 3822 non
3078 3766 3202 3832 has,
3236 3765 3336 3820 sed
3369 3779 3558 3819 veram
3591 3767 3651 3818 et
3680 3777 3819 3834 ger-

2163 3873 2397 3912 manam
2441 3855 2647 3927 lgnatii
2698 3854 3004 3927 epistolam
3058 3854 3277 3911 citavit.
3322 3853 3465 3925 Ergo
3517 3869 3634 3907 non
3687 3867 3822 3907 sera

2161 3957 2299 4005 sunt
2328 3949 2455 4018 ejus
2490 3946 2778 4020 praesidia,
2811 3963 2938 4019 qua:
2962 3947 3087 4017 jam
3122 3946 3194 4002 ab
3233 3945 3398 4001 initio
3430 3944 3663 4001 stetisse
3716 3959 3819 4000 ne-

2161 4054 2323 4094 cesse
2351 4041 2457 4094 est.

2159 4147 2186 4213 §
2218 4145 2291 4218 ll.
2325 4145 2618 4218 Refutatur
2645 4145 2884 4202 secunda
2909 4145 3287 4218 emceptiombi
3322 4142 3591 4218 homilias
3623 4144 3821 4212 Orige-

2231 4217 2320 4272 m's
2349 4215 2410 4272 ini
2442 4219 2641 4272 Lucam
2670 4219 2736 4273 ab
2759 4233 2819 4273 eo
2848 4217 3079 4289 scriptas
3127 4233 3244 4272 esse
3301 4215 3731 4289 demonstratur,
3766 4224 3822 4271 et

2230 4289 2682 4345 adversariorum
2713 4288 3101 4358 obiectionibus
3131 4288 3520 4359 respondetur.

2232 4395 2391 4451 Patet
2421 4395 2602 4467 igitur
2631 4412 2809 4467 quam
2842 4413 2992 4452 vana
3022 4394 3288 4466 falsaque
3329 4394 3410 4450 sit
3441 4392 3630 4464 prima
3685 4391 3822 4447 Dalo

2160 4483 2249 4540 laei
2283 4486 2353 4540 ad
2387 4484 2652 4558 Origenis
2685 4485 3087 4542 auctoritatem
3118 4483 3461 4558 responsio:
3513 4483 3823 4539 videamus

409 4577 605 4673 monio
634 4574 748 4673 dnuo
771 4573 1278 4673 opponit,"nempe
1303 4574 1698 4671 frustraneum
1727 4570 1871 4672 illud
1905 4588 2052 4673 esse,
2085 4610 2133 4673 Β
2165 4593 2235 4632 an
2272 4575 2531 4632 secunda
2563 4576 2800 4647 majoris
2833 4577 2913 4633 sit
2943 4576 3217 4649 ponderis
3247 4579 3304 4631 et
3335 4574 3669 4632 soliditatis.
3706 4574 3820 4629 Ne-

407 4677 516 4718 nec
546 4662 618 4717 ab
651 4661 894 4732 Origene
928 4665 1274 4734 profectum.
1309 4666 1420 4716 Cur
1450 4678 1584 4733 ergo
1641 4661 1747 4716 viri
1798 4663 2053 4717 omnium

409 4750 580 4822 longe
612 4749 999 4806 eruditissimi
1031 4751 1456 4816 testimonium,
1493 4753 1549 4806 in
1583 4751 1677 4806 his
1723 4767 1850 4823 quae
1900 4758 2052 4807 cerlo

409 4840 538 4911 ipse
560 4857 909 4912 cognoscere
932 4845 1176 4914 poterat,
1213 4843 1603 4896 frustraneum
1630 4845 1718 4897 est
1743 4845 1765 4896 Ρ
1791 4842 2051 4912 Respon-

407 4929 925 4986 detDallasus":«
952 4932 1192 4987 Frustra
1230 4930 1497 5003 Origenis
1554 4930 1826 4986 homilias
1881 4931 2052 4986 annis

407 5019 637 5077 circiter
657 5028 891 5077 centum
913 5027 969 5076 et
995 5022 1386 5093 quadraginta
1410 5026 1541 5092 post
1589 5020 1863 5076 ultimum
1905 5037 2057 5077 mar-

406 5112 550 5185 tyris
589 5111 800 5184 lgnatii
830 5116 1130 5168 certamen
1161 5112 1405 5182 scriptas
1437 5110 2058 5168 recitant...serasunt

410 5206 468 5258 et
490 5201 689 5257 inania
711 5201 1150 5273 Ignatianorum
1175 5199 1467 5272 praesidia,
1488 5217 1612 5272 quae
1636 5201 1759 5271 jam
1795 5201 1864 5255 ab
1889 5200 2055 5258 initio

407 5294 646 5348 stetisse
678 5308 914 5348 necesse
945 5298 1057 5362 est,
1083 5291 1132 5348 si
1153 5296 1210 5347 et
1242 5309 1397 5347 nunc
1455 5296 1606 5346 stare
1665 5290 1897 5347 debent.
1921 5294 2054 5359 Quae

410 5382 565 5438 enim
599 5382 671 5438 ab
694 5382 858 5438 initio
885 5400 1002 5438 non
1030 5381 1436 5448 valuerunt,ea
1459 5381 1726 5438 homines
1752 5381 2058 5453 sapientis-

406 5470 542 5528 simi
578 5476 766 5527 tractu
798 5472 1084 5545 temporis
1115 5471 1518 5529 convalescere
1550 5487 1722 5543 posse
1755 5476 1991 5543 negant.
2027 5494 2056 5522 ››

479 5639 530 5679 ⁷⁸
561 5642 774 5700 Homil.
806 5647 861 5717 6,
889 5648 947 5700 in
976 5647 1107 5703 Luc.

2162 4669 2260 4738 gat
2288 4663 2383 4718 ille
2428 4664 2598 4734 hanc,
2649 4683 2828 4737 quam
2883 4664 3214 4733 laudamus,
3265 4664 3531 4736 aliasque
3578 4669 3823 4720 caeteras

2163 4755 2426 4825 ejusdem
2458 4754 2725 4828 Origenis
2757 4757 2817 4812 in
2852 4757 3060 4813 Lucam
3095 4754 3368 4811 homilias
3400 4757 3471 4810 ab
3505 4754 3633 4827 ipso
3686 4770 3826 4825 pro-

2164 4845 2345 4900 fectas
2374 4861 2521 4900 esse.
2571 4846 2637 4899 At
2678 4844 2790 4901 illas
2837 4845 2908 4902 ab
2958 4846 3234 4902 omnibus
3289 4843 3592 4900 catholicis
3642 4848 3824 4914 atque

2164 4933 2340 4990 etiam
2375 4933 2744 4990 heterodoxis
2777 4952 2911 4990 cum
2946 4934 3428 5008 protestantibus,
3456 4938 3580 4988 tum
3629 4932 3822 4988 Calvi-

2167 5023 2363 5093 nistis,
2398 5040 2511 5079 uno
2543 5032 2778 5096 excepto
2809 5026 3070 5097 ejusdem
3101 5025 3296 5082 Dallaai
3333 5025 3656 5091 defensore,
3691 5022 3822 5079 Ori-

2169 5113 2302 5186 geni
2335 5112 2732 5170 ascribuntur.
2771 5115 2900 5170 Hauc
2931 5119 3125 5171 tamen
3147 5113 3424 5170 Uallasum
3455 5115 3703 5183 ejusque
3723 5113 3824 5167 de-

2168 5203 2458 5260 fensorem
2485 5202 2630 5258 nihil
2657 5209 2980 5276 morantur,
3005 5210 3181 5277 atque
3202 5207 3402 5261 contra
3424 5218 3630 5258 omnes
3646 5200 3830 5257 etiam

2171 5293 2546 5350 doctissimos
2577 5294 2918 5365 scriptores,
2964 5295 3199 5350 easdem
3233 5291 3508 5350 homilias
3557 5291 3835 5364 Origenis

2171 5384 2372 5438 foetum
2408 5400 2536 5440 esse
2568 5389 2906 5456 pernegant.
2940 5383 3162 5448 Quibus
3205 5400 3341 5457 ergo
3396 5381 3726 5439 rationibus
3775 5381 3834 5437 id

2171 5474 2528 5547 inﬁcientur,
2581 5474 2912 5532 audiamus.
2959 5476 3194 5542 «Sane,
3236 5473 3433 5547 inquit
3479 5473 3739 5530 Dallzeus
3762 5470 3835 5543 ⁷⁸,

1209 5647 1254 5683 ⁷⁵
1293 5663 1417 5719 cap.
1449 5647 1538 5712 34,
1572 5663 1628 5718 p.
1662 5646 1790 5703 438.
1865 5646 1911 5684 ⁷⁸
1947 5664 2074 5720 cap.
2101 5648 2191 5719 3/1,
2236 5664 2365 5721 pag.
2399 5648 2524 5706 439.
