4026 6206
206 425 317 486 489

1156 418 1228 476 D.
1277 416 1606 479 NOUBRIl
1654 416 2205 484 DISSERTATIO.
2255 458 2329 471 -—
2374 428 2578 488 PARS
2626 426 2675 489 1.

3520 425 3638 485 490

208 564 398 616 totum
430 554 588 611 illud
618 551 998 609 homiliarum
1031 551 1090 607 in
1112 551 1325 608 Lucam
1357 568 1504 623 opus
1538 552 1871 608 Latinorum
1905 556 1957 623 Α
1989 568 2184 615 menta
2214 561 2286 616 ab
2339 562 2467 634 ipso
2507 562 2689 619 Graeci
2719 561 2971 619 auctoris
3002 564 3159 617 textu
3188 560 3642 618 discriminate?

213 647 503 705 natalium
538 643 777 699 indiciis
811 646 1008 697 scatet.
1046 663 1073 690 »
1110 646 1389 713 Longum,
1439 647 1635 713 putas,
1667 640 1877 697 horum

214 738 598 805 indiciorum,
632 734 787 790 sicut
843 733 899 787 in
934 731 1067 787 aliis
1126 731 1253 803 ipse
1308 737 1487 798 amat,
1546 730 1879 802 catalogum

222 826 457 885 texuit?
488 824 665 880 Nullo
702 822 907 878 modo:
950 837 1050 877 sex
1085 824 1312 875 tantum
1347 819 1584 876 illorum
1617 820 1883 892 exempla

216 918 473 983 exhibet,
510 931 637 987 quas
680 929 822 968 sane
855 911 989 982 quia
1022 927 1127 966 nec
1161 909 1347 965 multa
1378 915 1518 965 sunt
1548 926 1654 966 nec
1684 909 1879 981 leuga,

218 1010 284 1065 iis
346 1003 769 1063 examinandis
829 1000 1128 1075 paulisper
1175 999 1580 1057 immoremur.
1622 998 1881 1055 Primum

219 1096 555 1155 desumitur
586 1110 655 1149 ex
697 1091 937 1148 bomilia
967 1091 1022 1145 5.
1058 1111 1087 1139 ‹‹
1114 1090 1233 1162 Ego
1266 1094 1462 1144 autem
1491 1088 1690 1160 alngos
1723 1106 1879 1145 sum.

219 1188 378 1255 Quod
418 1186 558 1241 licet
609 1183 841 1238 Latinus
891 1179 1059 1236 aliter
1088 1178 1461 1249 expresserit,
1496 1182 1693 1233 tamen
1748 1195 1883 1249 pro-

220 1280 338 1350 prie
394 1272 704 1331 transferri
756 1273 948 1343 potest
992 1270 1193 1339 absque
1238 1283 1507 1337 sermone,
1540 1268 1660 1323 sine
1708 1268 1881 1324 ratio-

218 1384 300 1423 ne.
338 1390 369 1415 »
426 1364 768 1422 Secundum
802 1376 870 1415 ex
920 1357 1161 1413 homilia
1218 1362 1417 1412 sexta:
1452 1378 1480 1406 «
1515 1359 1646 1425 Ave,
1694 1357 1884 1429 gratia

221 1459 431 1529 plena:
493 1451 653 1524 quod
696 1454 891 1505 Graece
920 1448 1140 1502 dicitur
1192 1443 1631 1518 κεχαριτωμένη,
1668 1446 1767 1501 ubi
1823 1446 1879 1500 in

220 1544 542 1617 Scripturis
575 1540 715 1597 alibi
764 1538 1026 1609 legerim,
1062 1552 1176 1591 non
1210 1536 1497 1590 recordor.
1534 1556 1562 1584 »
1614 1535 1881 1590 Tertium

223 1655 287 1693 ex
349 1631 598 1689 homilia
630 1631 727 1686 16:
786 1650 815 1678 «
846 1628 1103 1683 Cadaver
1131 1625 1347 1696 quippe
1408 1644 1440 1679 a
1474 1640 1614 1680 casu
1671 1641 1882 1680 nomen

225 1724 464 1794 accepit.
503 1744 531 1771 ››
559 1723 845 1787 Quartum
878 1734 944 1773 ex
980 1715 1279 1782 bomil.2'2,
1315 1714 1415 1769 ubi
1447 1714 1725 1786 Origenes
1759 1714 1881 1769 haec

224 1816 423 1879 verba,
455 1834 483 1861 «
517 1813 817 1866 vertantur
847 1807 905 1862 in
938 1805 1183 1875 lapides,
1221 1825 1249 1853 »
1279 1803 1550 1858 edisserit
1582 1820 1594 1856 :
1633 1824 1661 1853 «
1700 1807 1883 1873 Roga-

232 1910 351 1969 tur,
384 1902 592 1973 inquit,
630 1900 800 1963 Deus,
834 1900 899 1951 ut
940 1894 1237 1966 paulisper
1263 1897 1677 1948 convertantur
1701 1892 1761 1948 in
1798 1892 1884 1947 la-
1912 1922 1960 1987 B

229 1995 431 2067 pides;
468 1993 578 2047 hoc
624 1989 777 2045 enim
810 1988 1041 2042 Crzecus
1096 2000 1287 2040 sermo
1320 1983 1741 2053 signiﬁcantius
1786 2000 1881 2039 so-

231 2090 350 2140 nat.
378 2105 405 2131 ››
439 2080 721 2146 Quintum
757 2093 825 2132 ex
855 2073 1059 2131 homil.
1094 2074 1199 2129 35:
1255 2095 1283 2123 «
1318 2072 1440 2130 Non
1474 2089 1605 2127 cum
1639 2071 1883 2128 articulo

229 2172 560 2246 principem
598 2167 809 2240 posuit,
853 2181 922 2221 ne
953 2169 1175 2220 certum
1221 2163 1515 2218 videretur
1544 2164 1881 2219 ostendere:

229 2263 324 2318 sed
361 2261 495 2316 sine
548 2255 815 2324 articulo,
850 2263 909 2309 ut
940 2270 971 2310 e
1021 2253 1289 2325 pluribus
1345 2268 1527 2307 unum
1556 2269 1683 2308 esse
1718 2269 1884 2307 mon-

227 2355 483 2407 straret:
519 2348 675 2419 quod
736 2346 889 2416 apud
923 2343 1151 2399 Grmcos
1209 2341 1395 2413 magis
1444 2340 1820 2413 intelligitur.
1856 2362 1885 2391 ››

228 2443 470 2498 Sextum
506 2455 577 2493 ex
606 2437 809 2493 eadem
846 2434 1043 2491 homil.
1072 2449 1085 2487 :
1112 2432 1549 2496 «Quadrantem
1574 2432 1662 2487 vel
1695 2432 1886 2488 novis-

224 2533 445 2587 simum
484 2528 817 2593 minutum;
856 2523 1009 2595 quod
1041 2526 1232 2577 Graece
1261 2525 1434 2577 tenue
1466 2521 1580 2577 dici
1615 2526 1825 2593 potest.
1852 2543 1880 2571 ››

224 2621 443 2675 Verum
477 2617 552 2672 de
584 2616 693 2670 hoc
724 2629 966 2669 numero
1000 2612 1235 2667 tertium
1262 2610 1597 2682 exemplum
1634 2611 1755 2666 tolli
1786 2612 1887 2666 de-

222 2711 357 2776 bet;
411 2706 664 2763 Latinus
695 2703 849 2759 enim
908 2701 1197 2771 interpres
1232 2700 1404 2755 verba
1437 2700 1631 2755 Graeca
1686 2704 1890 2771 πτῶμα

219 2796 319 2872 γὰρ
362 2795 473 2850 ἀπὸ
509 2793 771 2852 πτώσεως
831 2788 1070 2863 λέγεται,
1104 2789 1195 2844 his
1231 2789 1449 2844 Latinis
1481 2788 1697 2861 optimo
1757 2788 1889 2844 red-

225 2888 407 2942 didit:
448 2908 469 2935 ι
508 2883 765 2940 Cadaver
812 2883 1030 2952 quippe
1079 2896 1112 2933 a
1141 2894 1281 2935 casu
1316 2894 1529 2934 nomen
1582 2878 1825 2949 accepit.
1861 2900 1889 2927 n

227 2978 294 3032 In
326 2979 544 3046 quarto
592 2972 765 3029 etiam
822 2968 1089 3041 exemplo
1137 2968 1280 3023 nihil
1315 2967 1589 3035 occurrit,
1631 2967 1789 3039 quod
1818 2967 1889 3022 ad

229 3064 512 3136 Origenis
532 3059 1076 3133 interpretationem
1098 3074 1213 3113 non
1238 3059 1546 3129 pertineat.
1572 3056 1721 3120 Quid
1742 3057 1893 3114 enim

231 3154 507 3228 prohibet
537 3150 856 3223 quominus
876 3149 948 3202 ab
980 3146 1227 3218 Origene
1254 3146 1522 3217 quaedam
1549 3146 1606 3201 in
1631 3146 1893 3203 Graecum

228 3242 415 3301 Exodi
448 3243 711 3306 verbum,
746 3255 862 3310 quo
894 3237 1202 3291 Hebraeum
1238 3234 1612 3299 reddebatur,
1646 3235 1765 3290 sint
1796 3237 1894 3290 ob-

230 3287 483 3397 servata,
511 3348 638 3402 quae
673 3287 781 3401 pr;
808 3325 1001 3383 ofﬁcio
1026 3342 1132 3381 suo
1165 3324 1451 3395 interpres
1487 3287 1689 3379 Latina
1721 3324 1892 3380 fecit?
1922 3287 1966 3353 ϐ

230 3426 522 3482 Caeterum
571 3417 964 3475 concedamus
1012 3412 1223 3469 Dalleeo
1264 3412 1442 3467 verba
1472 3411 1573 3467 illa
1604 3430 1732 3484 qua:
1777 3429 1888 3484 pa-

230 3512 495 3571 renthesi
528 3509 613 3565 ibi
644 3508 1023 3569 clauduntur,
1046 3519 1174 3558 esse
1197 3502 1269 3557 ab
1292 3502 1611 3572 interprete
1637 3502 1885 3571 adjecta.

231 3602 515 3670 Quinimo
548 3596 925 3654 concedimus
955 3593 1039 3648 illi
1072 3595 1130 3647 in
1164 3597 1419 3663 quatuor
1448 3589 1581 3646 aliis
1610 3589 1888 3659 exemplis

232 3694 345 3749 alia
380 3707 517 3747 esse
547 3688 722 3743 verba
770 3684 1007 3741 similia.
1040 3682 1150 3739 Sed
1200 3698 1329 3737 cum
1363 3681 1651 3749 interpres
1698 3680 1797 3735 illa
1829 3683 1891 3735 ut

231 3782 524 3838 versionis
562 3795 681 3834 suae
740 3775 1021 3830 rationem
1081 3772 1363 3837 redderet,
1396 3769 1577 3826 velut
1636 3770 1891 3825 auctoris

231 3875 319 3930 sui
360 3874 626 3926 mentem
676 3865 892 3921 clarius
924 3862 1196 3935 aperiret,
1229 3860 1314 3917 vel
1343 3865 1407 3915 ut
1437 3859 1508 3915 iis
1539 3859 1639 3931 qui
1698 3863 1890 3915 Grazce

230 3962 608 4025 nesciebant,
642 3956 839 4012 omnia
882 3953 1139 4023 planiora
1172 3953 1383 4007 faceret
1412 3954 1469 4006 et
1510 3949 1890 4020 evidentiora,

231 4051 421 4107 textui
444 4047 718 4118 Origenis
744 4042 1071 4114 adjicienda
1087 4057 1215 4096 esse
1238 4039 1563 4111 putaverit;
1589 4038 1734 4094 nihil
1759 4038 1892 4094 inde

232 4150 442 4197 contra
476 4138 707 4193 Graecos
741 4134 918 4202 huius
950 4130 1140 4201 operis
1174 4128 1398 4184 natales
1434 4128 1753 4200 quidquam
1776 4128 1893 4182 elﬁ-

234 4246 365 4285 cere
419 4229 692 4299 possunt.
728 4223 794 4277 Et
825 4237 883 4276 re
944 4220 1174 4292 quidem
1215 4234 1350 4272 vera
1383 4218 1442 4272 in
1491 4217 1699 4273 iisdem
1752 4217 1894 4273 locis

235 4317 443 4374 omnia
476 4312 829 4385 Origeniana
858 4314 1014 4379 sunt,
1048 4313 1105 4364 et
1136 4308 1409 4363 Latinum
1450 4305 1687 4377 sapiunt
1716 4304 1894 4361 inter-

235 4412 490 4479 pretein.
527 4401 677 4457 Illud
706 4406 897 4455 autem
931 4415 1001 4454 ex
1058 4414 1123 4453 eo
1167 4396 1501 4453 conﬁrmari
1535 4400 1727 4467 potest
1769 4400 1894 4450 tum

233 4497 396 4568 quod
430 4490 763 4548 additiones
796 4486 1164 4559 paucissima:
1199 4484 1352 4551 sint;
1379 4488 1505 4539 tum
1539 4483 1695 4555 quod
1717 4483 1899 4539 homi-

233 4585 311 4641 lia
345 4584 565 4653 quinta
611 4583 667 4633 et
696 4581 877 4647 sexta,
938 4576 1092 4630 unde
1150 4575 1261 4629 duo
1320 4573 1488 4629 nobis
1539 4572 1901 4643 objiciuntur

234 4670 536 4743 exempla,
569 4682 914 4740 germanum
946 4664 1212 4737 Origenis
1244 4679 1393 4735 opus
1424 4677 1550 4717 esse
1572 4661 1709 4718 hinc
1736 4661 1895 4717 colli-

234 4771 445 4838 gatur,
496 4760 653 4832 quod
684 4758 1055 4821 Ambrosius,
1084 4760 1148 4811 ut
1176 4754 1316 4811 alibi
1347 4752 1603 4809 diximus
1633 4751 1701 4821 ⁷⁷,
1736 4752 1905 4824 plura

235 4873 306 4911 ex
337 4853 434 4909 eis
466 4852 527 4905 in
578 4865 747 4905 suam
780 4846 1077 4920 Evangelii
1106 4845 1430 4903 secundum
1480 4844 1696 4899 Lucam
1728 4859 1903 4915 expo-

237 4946 530 5001 sitionem
564 4938 967 4994 transfuderit.

311 5032 746 5087 Verumtamen
778 5025 1106 5082 Dallaeanus
1138 5024 1412 5080 defensor
1452 5024 1621 5093 urget
1650 5021 1771 5077 haec
1803 5021 1905 5076 ad-

240 5122 582 5177 ditamenta
634 5115 684 5172 si
718 5115 954 5171 Latinos
1014 5112 1231 5169 natales
1287 5128 1401 5166 non
1433 5114 1711 5182 arguunt,
1748 5110 1909 5166 nulla

232 5214 374 5283 jam
406 5211 464 5264 in
500 5207 839 5263 Graecorum
871 5202 1167 5275 operibus,
1193 5216 1444 5273 quorum
1475 5200 1773 5255 versiones
1805 5204 1907 5255 La-

240 5301 411 5356 tinas
454 5300 687 5352 tantum
721 5294 1030 5360 habemus,
1059 5308 1193 5347 vera
1240 5306 1305 5345 ac
1332 5288 1587 5361 genuina
1633 5288 1850 5360 scripta
1879 5306 1912 5345 a

242 5387 481 5462 spuriis
517 5400 687 5457 posse
719 5380 976 5451 amplius
1008 5378 1253 5435 secerni.
1276 5379 1386 5433 Sed
1421 5377 1563 5434 levis
1594 5378 1833 5434 omnino
1856 5383 1914 5435 et

1992 649 2262 706 Plurimae
2295 670 2435 708 sane
2483 654 2749 724 ejusdem
2780 652 3010 724 generis
3057 652 3385 707 additiones
3411 652 3469 707 in
3502 668 3640 722 ope-

1992 755 2123 795 rum
2154 742 2354 797 lrenaei
2388 744 2588 799 Latina
2612 744 3091 813 versione,quam
3116 744 3299 797 solam
3334 743 3635 809 habemus,

1991 836 2340 886 occurrunt:
2377 832 2575 887 nullus
2624 836 2823 887 tamen
2876 832 2934 885 in
2994 848 3058 886 eo
3091 849 3123 887 a
3179 835 3372 885 Graeco
3433 831 3637 888 lrenaai

1991 921 2153 973 textu
2210 920 2597 976 discernenda
2627 920 2915 976 haesitavit
2970 936 3255 991 unquam,
3287 925 3388 975 aut
3447 920 3632 975 falsus

1993 1015 2103 1064 est.

2061 1100 2262 1167 Neque
2304 1097 2540 1165 dixeris,
2574 1098 2725 1169 quod
2760 1098 2806 1153 si
2862 1096 3175 1152 latentibus
3206 1097 3396 1167 nobis,
3448 1097 3643 1167 aliqua

1992 1185 2063 1240 ab
2098 1186 2410 1256 interprete
2443 1188 2590 1242 facta
2621 1187 2741 1242 sint
2779 1186 3197 1251 additamenta,
3229 1186 3302 1241 ab
3336 1185 3434 1241 illo
3466 1187 3641 1241 etiam

1990 1290 2077 1341 ea,
2109 1291 2235 1345 quae
2268 1293 2371 1346 pro
2404 1277 2612 1348 Ignatii
2641 1274 2907 1347 epistolis
2939 1276 3273 1341 citavimus,
3307 1275 3485 1330 textui
3520 1276 3640 1331 Ori-

1991 1362 2156 1433 genis
2188 1365 2365 1434 adjici
2398 1366 2676 1436 potuisse.
2710 1364 2855 1419 Nam
2890 1369 3115 1420 certum
3146 1369 3235 1419 est
3278 1364 3485 1419 harum
3520 1369 3636 1418 Ho-

1991 1451 2287 1508 miliarum
2318 1453 2694 1523 interpretem
2727 1470 2842 1508 non
2884 1468 3012 1507 esse
3048 1453 3347 1517 Ruﬁnum,
3375 1458 3438 1507 ut
3466 1452 3639 1507 Blon-

1991 1540 2180 1597 dellus
2211 1542 2590 1611 ariolabatur,
2626 1543 2725 1598 sed
2784 1542 3220 1611 Hieronymum,
3252 1542 3425 1597 sicuti
3484 1541 3639 1612 ipse-

1993 1635 2110 1686 met
2141 1632 2670 1703 Hieronymus",et
2703 1631 2856 1686 idem
2886 1631 3136 1686 Ruﬁnus
3164 1629 3211 1666 7°
3231 1632 3492 1702 ejusdem
3517 1631 3642 1686 Hie-

1994 1720 2218 1791 ronymi
2262 1720 2450 1775 hostis
2485 1720 2923 1775 iniensissimus
2972 1725 3278 1776 testantur.
3312 1722 3381 1774 At
3412 1725 3643 1776 constat

1991 1808 2407 1880 Hieronymum
2438 1825 2624 1879 pauca
2646 1809 2702 1863 in
2729 1809 2853 1863 suis
2880 1808 3361 1879 (trigenianorum
3396 1825 3637 1880 operum

1992 1896 2360 1953 versionibus
2385 1899 2717 1965 addidisse;
2745 1915 2872 1968 quas
2890 1917 2920 1952 a
2944 1898 3154 1953 Ruﬁno
3181 1898 3457 1952 adnotata
3478 1904 3636 1955 sunt.

1993 1989 2356 2058 Quapropter
2384 2003 2517 2041 cum
2551 1986 2701 2042 inter
2730 1986 2830 2041 illa
2860 1985 3283 2054 testimonium,
3326 1986 3481 2056 quod
3512 2003 3634 2055 pro-

1991 2078 2258 2143 tulimus,
2285 2077 2523 2134 minime
2547 2082 2938 2141 recenseatur,
2963 2075 3105 2131 illud
3138 2092 3269 2131 vere
3292 2077 3363 2130 ab
3394 2076 3637 2147 Origene

1994 2168 2315 2240 profectum
2347 2182 2474 2223 esse
2533 2168 2665 2238 quis
2699 2183 2960 2238 unquam
2994 2166 3108 2221 nisi
3160 2170 3377 2220 temere
3406 2171 3462 2221 et
3492 2165 3637 2222 falso

1994 2273 2201 2327 negare
2231 2258 2443 2312 audeat
2463 2256 2490 2312 ?

2065 2346 2397 2402 Secundum
2432 2346 2630 2402 Dallaai
2689 2350 3075 2412 momentum,
3109 2362 3221 2417 quo
3271 2345 3378 2401 has
3408 2344 3466 2400 in
3530 2349 3643 2401 Lu-

1993 2451 2122 2490 cam
2154 2434 2438 2491 Homilias
2471 2435 2738 2507 Origenis
2769 2451 2897 2491 esse
2932 2440 3124 2505 negat,
3158 2434 3248 2489 his
3278 2434 3471 2490 verbis
3503 2450 3638 2490 con-

1994 2524 2209 2596 cipitur
2236 2525 2320 2580 '0:
2358 2546 2385 2575 ‹‹
2426 2526 2533 2579 Sed
2591 2528 2645 2580 et
2677 2526 2748 2581 ab
2784 2524 2909 2596 ipso
2941 2524 3207 2596 Origenis
3240 2523 3431 2595 genio,
3485 2539 3645 2579 more

1992 2632 2058 2671 ac
2089 2632 2267 2671 sensu
2320 2616 2589 2688 quaedam
2624 2619 2765 2671 sunt
2800 2618 2858 2670 in
2890 2615 3091 2671 eodem
3141 2630 3315 2685 opere
3367 2614 3575 2669 aliena.
3612 2636 3639 2663 »

1992 2707 2156 2772 Quod
2217 2704 2452 2777 quidem
2487 2704 2701 2776 triplici
2757 2704 2981 2760 ratione
3012 2704 3319 2759 ostendere
3374 2708 3640 2759 conatur.

1994 2797 2212 2850 Harum
2245 2794 2433 2865 prima
2453 2799 2561 2861 est,
2596 2794 2881 2865 Spiritum
2915 2797 3185 2849 sanctum
3211 2792 3324 2847 dici
3355 2792 3585 2847 tertiam
3610 2810 3643 2848 a

1994 2883 2162 2939 Patre
2191 2888 2249 2939 et
2279 2881 2423 2938 Filio
2455 2898 2805 2955 personam:
2844 2903 2866 2933 ι
2901 2882 3029 2951 Qui,
3064 2881 3260 2954 inquit
3303 2879 3374 2948 δι,
3403 2882 3486 2937 sic
3517 2882 3640 2937 dis-

1992 2974 2213 3028 tinctus
2267 2988 2530 3043 personas
2582 2971 2641 3026 in
2691 2972 2903 3027 divinis
2960 2988 3118 3041 usus,
3170 2971 3243 3025 ab
3271 2970 3538 3043 Origene,
3595 2970 3644 3026 si

1994 3062 2140 3118 bene
2171 3060 2436 3129 memini,
2486 3060 2717 3116 alienus
2747 3065 2855 3115 est.
2890 3082 2919 3110 »
2949 3061 3055 3115 Sed
3112 3060 3255 3115 bene
3286 3076 3403 3115 non
3434 3060 3646 3115 memi-

1996 3152 2103 3219 nit,
2135 3158 2235 3206 aut
2279 3152 2426 3206 bene
2484 3167 2600 3206 non
2633 3150 2851 3222 legerat
2880 3149 3000 3204 haec
3056 3150 3324 3221 Origenis
3355 3150 3530 3205 verba
3558 3149 3637 3205 85':

1996 3262 2022 3291 «
2056 3242 2170 3295 Nos
2202 3244 2393 3295 autem
2428 3238 2528 3310 qui
2567 3243 2685 3293 tres
2719 3254 2995 3308 personas
3027 3238 3269 3307 Patrem,
3323 3243 3378 3293 et
3410 3238 3642 3307 Filium,

1998 3335 2169 3399 atque
2199 3328 2486 3400 Spiritum
2514 3332 2785 3383 sanctum
2840 3344 2970 3383 esse
3022 3328 3337 3383 credimus.
3374 3351 3402 3378 ››
3445 3332 3647 3399 Neque

1997 3419 2173 3474 etiam
2204 3419 2349 3473 bene
2383 3416 2649 3471 meminit
2706 3416 2778 3471 ab
2809 3415 3011 3472 eodem
3043 3416 3290 3488 Origene
3348 3416 3643 3472 Christum

2000 3506 2139 3562 alibi
2168 3504 2445 3578 appellari
2471 3500 2720 3577 δεύτερον
2754 3502 2951 3573 Θεόν,‹‹
2968 3504 3293 3560 secundum
3325 3505 3506 3560 Deum
3529 3504 3597 3559 ⁸³.
3617 3526 3646 3555 »

2000 3600 2198 3667 Neque
2258 3596 2494 3649 tandem
2528 3594 2673 3648 bene
2707 3593 2976 3648 meminit
3032 3593 3447 3662 Hieronymum
3499 3595 3647 3649 scri-

2002 3684 2189 3756 psisse
2214 3683 2284 3738 ad
2301 3682 2532 3737 Avitum
2565 3682 2634 3749 “,
2661 3682 2717 3736 in
2741 3681 2850 3738 hoc
2867 3681 3174 3753 Origenem
3200 3684 3643 3752 errasse,quod:

2002 3796 2031 3824 ‹‹
2063 3770 2324 3828 Tertium
2356 3771 2640 3841 dignitate
2669 3774 2725 3825 et
2754 3770 2973 3826 honore
3021 3776 3151 3841 post
3190 3769 3413 3824 Patrem
3444 3776 3502 3825 et
3555 3771 3642 3825 Fi-

2002 3863 2147 3918 lium
2179 3861 2388 3916 asserit
2416 3858 2693 3927 Spiritum
2724 3864 3135 3915 sanctum......
3169 3858 3377 3914 Filium
3410 3875 3645 3931 quoque

2005 3952 2290 4007 minorem
2351 3949 2537 4014 Patre,
2569 3964 2634 4003 eo
2666 3950 2822 4019 quod
2872 3948 3167 4004 secundus
3200 3950 3271 4004 ab
3302 3948 3403 4004 illo
3456 3950 3554 4017 sit,
3588 3956 3646 4006 et

2001 4042 2277 4112 Spiritum
2312 4042 2580 4093 sanctum
2612 4036 2945 4092 inferiorem
2970 4036 3177 4105 Filio,»
3210 4042 3319 4093 etc.
3345 4038 3451 4103 Qui
3483 4038 3641 4094 enim

2003 4129 2211 4187 asserit
2239 4126 2515 4200 Spiritum
2551 4133 2817 4183 sanctum
2849 4142 2977 4182 esse
3007 4127 3243 4183 tertium
3275 4128 3558 4198 dignitate
3588 4132 3646 4184 et

2005 4218 2465 4287 honore,Filium
2488 4234 2622 4273 vero
2654 4217 2982 4273 secundum
3015 4221 3071 4272 et
3096 4217 3259 4273 Patre
3292 4217 3649 4285 inferiorem,

2007 4310 2209 4368 abillo
2257 4325 2398 4365 sane
2429 4331 2457 4359 ι(
2490 4308 2805 4364 distinctus
2839 4323 3097 4380 personae
3143 4308 3200 4363 in
3246 4308 3460 4365 divinis
3511 4326 3655 4365 usus

2008 4400 2235 4457 alienus
2266 4420 2294 4449 ››
2330 4415 2444 4454 non
2477 4402 2585 4454 est.

2078 4488 2341 4544 Secunda
2372 4486 2568 4543 Dallsei
2602 4485 2746 4542 ratio
2790 4487 3030 4557 majoris
3062 4503 3176 4542 non
3209 4490 3298 4542 est
3338 4486 3612 4557 ponderis
3644 4501 3657 4540 :

2011 4600 2040 4629 «
2070 4577 2271 4649 Neque
2302 4575 2395 4631 hic
2423 4576 2572 4647 ejus,
2604 4580 2669 4630 ut
2702 4575 2927 4646 opinor,
2952 4575 3163 4645 inquit,
3192 4590 3318 4629 mos
3348 4578 3437 4630 est
3468 4590 3663 4645 perso-

2012 4684 2137 4736 nas,
2168 4666 2323 4738 quod
2356 4665 2464 4720 iste
2497 4681 2610 4719 non
2644 4664 2822 4719 semel
2848 4664 3006 4728 facit,
3035 4662 3310 4717 inducere
3341 4661 3544 4731 longos
3567 4662 3656 4717 vel

2014 4757 2167 4811 inter
2187 4771 2249 4811 se
2269 4754 2355 4809 vel
2377 4754 2532 4826 apud
2560 4753 2745 4809 Deum
2769 4769 3068 4809 sermones
3097 4756 3369 4809 serentes.
3391 4774 3418 4801 »
3440 4752 3656 4807 Verum

2016 4845 2187 4903 sicuti
2219 4844 2382 4917 prius
2416 4843 2512 4898 ille
2531 4860 2646 4899 non
2674 4843 2819 4899 bene
2852 4842 3241 4907 meminit,ita
3267 4858 3371 4896 nec
3402 4841 3496 4896 hic
3519 4842 3664 4896 bene

2017 4936 2297 5007 opinatur.
2319 4933 2625 4987 Enimvero
2656 4932 2928 5002 quamvis
2960 4931 3235 4987 audacter
3266 4931 3475 4986 dixerit
3510 4947 3663 4986 anon

2019 5024 2223 5094 semel,
2255 5045 2284 5073 »
2317 5023 2434 5077 duo
2472 5020 2877 5077 tantummodo
2911 5020 3120 5076 horum
3156 5021 3374 5093 profert
3404 5018 3670 5088 exempla

2018 5129 2398 5181 sermonum;
2459 5110 2556 5183 qui
2587 5109 2863 5182 quoniam
2907 5127 3021 5166 non
3056 5109 3235 5183 longi,
3286 5114 3349 5166 ut
3378 5109 3501 5181 ipse
3532 5124 3674 5163 con-

2020 5204 2299 5259 ﬁdentius
2353 5205 2661 5268 asseverat,
2695 5201 2793 5255 sed
2838 5200 3038 5256 breves
3086 5199 3321 5256 omnino
3353 5202 3509 5266 sunt,
3541 5195 3675 5250 illos

2020 5292 2168 5364 ipsis
2201 5292 2468 5365 Origenis
2499 5291 2714 5355 verbis,
2748 5289 2901 5359 quod
2937 5290 3125 5343 forsan
3156 5288 3406 5343 Dallaeus
3439 5302 3553 5341 non
3577 5302 3677 5340 au-

2023 5399 2128 5438 sus
2159 5385 2267 5448 est,
2302 5381 2560 5451 integros
2593 5378 3161 5448 repraesentabimus.
3211 5377 3444 5431 Primus
3477 5376 3675 5446 itaque

241 5479 497 5534 inﬁrma
527 5479 619 5531 est
646 5473 769 5528 haec
804 5470 1000 5526 Dallaei
1049 5469 1329 5525 defensio.
1365 5467 1509 5532 Quid
1570 5468 1726 5523 enim
1775 5469 1915 5525 viris
2023 5471 2107 5527 sic
2141 5485 2203 5525 se
2236 5470 2449 5523 habet:
2480 5490 2508 5517 «
2539 5467 2880 5537 Respondeo
2912 5465 3038 5531 tibi,
3074 5466 3266 5537 inquit
3295 5465 3572 5533 Origenes
3602 5464 3672 5532 ⁸⁵,

245 5570 435 5625 etiam
460 5561 820 5620 tardioribus
842 5558 1089 5627 facilius,
1114 5574 1293 5629 quam
1314 5556 1655 5627 hujusmodi
1686 5556 1914 5613 addita-

2025 5576 2058 5615 ο
2090 5556 2418 5628 versipellis
2449 5558 2506 5609 et
2538 5569 2814 5624 nequam,
2863 5552 2962 5623 qui
2997 5569 3085 5609 me
3135 5558 3358 5609 tentare
3390 5568 3506 5610 non
3556 5569 3683 5608 me-

332 5683 387 5717 7"
416 5680 715 5739 Admonit.
745 5678 805 5733 in
837 5676 1153 5748 Εωροείῌη
1183 5676 1310 5748 Luc.
1344 5672 1651 5748 τδᾲΡ-τωξᾳῑ.
1685 5674 1744 5748 in
1776 5675 1883 5731 has
1938 5674 2143 5732 homil.
2176 5672 2318 5748 79in
2353 5671 2613 5748 Invenio,
2671 5670 2717 5706 ⁸ο
2748 5686 2872 5744 cap.
2904 5671 2994 5741 34,
3024 5689 3080 5745 p.
3113 5672 3238 5729 439.
3271 5673 3316 5708 ’ί
3363 5674 3562 5730 homil.
3597 5674 3683 5729 15.

247 5760 303 5795 ³³
344 5761 495 5812 tom.
521 5752 622 5820 Vl,
663 5751 726 5806 in
749 5743 986 5808 Joanf“
1015 5747 1119 5805 lib.
1151 5764 1182 5801 v
1214 5747 1337 5803 adv.
1373 5744 1517 5802 Cels.
1550 5744 1597 5779 ⁸4
1629 5746 1799 5818 epist.
1830 5748 1922 5817 69,
1954 5748 2023 5803 ad
2052 5747 2193 5803 Avit.
2228 5746 2274 5781 ⁸⁸
2308 5744 2511 5803 homil.
2541 5743 2631 5801 29.

611 5873 873 5932 Pierson.
921 5869 1030 5930 Gn.
1077 5868 1155 5931 V.

3283 5866 3355 5923 16
