  <div class='ocr_page' id='page_1' title='image "/cluster/home/n/w/nwhite01/storage/ocr_20150623/5/hvd.32044073501272/255.png"; bbox 0 0 4026 6206; ppageno 0'>
   <div class='ocr_carea' id='block_1_1' title="bbox 333 384 440 443">
    <p class='ocr_par' dir='ltr' id='par_1_1' title="bbox 333 384 440 443">
     <span class='ocr_line' id='line_1_1' title="bbox 333 384 440 443; baseline -0.047 0"><span class='ocrx_word' id='word_1_1' title='bbox 333 384 440 443; x_wconf 72' lang='grc'><strong>491</strong></span> 
     </span>
    </p>
   </div>
   <div class='ocr_carea' id='block_1_2' title="bbox 1399 353 2668 423">
    <p class='ocr_par' dir='ltr' id='par_1_2' title="bbox 1399 353 2668 423">
     <span class='ocr_line' id='line_1_2' title="bbox 1399 353 2668 423; baseline -0.009 0"><span class='ocrx_word' id='word_1_2' title='bbox 1399 363 1463 423; x_wconf 90' lang='lat' dir='ltr'><strong>S.</strong></span> <span class='ocrx_word' id='word_1_3' title='bbox 1509 353 1895 422; x_wconf 83' lang='lat' dir='ltr'><strong>IGNATIUS.</strong></span> <span class='ocrx_word' id='word_1_4' title='bbox 1941 387 2020 401; x_wconf 89' lang='lat'><strong>-—</strong></span> <span class='ocrx_word' id='word_1_5' title='bbox 2061 353 2668 416; x_wconf 82' lang='lat' dir='ltr'><strong>PROLEGOMENA.</strong></span> 
     </span>
    </p>
   </div>
   <div class='ocr_carea' id='block_1_3' title="bbox 3622 348 3738 411">
    <p class='ocr_par' dir='ltr' id='par_1_3' title="bbox 3622 348 3738 411">
     <span class='ocr_line' id='line_1_3' title="bbox 3622 348 3738 411; baseline 0.017 -4"><span class='ocrx_word' id='word_1_6' title='bbox 3622 348 3738 411; x_wconf 71' lang='grc'><strong>492</strong></span> 
     </span>
    </p>
   </div>
   <div class='ocr_carea' id='block_1_4' title="bbox 333 483 3746 577">
    <p class='ocr_par' dir='ltr' id='par_1_4' title="bbox 333 483 3746 577">
     <span class='ocr_line' id='line_1_4' title="bbox 333 483 3746 577; baseline -0.01 -4"><span class='ocrx_word' id='word_1_7' title='bbox 333 519 472 573; x_wconf 88' lang='lat' dir='ltr'><strong>tuis.</strong></span> <span class='ocrx_word' id='word_1_8' title='bbox 503 515 664 571; x_wconf 87' lang='lat' dir='ltr'><strong>Alius</strong></span> <span class='ocrx_word' id='word_1_9' title='bbox 696 516 785 568; x_wconf 86' lang='lat' dir='ltr'><strong>est</strong></span> <span class='ocrx_word' id='word_1_10' title='bbox 817 507 978 577; x_wconf 85' lang='lat' dir='ltr'><strong>panis</strong></span> <span class='ocrx_word' id='word_1_11' title='bbox 1010 518 1199 558; x_wconf 91' lang='lat' dir='ltr'><strong>sermo</strong></span> <span class='ocrx_word' id='word_1_12' title='bbox 1222 499 1345 564; x_wconf 86' lang='lat' dir='ltr'><strong>Dei,</strong></span> <span class='ocrx_word' id='word_1_13' title='bbox 1378 497 1476 568; x_wconf 86' lang='lat' dir='ltr'><strong>qui</strong></span> <span class='ocrx_word' id='word_1_14' title='bbox 1505 496 1758 550; x_wconf 81' lang='lat' dir='ltr'><strong>viviﬁcat</strong></span> <span class='ocrx_word' id='word_1_15' title='bbox 1791 489 1974 546; x_wconf 74' lang='lat' dir='ltr'><strong>homi-</strong></span> <span class='ocrx_word' id='word_1_16' title='bbox 2008 494 2059 560; x_wconf 73' lang='grc' dir='ltr'>Α</span> <span class='ocrx_word' id='word_1_17' title='bbox 2165 489 2232 543; x_wconf 88' lang='lat' dir='ltr'><strong>Et</strong></span> <span class='ocrx_word' id='word_1_18' title='bbox 2271 505 2331 545; x_wconf 91' lang='lat' dir='ltr'><strong>re</strong></span> <span class='ocrx_word' id='word_1_19' title='bbox 2361 488 2595 560; x_wconf 87' lang='lat' dir='ltr'><strong>quidem</strong></span> <span class='ocrx_word' id='word_1_20' title='bbox 2628 505 2756 543; x_wconf 90' lang='lat' dir='ltr'><strong>vera</strong></span> <span class='ocrx_word' id='word_1_21' title='bbox 2805 486 3104 558; x_wconf 78' lang='lat' dir='ltr'><strong>Origenes,</strong></span> <span class='ocrx_word' id='word_1_22' title='bbox 3158 488 3302 538; x_wconf 89' lang='lat' dir='ltr'><strong>teste</strong></span> <span class='ocrx_word' id='word_1_23' title='bbox 3360 483 3746 556; x_wconf 83' lang='lat' dir='ltr'><strong>Hieronymo,</strong></span> 
     </span>
    </p>
   </div>
   <div class='ocr_carea' id='block_1_5' title="bbox 335 585 1978 664">
    <p class='ocr_par' dir='ltr' id='par_1_5' title="bbox 335 585 1978 664">
     <span class='ocr_line' id='line_1_5' title="bbox 335 585 1978 664; baseline -0.018 0"><span class='ocrx_word' id='word_1_24' title='bbox 335 625 494 664; x_wconf 87' lang='lat' dir='ltr'><strong>nem.</strong></span> <span class='ocrx_word' id='word_1_25' title='bbox 529 627 556 654; x_wconf 85' lang='lat'>»</span> <span class='ocrx_word' id='word_1_26' title='bbox 613 600 913 657; x_wconf 85' lang='lat' dir='ltr'><strong>Secundus</strong></span> <span class='ocrx_word' id='word_1_27' title='bbox 944 608 1076 647; x_wconf 91' lang='lat' dir='ltr'><strong>vero</strong></span> <span class='ocrx_word' id='word_1_28' title='bbox 1102 589 1187 644; x_wconf 72' lang='grc' dir='ltr'><strong>δδε</strong></span> <span class='ocrx_word' id='word_1_29' title='bbox 1253 611 1280 636; x_wconf 85' lang='grc'><strong>‹‹</strong></span> <span class='ocrx_word' id='word_1_30' title='bbox 1318 588 1383 641; x_wconf 85' lang='lat' dir='ltr'><strong>Et</strong></span> <span class='ocrx_word' id='word_1_31' title='bbox 1414 585 1823 655; x_wconf 82' lang='lat' dir='ltr'><strong>unusquisque</strong></span> <span class='ocrx_word' id='word_1_32' title='bbox 1878 598 1978 636; x_wconf 84' lang='lat' dir='ltr'><strong>no-</strong></span> 
     </span>
    </p>
   </div>
   <div class='ocr_carea' id='block_1_6' title="bbox 337 672 1982 752">
    <p class='ocr_par' dir='ltr' id='par_1_6' title="bbox 337 672 1982 752">
     <span class='ocr_line' id='line_1_6' title="bbox 337 672 1982 752; baseline -0.024 0"><span class='ocrx_word' id='word_1_33' title='bbox 337 703 526 752; x_wconf 85' lang='lat' dir='ltr'><strong>strum</strong></span> <span class='ocrx_word' id='word_1_34' title='bbox 554 706 750 746; x_wconf 90' lang='lat' dir='ltr'><strong>secum</strong></span> <span class='ocrx_word' id='word_1_35' title='bbox 784 685 960 740; x_wconf 87' lang='lat' dir='ltr'><strong>habet</strong></span> <span class='ocrx_word' id='word_1_36' title='bbox 981 678 1373 734; x_wconf 84' lang='lat' dir='ltr'><strong>adversarium</strong></span> <span class='ocrx_word' id='word_1_37' title='bbox 1397 672 1982 739; x_wconf 46' lang='lat' dir='ltr'><strong>cohterentemmujng</strong></span> 
     </span>
    </p>
   </div>
   <div class='ocr_carea' id='block_1_7' title="bbox 336 757 1980 856">
    <p class='ocr_par' dir='ltr' id='par_1_7' title="bbox 336 757 1980 856">
     <span class='ocr_line' id='line_1_7' title="bbox 336 757 1980 856; baseline -0.017 -17"><span class='ocrx_word' id='word_1_38' title='bbox 336 800 482 856; x_wconf 83' lang='lat' dir='ltr'><strong>Opus</strong></span> <span class='ocrx_word' id='word_1_39' title='bbox 514 784 601 834; x_wconf 90' lang='lat' dir='ltr'><strong>est</strong></span> <span class='ocrx_word' id='word_1_40' title='bbox 651 779 864 830; x_wconf 84' lang='lat' dir='ltr'><strong>ducere</strong></span> <span class='ocrx_word' id='word_1_41' title='bbox 895 787 1001 826; x_wconf 88' lang='lat' dir='ltr'><strong>nos</strong></span> <span class='ocrx_word' id='word_1_42' title='bbox 1062 769 1132 824; x_wconf 92' lang='lat' dir='ltr'><strong>ad</strong></span> <span class='ocrx_word' id='word_1_43' title='bbox 1169 766 1512 836; x_wconf 81' lang='lat' dir='ltr'><strong>principem,</strong></span> <span class='ocrx_word' id='word_1_44' title='bbox 1571 770 1625 816; x_wconf 89' lang='lat' dir='ltr'><strong>et</strong></span> <span class='ocrx_word' id='word_1_45' title='bbox 1661 762 1886 815; x_wconf 78' lang='lat' dir='ltr'><strong>dicere:</strong></span> <span class='ocrx_word' id='word_1_46' title='bbox 1938 757 1980 812; x_wconf 95' lang='lat' dir='ltr'><strong>O</strong></span> 
     </span>
    </p>
   </div>
   <div class='ocr_carea' id='block_1_8' title="bbox 336 848 1981 944">
    <p class='ocr_par' dir='ltr' id='par_1_8' title="bbox 336 848 1981 944">
     <span class='ocr_line' id='line_1_8' title="bbox 336 848 1981 944; baseline -0.015 -18"><span class='ocrx_word' id='word_1_47' title='bbox 336 848 631 944; x_wconf 75' lang='lat' dir='ltr'><strong>princeps,</strong></span> <span class='ocrx_word' id='word_1_48' title='bbox 693 863 850 917; x_wconf 87' lang='lat' dir='ltr'><strong>verbi</strong></span> <span class='ocrx_word' id='word_1_49' title='bbox 884 861 1075 933; x_wconf 88' lang='lat' dir='ltr'><strong>gratia</strong></span> <span class='ocrx_word' id='word_1_50' title='bbox 1133 857 1292 928; x_wconf 83' lang='lat' dir='ltr'><strong>regni</strong></span> <span class='ocrx_word' id='word_1_51' title='bbox 1341 854 1670 910; x_wconf 88' lang='lat' dir='ltr'><strong>Persorum.</strong></span> <span class='ocrx_word' id='word_1_52' title='bbox 1732 851 1837 903; x_wconf 63' lang='lat' dir='ltr'><strong>i870.</strong></span> <span class='ocrx_word' id='word_1_53' title='bbox 1882 848 1981 919; x_wconf 87' lang='lat' dir='ltr'><strong>qui</strong></span> 
     </span>
    </p>
   </div>
   <div class='ocr_carea' id='block_1_9' title="bbox 336 943 1981 1021">
    <p class='ocr_par' dir='ltr' id='par_1_9' title="bbox 336 943 1981 1021">
     <span class='ocr_line' id='line_1_9' title="bbox 336 943 1981 1021; baseline -0.016 -6"><span class='ocrx_word' id='word_1_54' title='bbox 336 943 539 1016; x_wconf 83' lang='lat' dir='ltr'><strong>subter</strong></span> <span class='ocrx_word' id='word_1_55' title='bbox 589 959 712 1010; x_wconf 88' lang='lat' dir='ltr'><strong>erat</strong></span> <span class='ocrx_word' id='word_1_56' title='bbox 745 953 870 1021; x_wconf 89' lang='lat' dir='ltr'><strong>tibi,</strong></span> <span class='ocrx_word' id='word_1_57' title='bbox 931 967 1088 1017; x_wconf 90' lang='lat' dir='ltr'><strong>eum,</strong></span> <span class='ocrx_word' id='word_1_58' title='bbox 1123 954 1184 1003; x_wconf 91' lang='lat' dir='ltr'><strong>ut</strong></span> <span class='ocrx_word' id='word_1_59' title='bbox 1242 963 1389 1017; x_wconf 87' lang='lat' dir='ltr'><strong>opus</strong></span> <span class='ocrx_word' id='word_1_60' title='bbox 1420 948 1564 1008; x_wconf 87' lang='lat' dir='ltr'><strong>erat,</strong></span> <span class='ocrx_word' id='word_1_61' title='bbox 1619 943 1920 997; x_wconf 82' lang='lat' dir='ltr'><strong>custodivi.</strong></span> <span class='ocrx_word' id='word_1_62' title='bbox 1954 960 1981 988; x_wconf 85' lang='lat'>»</span> 
     </span>
    </p>
   </div>
   <div class='ocr_carea' id='block_1_10' title="bbox 337 1028 1983 1112">
    <p class='ocr_par' dir='ltr' id='par_1_10' title="bbox 337 1028 1983 1112">
     <span class='ocr_line' id='line_1_10' title="bbox 337 1028 1983 1112; baseline -0.012 -10"><span class='ocrx_word' id='word_1_63' title='bbox 337 1049 483 1112; x_wconf 86' lang='lat' dir='ltr'><strong>Quid</strong></span> <span class='ocrx_word' id='word_1_64' title='bbox 520 1046 612 1100; x_wconf 88' lang='lat' dir='ltr'><strong>his</strong></span> <span class='ocrx_word' id='word_1_65' title='bbox 643 1041 1012 1098; x_wconf 82' lang='lat' dir='ltr'><strong>sermonibus</strong></span> <span class='ocrx_word' id='word_1_66' title='bbox 1044 1038 1131 1093; x_wconf 88' lang='lat' dir='ltr'><strong>vel</strong></span> <span class='ocrx_word' id='word_1_67' title='bbox 1168 1037 1364 1091; x_wconf 90' lang='lat' dir='ltr'><strong>minus</strong></span> <span class='ocrx_word' id='word_1_68' title='bbox 1401 1034 1663 1104; x_wconf 90' lang='lat' dir='ltr'><strong>longum,</strong></span> <span class='ocrx_word' id='word_1_69' title='bbox 1689 1031 1776 1085; x_wconf 88' lang='lat' dir='ltr'><strong>vel</strong></span> <span class='ocrx_word' id='word_1_70' title='bbox 1803 1028 1983 1098; x_wconf 66' lang='lat' dir='ltr'><strong>magis</strong></span> 
     </span>
    </p>
   </div>
   <div class='ocr_carea' id='block_1_11' title="bbox 337 1124 1366 1209">
    <p class='ocr_par' dir='ltr' id='par_1_11' title="bbox 337 1124 1366 1209">
     <span class='ocr_line' id='line_1_11' title="bbox 337 1124 1366 1209; baseline -0.014 -16"><span class='ocrx_word' id='word_1_71' title='bbox 337 1135 751 1209; x_wconf 91' lang='lat' dir='ltr'><strong>Origenianum</strong></span> <span class='ocrx_word' id='word_1_72' title='bbox 783 1128 1102 1188; x_wconf 86' lang='lat' dir='ltr'><strong>desiderari</strong></span> <span class='ocrx_word' id='word_1_73' title='bbox 1137 1124 1366 1198; x_wconf 88' lang='lat' dir='ltr'><strong>potest?</strong></span> 
     </span>
    </p>
   </div>
   <div class='ocr_carea' id='block_1_12' title="bbox 408 1228 1987 1310">
    <p class='ocr_par' dir='ltr' id='par_1_12' title="bbox 408 1228 1987 1310">
     <span class='ocr_line' id='line_1_12' title="bbox 408 1228 1987 1310; baseline -0.012 -12"><span class='ocrx_word' id='word_1_74' title='bbox 408 1244 601 1298; x_wconf 90' lang='lat' dir='ltr'><strong>Tertia</strong></span> <span class='ocrx_word' id='word_1_75' title='bbox 655 1240 900 1310; x_wconf 85' lang='lat' dir='ltr'><strong>denique</strong></span> <span class='ocrx_word' id='word_1_76' title='bbox 932 1235 1122 1292; x_wconf 67' lang='lat' dir='ltr'><strong>Dallaai</strong></span> <span class='ocrx_word' id='word_1_77' title='bbox 1156 1234 1301 1290; x_wconf 90' lang='lat' dir='ltr'><strong>ratio</strong></span> <span class='ocrx_word' id='word_1_78' title='bbox 1352 1233 1436 1288; x_wconf 91' lang='lat' dir='ltr'><strong>sic</strong></span> <span class='ocrx_word' id='word_1_79' title='bbox 1468 1229 1832 1303; x_wconf 82' lang='lat' dir='ltr'><strong>proponitur.</strong></span> <span class='ocrx_word' id='word_1_80' title='bbox 1868 1228 1987 1280; x_wconf 87' lang='lat' dir='ltr'><strong>Au-</strong></span> 
     </span>
    </p>
   </div>
   <div class='ocr_carea' id='block_1_13' title="bbox 338 1317 1984 1392">
    <p class='ocr_par' dir='ltr' id='par_1_13' title="bbox 338 1317 1984 1392">
     <span class='ocr_line' id='line_1_13' title="bbox 338 1317 1984 1392; baseline -0.012 0"><span class='ocrx_word' id='word_1_81' title='bbox 338 1342 463 1392; x_wconf 86' lang='lat' dir='ltr'><strong>ctor</strong></span> <span class='ocrx_word' id='word_1_82' title='bbox 519 1332 892 1388; x_wconf 86' lang='lat' dir='ltr'><strong>homiliarum</strong></span> <span class='ocrx_word' id='word_1_83' title='bbox 951 1327 1290 1383; x_wconf 75' lang='lat' dir='ltr'><strong>Sadducaeos</strong></span> <span class='ocrx_word' id='word_1_84' title='bbox 1347 1322 1482 1378; x_wconf 85' lang='lat' dir='ltr'><strong>inde</strong></span> <span class='ocrx_word' id='word_1_85' title='bbox 1537 1321 1772 1392; x_wconf 83' lang='lat' dir='ltr'><strong>arguit.</strong></span> <span class='ocrx_word' id='word_1_86' title='bbox 1832 1317 1984 1389; x_wconf 88' lang='lat' dir='ltr'><strong>quod</strong></span> 
     </span>
    </p>
   </div>
   <div class='ocr_carea' id='block_1_14' title="bbox 339 1409 1984 1497">
    <p class='ocr_par' dir='ltr' id='par_1_14' title="bbox 339 1409 1984 1497">
     <span class='ocr_line' id='line_1_14' title="bbox 339 1409 1984 1497; baseline -0.015 -17"><span class='ocrx_word' id='word_1_87' title='bbox 339 1425 606 1497; x_wconf 70' lang='lat' dir='ltr'><strong>quaedam</strong></span> <span class='ocrx_word' id='word_1_88' title='bbox 638 1422 799 1477; x_wconf 66' lang='lat' dir='ltr'><strong>Isaiae</strong></span> <span class='ocrx_word' id='word_1_89' title='bbox 831 1428 883 1474; x_wconf 89' lang='lat' dir='ltr'><strong>et</strong></span> <span class='ocrx_word' id='word_1_90' title='bbox 919 1417 1281 1473; x_wconf 82' lang='lat' dir='ltr'><strong>Psaltnorum</strong></span> <span class='ocrx_word' id='word_1_91' title='bbox 1315 1414 1488 1470; x_wconf 90' lang='lat' dir='ltr'><strong>verba</strong></span> <span class='ocrx_word' id='word_1_92' title='bbox 1513 1435 1541 1463; x_wconf 86' lang='lat'><strong>«</strong></span> <span class='ocrx_word' id='word_1_93' title='bbox 1566 1409 1984 1483; x_wconf 81' lang='lat' dir='ltr'><strong>corporaliter»</strong></span> 
     </span>
    </p>
   </div>
   <div class='ocr_carea' id='block_1_15' title="bbox 338 1501 1984 1586">
    <p class='ocr_par' dir='ltr' id='par_1_15' title="bbox 338 1501 1984 1586">
     <span class='ocr_line' id='line_1_15' title="bbox 338 1501 1984 1586; baseline -0.011 -17"><span class='ocrx_word' id='word_1_94' title='bbox 338 1513 711 1585; x_wconf 83' lang='lat' dir='ltr'><strong>explicarent,</strong></span> <span class='ocrx_word' id='word_1_95' title='bbox 749 1527 874 1580; x_wconf 64' lang='lat' dir='ltr'><strong>qure</strong></span> <span class='ocrx_word' id='word_1_96' title='bbox 911 1509 1032 1586; x_wconf 91' lang='lat' dir='ltr'><strong>ipse</strong></span> <span class='ocrx_word' id='word_1_97' title='bbox 1059 1504 1345 1576; x_wconf 89' lang='lat' dir='ltr'><strong>spirituali</strong></span> <span class='ocrx_word' id='word_1_98' title='bbox 1385 1518 1562 1558; x_wconf 90' lang='lat' dir='ltr'><strong>sensu</strong></span> <span class='ocrx_word' id='word_1_99' title='bbox 1595 1501 1984 1570; x_wconf 85' lang='lat' dir='ltr'><strong>interpretan-</strong></span> 
     </span>
    </p>
   </div>
   <div class='ocr_carea' id='block_1_16' title="bbox 338 1587 1991 1660">
    <p class='ocr_par' dir='ltr' id='par_1_16' title="bbox 338 1587 1991 1660">
     <span class='ocr_line' id='line_1_16' title="bbox 338 1587 1991 1660; baseline -0.01 -1"><span class='ocrx_word' id='word_1_100' title='bbox 338 1606 410 1659; x_wconf 90' lang='lat' dir='ltr'><strong>da</strong></span> <span class='ocrx_word' id='word_1_101' title='bbox 440 1617 568 1657; x_wconf 90' lang='lat' dir='ltr'><strong>esse</strong></span> <span class='ocrx_word' id='word_1_102' title='bbox 603 1600 960 1655; x_wconf 77' lang='lat' dir='ltr'><strong>arbitratur:</strong></span> <span class='ocrx_word' id='word_1_103' title='bbox 996 1617 1023 1644; x_wconf 87' lang='grc'><em>‹‹</em></span> <span class='ocrx_word' id='word_1_104' title='bbox 1057 1594 1194 1658; x_wconf 68' lang='lat' dir='ltr'><strong>Quae</strong></span> <span class='ocrx_word' id='word_1_105' title='bbox 1220 1591 1438 1660; x_wconf 86' lang='lat' dir='ltr'><strong>omnia,</strong></span> <span class='ocrx_word' id='word_1_106' title='bbox 1469 1589 1663 1660; x_wconf 79' lang='lat' dir='ltr'><strong>inquit</strong></span> <span class='ocrx_word' id='word_1_107' title='bbox 1690 1587 1757 1657; x_wconf 80' lang='grc'><strong>⁸⁷,</strong></span> <span class='ocrx_word' id='word_1_108' title='bbox 1792 1603 1991 1660; x_wconf 86' lang='lat' dir='ltr'><strong>corpo-</strong></span> 
     </span>
    </p>
   </div>
   <div class='ocr_carea' id='block_1_17' title="bbox 341 1677 1989 1757">
    <p class='ocr_par' dir='ltr' id='par_1_17' title="bbox 341 1677 1989 1757">
     <span class='ocr_line' id='line_1_17' title="bbox 341 1677 1989 1757; baseline -0.008 -11"><span class='ocrx_word' id='word_1_109' title='bbox 341 1692 539 1747; x_wconf 84' lang='lat' dir='ltr'><strong>raliter</strong></span> <span class='ocrx_word' id='word_1_110' title='bbox 581 1686 1044 1757; x_wconf 82' lang='lat' dir='ltr'><strong>intelligentibus</strong></span> <span class='ocrx_word' id='word_1_111' title='bbox 1087 1680 1444 1746; x_wconf 72' lang='lat' dir='ltr'><strong>Sadducaeis,</strong></span> <span class='ocrx_word' id='word_1_112' title='bbox 1477 1680 1573 1750; x_wconf 90' lang='lat' dir='ltr'><strong>qui</strong></span> <span class='ocrx_word' id='word_1_113' title='bbox 1606 1683 1771 1734; x_wconf 89' lang='lat' dir='ltr'><strong>erant</strong></span> <span class='ocrx_word' id='word_1_114' title='bbox 1803 1677 1989 1748; x_wconf 89' lang='lat' dir='ltr'><strong>portio</strong></span> 
     </span>
    </p>
   </div>
   <div class='ocr_carea' id='block_1_18' title="bbox 338 1765 1989 1843">
    <p class='ocr_par' dir='ltr' id='par_1_18' title="bbox 338 1765 1989 1843">
     <span class='ocr_line' id='line_1_18' title="bbox 338 1765 1989 1843; baseline -0.015 -7"><span class='ocrx_word' id='word_1_115' title='bbox 338 1781 697 1843; x_wconf 82' lang='lat' dir='ltr'><strong>Judaeorum,</strong></span> <span class='ocrx_word' id='word_1_116' title='bbox 731 1777 873 1830; x_wconf 85' lang='lat' dir='ltr'><strong>dicit</strong></span> <span class='ocrx_word' id='word_1_117' title='bbox 903 1775 1164 1828; x_wconf 77' lang='lat' dir='ltr'><strong>Salvator</strong></span> <span class='ocrx_word' id='word_1_118' title='bbox 1195 1788 1207 1826; x_wconf 93' lang='lat'><strong>:</strong></span> <span class='ocrx_word' id='word_1_119' title='bbox 1241 1771 1472 1826; x_wconf 72' lang='lat' dir='ltr'><strong>Nescitis</strong></span> <span class='ocrx_word' id='word_1_120' title='bbox 1520 1766 1832 1839; x_wconf 66' lang='lat' dir='ltr'><strong>Scriptura:</strong></span> <span class='ocrx_word' id='word_1_121' title='bbox 1863 1765 1929 1822; x_wconf 82' lang='grc'><strong>⁸⁸.</strong></span> <span class='ocrx_word' id='word_1_122' title='bbox 1961 1785 1989 1814; x_wconf 83' lang='lat'><strong>»</strong></span> 
     </span>
    </p>
   </div>
   <div class='ocr_carea' id='block_1_19' title="bbox 343 1855 2070 1940">
    <p class='ocr_par' dir='ltr' id='par_1_19' title="bbox 343 1855 2070 1940">
     <span class='ocr_line' id='line_1_19' title="bbox 343 1855 2070 1940; baseline -0.01 -15"><span class='ocrx_word' id='word_1_123' title='bbox 343 1870 539 1940; x_wconf 84' lang='lat' dir='ltr'><strong>Atqui,</strong></span> <span class='ocrx_word' id='word_1_124' title='bbox 574 1868 655 1922; x_wconf 88' lang='lat' dir='ltr'><strong>ait</strong></span> <span class='ocrx_word' id='word_1_125' title='bbox 686 1864 958 1926; x_wconf 72' lang='lat' dir='ltr'><strong>Dallaaus,</strong></span> <span class='ocrx_word' id='word_1_126' title='bbox 993 1862 1101 1917; x_wconf 89' lang='lat' dir='ltr'><strong>hoc</strong></span> <span class='ocrx_word' id='word_1_127' title='bbox 1125 1863 1344 1932; x_wconf 80' lang='lat' dir='ltr'><strong>pugnat</strong></span> <span class='ocrx_word' id='word_1_128' title='bbox 1373 1874 1504 1914; x_wconf 91' lang='lat' dir='ltr'><strong>cum</strong></span> <span class='ocrx_word' id='word_1_129' title='bbox 1537 1855 1907 1928; x_wconf 87' lang='lat' dir='ltr'><strong>0rigene,qui</strong></span> <span class='ocrx_word' id='word_1_130' title='bbox 1931 1855 1988 1908; x_wconf 92' lang='lat' dir='ltr'><strong>in</strong></span> <span class='ocrx_word' id='word_1_131' title='bbox 2021 1861 2070 1927; x_wconf 80' lang='grc' dir='ltr'><strong>Β</strong></span> 
     </span>
    </p>
   </div>
   <div class='ocr_carea' id='block_1_20' title="bbox 345 1945 1986 2032">
    <p class='ocr_par' dir='ltr' id='par_1_20' title="bbox 345 1945 1986 2032">
     <span class='ocr_line' id='line_1_20' title="bbox 345 1945 1986 2032; baseline -0.01 -16"><span class='ocrx_word' id='word_1_132' title='bbox 345 1956 618 2032; x_wconf 84' lang='lat' dir='ltr'><strong>genuinis</strong></span> <span class='ocrx_word' id='word_1_133' title='bbox 641 1954 927 2026; x_wconf 90' lang='lat' dir='ltr'><strong>Operibus</strong></span> <span class='ocrx_word' id='word_1_134' title='bbox 959 1951 1104 2007; x_wconf 78' lang='lat' dir='ltr'><strong>alios</strong></span> <span class='ocrx_word' id='word_1_135' title='bbox 1125 1948 1348 2005; x_wconf 83' lang='lat' dir='ltr'><strong>Veteris</strong></span> <span class='ocrx_word' id='word_1_136' title='bbox 1380 1945 1986 2017; x_wconf 73' lang='lat' dir='ltr'><strong>Testamenti,pra:ter</strong></span> 
     </span>
    </p>
   </div>
   <div class='ocr_carea' id='block_1_21' title="bbox 345 2034 1985 2120">
    <p class='ocr_par' dir='ltr' id='par_1_21' title="bbox 345 2034 1985 2120">
     <span class='ocr_line' id='line_1_21' title="bbox 345 2034 1985 2120; baseline -0.01 -16"><span class='ocrx_word' id='word_1_137' title='bbox 345 2047 559 2120; x_wconf 79' lang='lat' dir='ltr'><strong>Moysis</strong></span> <span class='ocrx_word' id='word_1_138' title='bbox 588 2044 769 2100; x_wconf 87' lang='lat' dir='ltr'><strong>libros</strong></span> <span class='ocrx_word' id='word_1_139' title='bbox 800 2044 858 2098; x_wconf 91' lang='lat' dir='ltr'><strong>in</strong></span> <span class='ocrx_word' id='word_1_140' title='bbox 891 2057 1171 2098; x_wconf 80' lang='lat' dir='ltr'><strong>canonem</strong></span> <span class='ocrx_word' id='word_1_141' title='bbox 1205 2038 1661 2110; x_wconf 84' lang='lat' dir='ltr'><strong>Scripturarum,</strong></span> <span class='ocrx_word' id='word_1_142' title='bbox 1694 2052 1727 2091; x_wconf 90' lang='lat' dir='ltr'><strong>a</strong></span> <span class='ocrx_word' id='word_1_143' title='bbox 1765 2034 1985 2090; x_wconf 91' lang='lat' dir='ltr'><strong>Saddu-</strong></span> 
     </span>
    </p>
   </div>
   <div class='ocr_carea' id='block_1_22' title="bbox 346 2123 1985 2205">
    <p class='ocr_par' dir='ltr' id='par_1_22' title="bbox 346 2123 1985 2205">
     <span class='ocr_line' id='line_1_22' title="bbox 346 2123 1985 2205; baseline -0.01 -12"><span class='ocrx_word' id='word_1_144' title='bbox 346 2139 480 2192; x_wconf 67' lang='lat' dir='ltr'><strong>eaeis</strong></span> <span class='ocrx_word' id='word_1_145' title='bbox 513 2134 685 2205; x_wconf 85' lang='lat' dir='ltr'><strong>recipi</strong></span> <span class='ocrx_word' id='word_1_146' title='bbox 713 2133 1029 2188; x_wconf 85' lang='lat' dir='ltr'><strong>inficiatur.</strong></span> <span class='ocrx_word' id='word_1_147' title='bbox 1054 2129 1164 2186; x_wconf 90' lang='lat' dir='ltr'><strong>Sed</strong></span> <span class='ocrx_word' id='word_1_148' title='bbox 1191 2127 1347 2184; x_wconf 88' lang='lat' dir='ltr'><strong>aliud</strong></span> <span class='ocrx_word' id='word_1_149' title='bbox 1380 2132 1469 2183; x_wconf 88' lang='lat' dir='ltr'><strong>est</strong></span> <span class='ocrx_word' id='word_1_150' title='bbox 1488 2125 1704 2181; x_wconf 90' lang='lat' dir='ltr'><strong>librum</strong></span> <span class='ocrx_word' id='word_1_151' title='bbox 1728 2123 1985 2195; x_wconf 86' lang='lat' dir='ltr'><strong>aliquem</strong></span> 
     </span>
    </p>
   </div>
   <div class='ocr_carea' id='block_1_23' title="bbox 340 2213 1988 2295">
    <p class='ocr_par' dir='ltr' id='par_1_23' title="bbox 340 2213 1988 2295">
     <span class='ocr_line' id='line_1_23' title="bbox 340 2213 1988 2295; baseline -0.009 -14"><span class='ocrx_word' id='word_1_152' title='bbox 340 2226 399 2281; x_wconf 92' lang='lat' dir='ltr'><strong>in</strong></span> <span class='ocrx_word' id='word_1_153' title='bbox 434 2225 864 2295; x_wconf 88' lang='lat' dir='ltr'><strong>Scripturarum</strong></span> <span class='ocrx_word' id='word_1_154' title='bbox 909 2219 1116 2275; x_wconf 87' lang='lat' dir='ltr'><strong>ascribi</strong></span> <span class='ocrx_word' id='word_1_155' title='bbox 1152 2232 1459 2285; x_wconf 90' lang='lat' dir='ltr'><strong>canonem,</strong></span> <span class='ocrx_word' id='word_1_156' title='bbox 1491 2215 1646 2271; x_wconf 89' lang='lat' dir='ltr'><strong>aliud</strong></span> <span class='ocrx_word' id='word_1_157' title='bbox 1678 2230 1814 2269; x_wconf 85' lang='lat' dir='ltr'><strong>vero</strong></span> <span class='ocrx_word' id='word_1_158' title='bbox 1859 2213 1988 2284; x_wconf 87' lang='lat' dir='ltr'><strong>ejus</strong></span> 
     </span>
    </p>
   </div>
   <div class='ocr_carea' id='block_1_24' title="bbox 340 2301 1989 2384">
    <p class='ocr_par' dir='ltr' id='par_1_24' title="bbox 340 2301 1989 2384">
     <span class='ocr_line' id='line_1_24' title="bbox 340 2301 1989 2384; baseline -0.007 -15"><span class='ocrx_word' id='word_1_159' title='bbox 340 2314 517 2370; x_wconf 86' lang='lat' dir='ltr'><strong>verba</strong></span> <span class='ocrx_word' id='word_1_160' title='bbox 575 2309 956 2384; x_wconf 89' lang='lat' dir='ltr'><strong>corporaliter</strong></span> <span class='ocrx_word' id='word_1_161' title='bbox 988 2306 1256 2380; x_wconf 88' lang='lat' dir='ltr'><strong>intelligi.</strong></span> <span class='ocrx_word' id='word_1_162' title='bbox 1314 2307 1494 2364; x_wconf 86' lang='lat' dir='ltr'><strong>Unum</strong></span> <span class='ocrx_word' id='word_1_163' title='bbox 1538 2304 1598 2360; x_wconf 88' lang='lat' dir='ltr'><strong>in</strong></span> <span class='ocrx_word' id='word_1_164' title='bbox 1657 2301 1989 2360; x_wconf 64' lang='lat' dir='ltr'><strong>Sadducaais</strong></span> 
     </span>
    </p>
   </div>
   <div class='ocr_carea' id='block_1_25' title="bbox 343 2393 1987 2478">
    <p class='ocr_par' dir='ltr' id='par_1_25' title="bbox 343 2393 1987 2478">
     <span class='ocr_line' id='line_1_25' title="bbox 343 2393 1987 2478; baseline -0.007 -18"><span class='ocrx_word' id='word_1_165' title='bbox 343 2401 685 2478; x_wconf 85' lang='lat' dir='ltr'><strong>perstringit</strong></span> <span class='ocrx_word' id='word_1_166' title='bbox 713 2405 914 2456; x_wconf 85' lang='lat' dir='ltr'><strong>auctor</strong></span> <span class='ocrx_word' id='word_1_167' title='bbox 957 2404 1173 2464; x_wconf 88' lang='lat' dir='ltr'><strong>noster,</strong></span> <span class='ocrx_word' id='word_1_168' title='bbox 1207 2413 1320 2452; x_wconf 88' lang='lat' dir='ltr'><strong>non</strong></span> <span class='ocrx_word' id='word_1_169' title='bbox 1353 2411 1486 2451; x_wconf 90' lang='lat' dir='ltr'><strong>vero</strong></span> <span class='ocrx_word' id='word_1_170' title='bbox 1515 2393 1766 2450; x_wconf 87' lang='lat' dir='ltr'><strong>alterum</strong></span> <span class='ocrx_word' id='word_1_171' title='bbox 1793 2411 1808 2462; x_wconf 84' lang='lat'><strong>;</strong></span> <span class='ocrx_word' id='word_1_172' title='bbox 1859 2409 1987 2463; x_wconf 88' lang='lat' dir='ltr'><strong>pro-</strong></span> 
     </span>
    </p>
   </div>
   <div class='ocr_carea' id='block_1_26' title="bbox 343 2483 1988 2564">
    <p class='ocr_par' dir='ltr' id='par_1_26' title="bbox 343 2483 1988 2564">
     <span class='ocr_line' id='line_1_26' title="bbox 343 2483 1988 2564; baseline -0.008 -14"><span class='ocrx_word' id='word_1_173' title='bbox 343 2495 587 2564; x_wconf 88' lang='lat' dir='ltr'><strong>indeque</strong></span> <span class='ocrx_word' id='word_1_174' title='bbox 645 2489 911 2562; x_wconf 88' lang='lat' dir='ltr'><strong>Origenis</strong></span> <span class='ocrx_word' id='word_1_175' title='bbox 943 2486 1245 2545; x_wconf 84' lang='lat' dir='ltr'><strong>sententias</strong></span> <span class='ocrx_word' id='word_1_176' title='bbox 1293 2483 1453 2542; x_wconf 90' lang='lat' dir='ltr'><strong>nullo</strong></span> <span class='ocrx_word' id='word_1_177' title='bbox 1487 2485 1658 2540; x_wconf 90' lang='lat' dir='ltr'><strong>modo</strong></span> <span class='ocrx_word' id='word_1_178' title='bbox 1718 2483 1988 2539; x_wconf 87' lang='lat' dir='ltr'><strong>adversa-</strong></span> 
     </span>
    </p>
   </div>
   <div class='ocr_carea' id='block_1_27' title="bbox 344 2589 461 2640">
    <p class='ocr_par' dir='ltr' id='par_1_27' title="bbox 344 2589 461 2640">
     <span class='ocr_line' id='line_1_27' title="bbox 344 2589 461 2640; baseline -0.043 0"><span class='ocrx_word' id='word_1_179' title='bbox 344 2589 461 2640; x_wconf 90' lang='lat' dir='ltr'><strong>tur.</strong></span> 
     </span>
    </p>
   </div>
   <div class='ocr_carea' id='block_1_28' title="bbox 418 2680 1988 2761">
    <p class='ocr_par' dir='ltr' id='par_1_28' title="bbox 418 2680 1988 2761">
     <span class='ocr_line' id='line_1_28' title="bbox 418 2680 1988 2761; baseline -0.007 -15"><span class='ocrx_word' id='word_1_180' title='bbox 418 2691 518 2747; x_wconf 82' lang='lat' dir='ltr'><strong>Hic</strong></span> <span class='ocrx_word' id='word_1_181' title='bbox 571 2688 802 2761; x_wconf 87' lang='lat' dir='ltr'><strong>magnis</strong></span> <span class='ocrx_word' id='word_1_182' title='bbox 862 2685 1076 2742; x_wconf 88' lang='lat' dir='ltr'><strong>animis</strong></span> <span class='ocrx_word' id='word_1_183' title='bbox 1133 2682 1386 2755; x_wconf 85' lang='lat' dir='ltr'><strong>insurgit</strong></span> <span class='ocrx_word' id='word_1_184' title='bbox 1446 2680 1642 2737; x_wconf 74' lang='lat' dir='ltr'><strong>Dalltei</strong></span> <span class='ocrx_word' id='word_1_185' title='bbox 1701 2681 1988 2746; x_wconf 78' lang='lat' dir='ltr'><strong>defensor,</strong></span> 
     </span>
    </p>
   </div>
   <div class='ocr_carea' id='block_1_29' title="bbox 346 2770 1990 2851">
    <p class='ocr_par' dir='ltr' id='par_1_29' title="bbox 346 2770 1990 2851">
     <span class='ocr_line' id='line_1_29' title="bbox 346 2770 1990 2851; baseline -0.009 -14"><span class='ocrx_word' id='word_1_186' title='bbox 346 2781 763 2851; x_wconf 89' lang='lat' dir='ltr'><strong>contenditque</strong></span> <span class='ocrx_word' id='word_1_187' title='bbox 791 2778 1138 2832; x_wconf 72' lang='lat' dir='ltr'><strong>Sadducaaos</strong></span> <span class='ocrx_word' id='word_1_188' title='bbox 1159 2775 1314 2846; x_wconf 89' lang='lat' dir='ltr'><strong>quod</strong></span> <span class='ocrx_word' id='word_1_189' title='bbox 1348 2772 1712 2828; x_wconf 88' lang='lat' dir='ltr'><strong>Psalmorum</strong></span> <span class='ocrx_word' id='word_1_190' title='bbox 1743 2778 1800 2827; x_wconf 93' lang='lat' dir='ltr'><strong>et</strong></span> <span class='ocrx_word' id='word_1_191' title='bbox 1831 2770 1990 2826; x_wconf 71' lang='lat' dir='ltr'><strong>Isaia:</strong></span> 
     </span>
    </p>
   </div>
   <div class='ocr_carea' id='block_1_30' title="bbox 346 2859 1992 2938">
    <p class='ocr_par' dir='ltr' id='par_1_30' title="bbox 346 2859 1992 2938">
     <span class='ocr_line' id='line_1_30' title="bbox 346 2859 1992 2938; baseline -0.009 -12"><span class='ocrx_word' id='word_1_192' title='bbox 346 2869 519 2926; x_wconf 85' lang='lat' dir='ltr'><strong>verba</strong></span> <span class='ocrx_word' id='word_1_193' title='bbox 551 2866 933 2938; x_wconf 87' lang='lat' dir='ltr'><strong>corporaliter</strong></span> <span class='ocrx_word' id='word_1_194' title='bbox 961 2863 1373 2934; x_wconf 80' lang='lat' dir='ltr'><strong>intelligerent,</strong></span> <span class='ocrx_word' id='word_1_195' title='bbox 1407 2877 1522 2916; x_wconf 90' lang='lat' dir='ltr'><strong>non</strong></span> <span class='ocrx_word' id='word_1_196' title='bbox 1565 2860 1678 2915; x_wconf 91' lang='lat' dir='ltr'><strong>alio</strong></span> <span class='ocrx_word' id='word_1_197' title='bbox 1709 2876 1885 2914; x_wconf 91' lang='lat' dir='ltr'><strong>sensu</strong></span> <span class='ocrx_word' id='word_1_198' title='bbox 1919 2859 1992 2913; x_wconf 92' lang='lat' dir='ltr'><strong>ab</strong></span> 
     </span>
    </p>
   </div>
   <div class='ocr_carea' id='block_1_31' title="bbox 348 2950 1995 3023">
    <p class='ocr_par' dir='ltr' id='par_1_31' title="bbox 348 2950 1995 3023">
     <span class='ocr_line' id='line_1_31' title="bbox 348 2950 1995 3023; baseline -0.008 -6"><span class='ocrx_word' id='word_1_199' title='bbox 348 2960 548 3017; x_wconf 91' lang='lat' dir='ltr'><strong>eodem</strong></span> <span class='ocrx_word' id='word_1_200' title='bbox 580 2969 814 3014; x_wconf 89' lang='lat' dir='ltr'><strong>auctore</strong></span> <span class='ocrx_word' id='word_1_201' title='bbox 866 2954 1074 3019; x_wconf 90' lang='lat' dir='ltr'><strong>notari,</strong></span> <span class='ocrx_word' id='word_1_202' title='bbox 1111 2953 1222 3006; x_wconf 88' lang='lat' dir='ltr'><strong>nisi</strong></span> <span class='ocrx_word' id='word_1_203' title='bbox 1256 2952 1395 3023; x_wconf 87' lang='lat' dir='ltr'><strong>quia</strong></span> <span class='ocrx_word' id='word_1_204' title='bbox 1425 2951 1530 3006; x_wconf 85' lang='lat' dir='ltr'><strong>hos</strong></span> <span class='ocrx_word' id='word_1_205' title='bbox 1582 2950 1763 3005; x_wconf 91' lang='lat' dir='ltr'><strong>libros</strong></span> <span class='ocrx_word' id='word_1_206' title='bbox 1807 2950 1878 3004; x_wconf 85' lang='lat' dir='ltr'><strong>ab</strong></span> <span class='ocrx_word' id='word_1_207' title='bbox 1910 2950 1995 3004; x_wconf 88' lang='lat' dir='ltr'><strong>eis</strong></span> 
     </span>
    </p>
   </div>
   <div class='ocr_carea' id='block_1_32' title="bbox 349 3039 1993 3119">
    <p class='ocr_par' dir='ltr' id='par_1_32' title="bbox 349 3039 1993 3119">
     <span class='ocr_line' id='line_1_32' title="bbox 349 3039 1993 3119; baseline -0.009 -13"><span class='ocrx_word' id='word_1_208' title='bbox 349 3052 409 3106; x_wconf 87' lang='lat' dir='ltr'><strong>in</strong></span> <span class='ocrx_word' id='word_1_209' title='bbox 467 3051 896 3119; x_wconf 87' lang='lat' dir='ltr'><strong>Scripturarum</strong></span> <span class='ocrx_word' id='word_1_210' title='bbox 935 3058 1218 3099; x_wconf 86' lang='lat' dir='ltr'><strong>canonem</strong></span> <span class='ocrx_word' id='word_1_211' title='bbox 1249 3045 1510 3111; x_wconf 87' lang='lat' dir='ltr'><strong>receptos</strong></span> <span class='ocrx_word' id='word_1_212' title='bbox 1540 3039 1685 3095; x_wconf 85' lang='lat' dir='ltr'><strong>falso</strong></span> <span class='ocrx_word' id='word_1_213' title='bbox 1719 3040 1829 3094; x_wconf 85' lang='lat' dir='ltr'><strong>sibi</strong></span> <span class='ocrx_word' id='word_1_214' title='bbox 1863 3054 1993 3110; x_wconf 88' lang='lat' dir='ltr'><strong>per-</strong></span> 
     </span>
    </p>
   </div>
   <div class='ocr_carea' id='block_1_33' title="bbox 350 3129 1995 3203">
    <p class='ocr_par' dir='ltr' id='par_1_33' title="bbox 350 3129 1995 3203">
     <span class='ocr_line' id='line_1_33' title="bbox 350 3129 1995 3203; baseline -0.006 -9"><span class='ocrx_word' id='word_1_215' title='bbox 350 3146 636 3194; x_wconf 87' lang='lat' dir='ltr'><strong>suaserat.</strong></span> <span class='ocrx_word' id='word_1_216' title='bbox 689 3133 865 3200; x_wconf 85' lang='lat' dir='ltr'><strong>Quasi</strong></span> <span class='ocrx_word' id='word_1_217' title='bbox 896 3148 1025 3187; x_wconf 85' lang='lat' dir='ltr'><strong>vero</strong></span> <span class='ocrx_word' id='word_1_218' title='bbox 1081 3130 1278 3185; x_wconf 89' lang='lat' dir='ltr'><strong>nullus</strong></span> <span class='ocrx_word' id='word_1_219' title='bbox 1309 3145 1440 3184; x_wconf 85' lang='lat' dir='ltr'><strong>cum</strong></span> <span class='ocrx_word' id='word_1_220' title='bbox 1499 3129 1617 3184; x_wconf 91' lang='lat' dir='ltr'><strong>ullo</strong></span> <span class='ocrx_word' id='word_1_221' title='bbox 1657 3133 1895 3184; x_wconf 83' lang='lat' dir='ltr'><strong>auctore</strong></span> <span class='ocrx_word' id='word_1_222' title='bbox 1926 3130 1995 3203; x_wconf 86' lang='lat' dir='ltr'><strong>de</strong></span> 
     </span>
    </p>
   </div>
   <div class='ocr_carea' id='block_1_34' title="bbox 351 3217 2076 3297">
    <p class='ocr_par' dir='ltr' id='par_1_34' title="bbox 351 3217 2076 3297">
     <span class='ocr_line' id='line_1_34' title="bbox 351 3217 2076 3297; baseline -0.007 -15"><span class='ocrx_word' id='word_1_223' title='bbox 351 3227 586 3297; x_wconf 89' lang='lat' dir='ltr'><strong>scriptis</strong></span> <span class='ocrx_word' id='word_1_224' title='bbox 630 3222 1006 3294; x_wconf 82' lang='lat' dir='ltr'><strong>corporaliter</strong></span> <span class='ocrx_word' id='word_1_225' title='bbox 1034 3219 1364 3285; x_wconf 88' lang='lat' dir='ltr'><strong>intellectis,</strong></span> <span class='ocrx_word' id='word_1_226' title='bbox 1426 3219 1538 3273; x_wconf 88' lang='lat' dir='ltr'><strong>nisi</strong></span> <span class='ocrx_word' id='word_1_227' title='bbox 1571 3218 1640 3273; x_wconf 89' lang='lat' dir='ltr'><strong>de</strong></span> <span class='ocrx_word' id='word_1_228' title='bbox 1673 3217 1811 3273; x_wconf 91' lang='lat' dir='ltr'><strong>solis</strong></span> <span class='ocrx_word' id='word_1_229' title='bbox 1841 3219 1992 3273; x_wconf 90' lang='lat' dir='ltr'><strong>Scri-</strong></span> <span class='ocrx_word' id='word_1_230' title='bbox 2034 3219 2076 3286; x_wconf 85' lang='lat' dir='ltr'><strong><em>C</em></strong></span> 
     </span>
    </p>
   </div>
   <div class='ocr_carea' id='block_1_35' title="bbox 352 3307 1996 3389">
    <p class='ocr_par' dir='ltr' id='par_1_35' title="bbox 352 3307 1996 3389">
     <span class='ocr_line' id='line_1_35' title="bbox 352 3307 1996 3389; baseline -0.007 -18"><span class='ocrx_word' id='word_1_231' title='bbox 352 3324 534 3389; x_wconf 77' lang='lat' dir='ltr'><strong>pturte</strong></span> <span class='ocrx_word' id='word_1_232' title='bbox 553 3330 729 3370; x_wconf 66' lang='lat' dir='ltr'><strong>sacras</strong></span> <span class='ocrx_word' id='word_1_233' title='bbox 753 3311 920 3366; x_wconf 89' lang='lat' dir='ltr'><strong>libris</strong></span> <span class='ocrx_word' id='word_1_234' title='bbox 941 3309 1308 3379; x_wconf 84' lang='lat' dir='ltr'><strong>expostulare</strong></span> <span class='ocrx_word' id='word_1_235' title='bbox 1357 3313 1533 3378; x_wconf 86' lang='lat' dir='ltr'><strong>queat</strong></span> <span class='ocrx_word' id='word_1_236' title='bbox 1554 3308 1579 3361; x_wconf 87' lang='lat'><strong>?</strong></span> <span class='ocrx_word' id='word_1_237' title='bbox 1599 3307 1832 3370; x_wconf 89' lang='lat' dir='ltr'><strong>Quoties</strong></span> <span class='ocrx_word' id='word_1_238' title='bbox 1857 3307 1996 3361; x_wconf 88' lang='lat' dir='ltr'><strong>scri-</strong></span> 
     </span>
    </p>
   </div>
   <div class='ocr_carea' id='block_1_36' title="bbox 353 3397 1998 3481">
    <p class='ocr_par' dir='ltr' id='par_1_36' title="bbox 353 3397 1998 3481">
     <span class='ocr_line' id='line_1_36' title="bbox 353 3397 1998 3481; baseline -0.006 -20"><span class='ocrx_word' id='word_1_239' title='bbox 353 3407 502 3481; x_wconf 89' lang='lat' dir='ltr'><strong>ptori</strong></span> <span class='ocrx_word' id='word_1_240' title='bbox 537 3405 678 3460; x_wconf 88' lang='lat' dir='ltr'><strong>illud</strong></span> <span class='ocrx_word' id='word_1_241' title='bbox 712 3401 853 3457; x_wconf 89' lang='lat' dir='ltr'><strong>vitio</strong></span> <span class='ocrx_word' id='word_1_242' title='bbox 885 3401 1147 3463; x_wconf 89' lang='lat' dir='ltr'><strong>vertitur,</strong></span> <span class='ocrx_word' id='word_1_243' title='bbox 1181 3400 1336 3468; x_wconf 86' lang='lat' dir='ltr'><strong>quod</strong></span> <span class='ocrx_word' id='word_1_244' title='bbox 1390 3397 1708 3453; x_wconf 85' lang='lat' dir='ltr'><strong>illustrium</strong></span> <span class='ocrx_word' id='word_1_245' title='bbox 1743 3397 1998 3453; x_wconf 87' lang='lat' dir='ltr'><strong>virorum</strong></span> 
     </span>
    </p>
   </div>
   <div class='ocr_carea' id='block_1_37' title="bbox 357 3487 2002 3566">
    <p class='ocr_par' dir='ltr' id='par_1_37' title="bbox 357 3487 2002 3566">
     <span class='ocr_line' id='line_1_37' title="bbox 357 3487 2002 3566; baseline -0.005 -16"><span class='ocrx_word' id='word_1_246' title='bbox 357 3495 593 3566; x_wconf 90' lang='lat' dir='ltr'><strong>scripta,</strong></span> <span class='ocrx_word' id='word_1_247' title='bbox 628 3509 754 3563; x_wconf 68' lang='lat' dir='ltr'><strong>quae</strong></span> <span class='ocrx_word' id='word_1_248' title='bbox 787 3491 848 3546; x_wconf 89' lang='lat' dir='ltr'><strong>in</strong></span> <span class='ocrx_word' id='word_1_249' title='bbox 914 3489 1097 3560; x_wconf 90' lang='lat' dir='ltr'><strong>pretio</strong></span> <span class='ocrx_word' id='word_1_250' title='bbox 1129 3488 1402 3542; x_wconf 90' lang='lat' dir='ltr'><strong>omnibus</strong></span> <span class='ocrx_word' id='word_1_251' title='bbox 1433 3502 1562 3542; x_wconf 89' lang='lat' dir='ltr'><strong>esse</strong></span> <span class='ocrx_word' id='word_1_252' title='bbox 1591 3487 1822 3553; x_wconf 88' lang='lat' dir='ltr'><strong>debent,</strong></span> <span class='ocrx_word' id='word_1_253' title='bbox 1878 3503 2002 3542; x_wconf 87' lang='lat' dir='ltr'><strong>cor-</strong></span> 
     </span>
    </p>
   </div>
   <div class='ocr_carea' id='block_1_38' title="bbox 358 3575 2002 3657">
    <p class='ocr_par' dir='ltr' id='par_1_38' title="bbox 358 3575 2002 3657">
     <span class='ocr_line' id='line_1_38' title="bbox 358 3575 2002 3657; baseline -0.005 -18"><span class='ocrx_word' id='word_1_254' title='bbox 358 3584 651 3657; x_wconf 88' lang='lat' dir='ltr'><strong>poraliter,</strong></span> <span class='ocrx_word' id='word_1_255' title='bbox 671 3586 727 3637; x_wconf 91' lang='lat' dir='ltr'><strong>et</strong></span> <span class='ocrx_word' id='word_1_256' title='bbox 757 3581 826 3635; x_wconf 91' lang='lat' dir='ltr'><strong>ad</strong></span> <span class='ocrx_word' id='word_1_257' title='bbox 854 3578 1102 3633; x_wconf 87' lang='lat' dir='ltr'><strong>litteram</strong></span> <span class='ocrx_word' id='word_1_258' title='bbox 1129 3575 1531 3647; x_wconf 87' lang='lat' dir='ltr'><strong>scrupulosius</strong></span> <span class='ocrx_word' id='word_1_259' title='bbox 1557 3576 2002 3647; x_wconf 85' lang='lat' dir='ltr'><strong>interpretetur?</strong></span> 
     </span>
    </p>
   </div>
   <div class='ocr_carea' id='block_1_39' title="bbox 358 3665 2001 3743">
    <p class='ocr_par' dir='ltr' id='par_1_39' title="bbox 358 3665 2001 3743">
     <span class='ocr_line' id='line_1_39' title="bbox 358 3665 2001 3743; baseline -0.007 -13"><span class='ocrx_word' id='word_1_260' title='bbox 358 3674 553 3730; x_wconf 90' lang='lat' dir='ltr'><strong>Potuit</strong></span> <span class='ocrx_word' id='word_1_261' title='bbox 584 3687 720 3743; x_wconf 89' lang='lat' dir='ltr'><strong>ergo</strong></span> <span class='ocrx_word' id='word_1_262' title='bbox 752 3669 1031 3739; x_wconf 85' lang='lat' dir='ltr'><strong>Origenes</strong></span> <span class='ocrx_word' id='word_1_263' title='bbox 1062 3667 1414 3722; x_wconf 47' lang='lat' dir='ltr'><strong>Sadduca‘os</strong></span> <span class='ocrx_word' id='word_1_264' title='bbox 1449 3665 1663 3720; x_wconf 91' lang='lat' dir='ltr'><strong>idcirco</strong></span> <span class='ocrx_word' id='word_1_265' title='bbox 1695 3665 2001 3737; x_wconf 88' lang='lat' dir='ltr'><strong>castigare,</strong></span> 
     </span>
    </p>
   </div>
   <div class='ocr_carea' id='block_1_40' title="bbox 361 3754 1998 3837">
    <p class='ocr_par' dir='ltr' id='par_1_40' title="bbox 361 3754 1998 3837">
     <span class='ocr_line' id='line_1_40' title="bbox 361 3754 1998 3837; baseline -0.006 -19"><span class='ocrx_word' id='word_1_266' title='bbox 361 3765 499 3837; x_wconf 87' lang='lat' dir='ltr'><strong>quia</strong></span> <span class='ocrx_word' id='word_1_267' title='bbox 533 3760 692 3817; x_wconf 67' lang='lat' dir='ltr'><strong>Isaia:</strong></span> <span class='ocrx_word' id='word_1_268' title='bbox 720 3766 779 3816; x_wconf 89' lang='lat' dir='ltr'><strong>et</strong></span> <span class='ocrx_word' id='word_1_269' title='bbox 832 3756 1155 3813; x_wconf 73' lang='lat' dir='ltr'><strong>Psalmistae</strong></span> <span class='ocrx_word' id='word_1_270' title='bbox 1188 3754 1392 3825; x_wconf 90' lang='lat' dir='ltr'><strong>libros,</strong></span> <span class='ocrx_word' id='word_1_271' title='bbox 1451 3771 1598 3826; x_wconf 92' lang='lat' dir='ltr'><strong>quos</strong></span> <span class='ocrx_word' id='word_1_272' title='bbox 1654 3759 1784 3825; x_wconf 89' lang='lat' dir='ltr'><strong>post</strong></span> <span class='ocrx_word' id='word_1_273' title='bbox 1832 3771 1998 3809; x_wconf 88' lang='lat' dir='ltr'><strong>suum</strong></span> 
     </span>
    </p>
   </div>
   <div class='ocr_carea' id='block_1_41' title="bbox 358 3843 2003 3924">
    <p class='ocr_par' dir='ltr' id='par_1_41' title="bbox 358 3843 2003 3924">
     <span class='ocr_line' id='line_1_41' title="bbox 358 3843 2003 3924; baseline -0.007 -15"><span class='ocrx_word' id='word_1_274' title='bbox 358 3853 666 3924; x_wconf 51' lang='lat' dir='ltr'><strong>Scriptura!</strong></span> <span class='ocrx_word' id='word_1_275' title='bbox 699 3864 982 3905; x_wconf 89' lang='lat' dir='ltr'><strong>canonem</strong></span> <span class='ocrx_word' id='word_1_276' title='bbox 1041 3844 1224 3916; x_wconf 85' lang='lat' dir='ltr'><strong>pluris</strong></span> <span class='ocrx_word' id='word_1_277' title='bbox 1256 3845 1443 3900; x_wconf 80' lang='lat' dir='ltr'><strong>facere</strong></span> <span class='ocrx_word' id='word_1_278' title='bbox 1481 3843 1770 3900; x_wconf 87' lang='lat' dir='ltr'><strong>debebant</strong></span> <span class='ocrx_word' id='word_1_279' title='bbox 1800 3860 2003 3916; x_wconf 89' lang='lat' dir='ltr'><strong>corpo-</strong></span> 
     </span>
    </p>
   </div>
   <div class='ocr_carea' id='block_1_42' title="bbox 359 3939 1008 4012">
    <p class='ocr_par' dir='ltr' id='par_1_42' title="bbox 359 3939 1008 4012">
     <span class='ocr_line' id='line_1_42' title="bbox 359 3939 1008 4012; baseline -0.008 -13"><span class='ocrx_word' id='word_1_280' title='bbox 359 3945 560 4000; x_wconf 86' lang='lat' dir='ltr'><strong>raliter</strong></span> <span class='ocrx_word' id='word_1_281' title='bbox 589 3939 1008 4012; x_wconf 89' lang='lat' dir='ltr'><strong>intelligerent.</strong></span> 
     </span>
    </p>
   </div>
   <div class='ocr_carea' id='block_1_43' title="bbox 428 4043 2004 4118">
    <p class='ocr_par' dir='ltr' id='par_1_43' title="bbox 428 4043 2004 4118">
     <span class='ocr_line' id='line_1_43' title="bbox 428 4043 2004 4118; baseline -0.004 -13"><span class='ocrx_word' id='word_1_282' title='bbox 428 4049 600 4106; x_wconf 89' lang='lat' dir='ltr'><strong>Nulla</strong></span> <span class='ocrx_word' id='word_1_283' title='bbox 632 4054 717 4103; x_wconf 89' lang='lat' dir='ltr'><strong>est</strong></span> <span class='ocrx_word' id='word_1_284' title='bbox 744 4048 917 4118; x_wconf 87' lang='lat' dir='ltr'><strong>igitur</strong></span> <span class='ocrx_word' id='word_1_285' title='bbox 948 4047 1153 4101; x_wconf 88' lang='lat' dir='ltr'><strong>harum</strong></span> <span class='ocrx_word' id='word_1_286' title='bbox 1184 4043 1557 4099; x_wconf 90' lang='lat' dir='ltr'><strong>homiliarum</strong></span> <span class='ocrx_word' id='word_1_287' title='bbox 1585 4044 1839 4100; x_wconf 88' lang='lat' dir='ltr'><strong>auctoris</strong></span> <span class='ocrx_word' id='word_1_288' title='bbox 1871 4061 2004 4099; x_wconf 90' lang='lat' dir='ltr'><strong>cum</strong></span> 
     </span>
    </p>
   </div>
   <div class='ocr_carea' id='block_1_44' title="bbox 358 4133 2005 4210">
    <p class='ocr_par' dir='ltr' id='par_1_44' title="bbox 358 4133 2005 4210">
     <span class='ocr_line' id='line_1_44' title="bbox 358 4133 2005 4210; baseline -0.004 -16"><span class='ocrx_word' id='word_1_289' title='bbox 358 4141 606 4210; x_wconf 83' lang='lat' dir='ltr'><strong>Origene</strong></span> <span class='ocrx_word' id='word_1_290' title='bbox 638 4153 853 4207; x_wconf 90' lang='lat' dir='ltr'><strong>pugna,</strong></span> <span class='ocrx_word' id='word_1_291' title='bbox 889 4135 1050 4189; x_wconf 89' lang='lat' dir='ltr'><strong>nulla</strong></span> <span class='ocrx_word' id='word_1_292' title='bbox 1097 4135 1265 4204; x_wconf 79' lang='lat' dir='ltr'><strong>plane</strong></span> <span class='ocrx_word' id='word_1_293' title='bbox 1295 4134 1604 4190; x_wconf 88' lang='lat' dir='ltr'><strong>dissensio.</strong></span> <span class='ocrx_word' id='word_1_294' title='bbox 1654 4133 1864 4189; x_wconf 90' lang='lat' dir='ltr'><strong>Verum</strong></span> <span class='ocrx_word' id='word_1_295' title='bbox 1898 4135 2005 4189; x_wconf 88' lang='lat' dir='ltr'><strong>etsi</strong></span> 
     </span>
    </p>
   </div>
   <div class='ocr_carea' id='block_1_45' title="bbox 358 4221 2007 4292">
    <p class='ocr_par' dir='ltr' id='par_1_45' title="bbox 358 4221 2007 4292">
     <span class='ocr_line' id='line_1_45' title="bbox 358 4221 2007 4292; baseline -0.002 -11"><span class='ocrx_word' id='word_1_296' title='bbox 358 4224 708 4282; x_wconf 84' lang='lat' dir='ltr'><strong>adversariis</strong></span> <span class='ocrx_word' id='word_1_297' title='bbox 758 4223 973 4277; x_wconf 89' lang='lat' dir='ltr'><strong>nostris</strong></span> <span class='ocrx_word' id='word_1_298' title='bbox 1003 4224 1238 4276; x_wconf 88' lang='lat' dir='ltr'><strong>daretur</strong></span> <span class='ocrx_word' id='word_1_299' title='bbox 1270 4221 1527 4292; x_wconf 87' lang='lat' dir='ltr'><strong>aliquam</strong></span> <span class='ocrx_word' id='word_1_300' title='bbox 1590 4223 1739 4276; x_wconf 86' lang='lat' dir='ltr'><strong>inter</strong></span> <span class='ocrx_word' id='word_1_301' title='bbox 1768 4240 1866 4278; x_wconf 89' lang='lat' dir='ltr'><strong>eos</strong></span> <span class='ocrx_word' id='word_1_302' title='bbox 1898 4223 2007 4278; x_wconf 87' lang='lat' dir='ltr'><strong>hac</strong></span> 
     </span>
    </p>
   </div>
   <div class='ocr_carea' id='block_1_46' title="bbox 359 4310 2007 4388">
    <p class='ocr_par' dir='ltr' id='par_1_46' title="bbox 359 4310 2007 4388">
     <span class='ocr_line' id='line_1_46' title="bbox 359 4310 2007 4388; baseline -0.001 -21"><span class='ocrx_word' id='word_1_303' title='bbox 359 4315 429 4367; x_wconf 88' lang='lat' dir='ltr'><strong>de</strong></span> <span class='ocrx_word' id='word_1_304' title='bbox 456 4328 515 4366; x_wconf 92' lang='lat' dir='ltr'><strong>re</strong></span> <span class='ocrx_word' id='word_1_305' title='bbox 548 4311 732 4365; x_wconf 83' lang='lat' dir='ltr'><strong>fuisse</strong></span> <span class='ocrx_word' id='word_1_306' title='bbox 754 4310 1225 4388; x_wconf 89' lang='lat' dir='ltr'><strong>repugnantiam,</strong></span> <span class='ocrx_word' id='word_1_307' title='bbox 1243 4325 1383 4362; x_wconf 89' lang='lat' dir='ltr'><strong>num</strong></span> <span class='ocrx_word' id='word_1_308' title='bbox 1415 4311 1692 4365; x_wconf 90' lang='lat' dir='ltr'><strong>continuo</strong></span> <span class='ocrx_word' id='word_1_309' title='bbox 1716 4311 1799 4364; x_wconf 75' lang='lat' dir='ltr'><strong>haa</strong></span> <span class='ocrx_word' id='word_1_310' title='bbox 1824 4311 2007 4366; x_wconf 88' lang='lat' dir='ltr'><strong>homi-</strong></span> 
     </span>
    </p>
   </div>
   <div class='ocr_carea' id='block_1_47' title="bbox 357 4397 2006 4472">
    <p class='ocr_par' dir='ltr' id='par_1_47' title="bbox 357 4397 2006 4472">
     <span class='ocr_line' id='line_1_47' title="bbox 357 4397 2006 4472; baseline 0.001 -16"><span class='ocrx_word' id='word_1_311' title='bbox 357 4401 448 4456; x_wconf 67' lang='lat' dir='ltr'><strong>lias</strong></span> <span class='ocrx_word' id='word_1_312' title='bbox 479 4400 713 4471; x_wconf 88' lang='lat' dir='ltr'><strong>Origeni</strong></span> <span class='ocrx_word' id='word_1_313' title='bbox 745 4397 1147 4468; x_wconf 72' lang='lat' dir='ltr'><strong>abjudicandze</strong></span> <span class='ocrx_word' id='word_1_314' title='bbox 1181 4407 1318 4450; x_wconf 89' lang='lat' dir='ltr'><strong>sunt</strong></span> <span class='ocrx_word' id='word_1_315' title='bbox 1340 4397 1366 4451; x_wconf 88' lang='lat'><strong>?</strong></span> <span class='ocrx_word' id='word_1_316' title='bbox 1390 4397 1663 4468; x_wconf 83' lang='lat' dir='ltr'><strong>Nunquid</strong></span> <span class='ocrx_word' id='word_1_317' title='bbox 1697 4400 2006 4472; x_wconf 87' lang='lat' dir='ltr'><strong>scriptores</strong></span> 
     </span>
    </p>
   </div>
   <div class='ocr_carea' id='block_1_48' title="bbox 358 4485 2005 4557">
    <p class='ocr_par' dir='ltr' id='par_1_48' title="bbox 358 4485 2005 4557">
     <span class='ocr_line' id='line_1_48' title="bbox 358 4485 2005 4557; baseline -0.001 -10"><span class='ocrx_word' id='word_1_318' title='bbox 358 4492 532 4547; x_wconf 86' lang='lat' dir='ltr'><strong>etiam</strong></span> <span class='ocrx_word' id='word_1_319' title='bbox 564 4487 949 4545; x_wconf 87' lang='lat' dir='ltr'><strong>eruditissimi</strong></span> <span class='ocrx_word' id='word_1_320' title='bbox 975 4487 1054 4542; x_wconf 91' lang='lat' dir='ltr'><strong>ita</strong></span> <span class='ocrx_word' id='word_1_321' title='bbox 1085 4485 1197 4542; x_wconf 90' lang='lat' dir='ltr'><strong>sibi</strong></span> <span class='ocrx_word' id='word_1_322' title='bbox 1229 4502 1460 4557; x_wconf 90' lang='lat' dir='ltr'><strong>semper</strong></span> <span class='ocrx_word' id='word_1_323' title='bbox 1483 4491 2005 4557; x_wconf 90' lang='lat' dir='ltr'><strong>constant,omnia-</strong></span> 
     </span>
    </p>
   </div>
   <div class='ocr_carea' id='block_1_49' title="bbox 2087 574 3752 648">
    <p class='ocr_par' dir='ltr' id='par_1_49' title="bbox 2087 574 3752 648">
     <span class='ocr_line' id='line_1_49' title="bbox 2087 574 3752 648; baseline -0.002 -15"><span class='ocrx_word' id='word_1_324' title='bbox 2087 579 2194 633; x_wconf 78' lang='lat' dir='ltr'><strong>has</strong></span> <span class='ocrx_word' id='word_1_325' title='bbox 2227 579 2498 633; x_wconf 90' lang='lat' dir='ltr'><strong>homilias</strong></span> <span class='ocrx_word' id='word_1_326' title='bbox 2549 579 2752 648; x_wconf 87' lang='lat' dir='ltr'><strong>junior</strong></span> <span class='ocrx_word' id='word_1_327' title='bbox 2784 575 3132 645; x_wconf 88' lang='lat' dir='ltr'><strong>composuit.</strong></span> <span class='ocrx_word' id='word_1_328' title='bbox 3195 596 3222 623; x_wconf 84' lang='lat'><strong>«</strong></span> <span class='ocrx_word' id='word_1_329' title='bbox 3257 574 3484 640; x_wconf 87' lang='lat' dir='ltr'><strong>Fateor,</strong></span> <span class='ocrx_word' id='word_1_330' title='bbox 3546 575 3752 646; x_wconf 87' lang='lat' dir='ltr'><strong>inquit</strong></span> 
     </span>
    </p>
   </div>
   <div class='ocr_carea' id='block_1_50' title="bbox 2086 664 3744 734">
    <p class='ocr_par' dir='ltr' id='par_1_50' title="bbox 2086 664 3744 734">
     <span class='ocr_line' id='line_1_50' title="bbox 2086 664 3744 734; baseline -0.001 -13"><span class='ocrx_word' id='word_1_331' title='bbox 2086 667 2182 722; x_wconf 89' lang='lat' dir='ltr'><strong>ille</strong></span> <span class='ocrx_word' id='word_1_332' title='bbox 2212 666 2277 733; x_wconf 77' lang='lat'><strong>&#39;9,</strong></span> <span class='ocrx_word' id='word_1_333' title='bbox 2313 667 2425 721; x_wconf 90' lang='lat' dir='ltr'><strong>alia</strong></span> <span class='ocrx_word' id='word_1_334' title='bbox 2456 677 2588 723; x_wconf 88' lang='lat' dir='ltr'><strong>sunt</strong></span> <span class='ocrx_word' id='word_1_335' title='bbox 2621 665 2812 722; x_wconf 84' lang='lat' dir='ltr'><strong>virilia</strong></span> <span class='ocrx_word' id='word_1_336' title='bbox 2841 666 2987 734; x_wconf 85' lang='lat' dir='ltr'><strong>ejus,</strong></span> <span class='ocrx_word' id='word_1_337' title='bbox 3019 669 3074 718; x_wconf 90' lang='lat' dir='ltr'><strong>et</strong></span> <span class='ocrx_word' id='word_1_338' title='bbox 3118 667 3433 718; x_wconf 83' lang='lat' dir='ltr'><strong>senectutis</strong></span> <span class='ocrx_word' id='word_1_339' title='bbox 3463 664 3744 721; x_wconf 88' lang='lat' dir='ltr'><strong>seria.....</strong></span> 
     </span>
    </p>
   </div>
   <div class='ocr_carea' id='block_1_51' title="bbox 2089 751 3746 827">
    <p class='ocr_par' dir='ltr' id='par_1_51' title="bbox 2089 751 3746 827">
     <span class='ocr_line' id='line_1_51' title="bbox 2089 751 3746 827; baseline -0.001 -18"><span class='ocrx_word' id='word_1_340' title='bbox 2089 762 2223 810; x_wconf 89' lang='lat' dir='ltr'><strong>tunc</strong></span> <span class='ocrx_word' id='word_1_341' title='bbox 2252 755 2448 811; x_wconf 89' lang='lat' dir='ltr'><strong>videre</strong></span> <span class='ocrx_word' id='word_1_342' title='bbox 2504 754 2734 827; x_wconf 88' lang='lat' dir='ltr'><strong>poterit,</strong></span> <span class='ocrx_word' id='word_1_343' title='bbox 2771 755 2885 808; x_wconf 90' lang='lat' dir='ltr'><strong>imo</strong></span> <span class='ocrx_word' id='word_1_344' title='bbox 2919 769 3020 824; x_wconf 86' lang='lat' dir='ltr'><strong>per</strong></span> <span class='ocrx_word' id='word_1_345' title='bbox 3072 769 3172 806; x_wconf 89' lang='lat' dir='ltr'><strong>vos</strong></span> <span class='ocrx_word' id='word_1_346' title='bbox 3229 752 3488 807; x_wconf 83' lang='lat' dir='ltr'><strong>Romana</strong></span> <span class='ocrx_word' id='word_1_347' title='bbox 3536 751 3746 824; x_wconf 84' lang='lat' dir='ltr'><strong>lingua</strong></span> 
     </span>
    </p>
   </div>
   <div class='ocr_carea' id='block_1_52' title="bbox 2089 840 3753 916">
    <p class='ocr_par' dir='ltr' id='par_1_52' title="bbox 2089 840 3753 916">
     <span class='ocr_line' id='line_1_52' title="bbox 2089 840 3753 916; baseline -0.001 -17"><span class='ocrx_word' id='word_1_348' title='bbox 2089 850 2418 915; x_wconf 89' lang='lat' dir='ltr'><strong>cognoscet,</strong></span> <span class='ocrx_word' id='word_1_349' title='bbox 2452 849 2739 916; x_wconf 85' lang='lat' dir='ltr'><strong>quantum</strong></span> <span class='ocrx_word' id='word_1_350' title='bbox 2768 842 2903 899; x_wconf 89' lang='lat' dir='ltr'><strong>boni</strong></span> <span class='ocrx_word' id='word_1_351' title='bbox 2935 848 2989 898; x_wconf 91' lang='lat' dir='ltr'><strong>et</strong></span> <span class='ocrx_word' id='word_1_352' title='bbox 3019 845 3155 896; x_wconf 90' lang='lat' dir='ltr'><strong>ante</strong></span> <span class='ocrx_word' id='word_1_353' title='bbox 3189 840 3481 906; x_wconf 87' lang='lat' dir='ltr'><strong>nescierit,</strong></span> <span class='ocrx_word' id='word_1_354' title='bbox 3509 850 3564 896; x_wconf 88' lang='lat' dir='ltr'><strong>et</strong></span> <span class='ocrx_word' id='word_1_355' title='bbox 3599 842 3753 898; x_wconf 86' lang='lat' dir='ltr'><strong>scire</strong></span> 
     </span>
    </p>
   </div>
   <div class='ocr_carea' id='block_1_53' title="bbox 2089 931 3751 1005">
    <p class='ocr_par' dir='ltr' id='par_1_53' title="bbox 2089 931 3751 1005">
     <span class='ocr_line' id='line_1_53' title="bbox 2089 931 3751 1005; baseline -0.001 -17"><span class='ocrx_word' id='word_1_356' title='bbox 2089 950 2244 988; x_wconf 89' lang='lat' dir='ltr'><strong>nunc</strong></span> <span class='ocrx_word' id='word_1_357' title='bbox 2276 936 2532 1005; x_wconf 67' lang='lat' dir='ltr'><strong>coeperit.</strong></span> <span class='ocrx_word' id='word_1_358' title='bbox 2570 956 2598 984; x_wconf 85' lang='lat'>»</span> <span class='ocrx_word' id='word_1_359' title='bbox 2630 936 2701 989; x_wconf 86' lang='lat' dir='ltr'><strong>At</strong></span> <span class='ocrx_word' id='word_1_360' title='bbox 2758 933 2954 990; x_wconf 60' lang='lat' dir='ltr'><strong>Dall&#39;ei</strong></span> <span class='ocrx_word' id='word_1_361' title='bbox 2987 932 3254 986; x_wconf 78' lang='lat' dir='ltr'><strong>defensor</strong></span> <span class='ocrx_word' id='word_1_362' title='bbox 3311 931 3595 986; x_wconf 87' lang='lat' dir='ltr'><strong>audacter</strong></span> <span class='ocrx_word' id='word_1_363' title='bbox 3659 947 3751 988; x_wconf 86' lang='lat' dir='ltr'><strong>re-</strong></span> 
     </span>
    </p>
   </div>
   <div class='ocr_carea' id='block_1_54' title="bbox 2090 1021 3749 1095">
    <p class='ocr_par' dir='ltr' id='par_1_54' title="bbox 2090 1021 3749 1095">
     <span class='ocr_line' id='line_1_54' title="bbox 2090 1021 3749 1095; baseline -0.001 -17"><span class='ocrx_word' id='word_1_364' title='bbox 2090 1024 2337 1093; x_wconf 88' lang='lat' dir='ltr'><strong>spondet</strong></span> <span class='ocrx_word' id='word_1_365' title='bbox 2369 1039 2596 1079; x_wconf 87' lang='lat' dir='ltr'><strong>errasse</strong></span> <span class='ocrx_word' id='word_1_366' title='bbox 2627 1024 3066 1095; x_wconf 77' lang='lat' dir='ltr'><strong>Hieronymum,</strong></span> <span class='ocrx_word' id='word_1_367' title='bbox 3100 1021 3473 1091; x_wconf 79' lang='lat' dir='ltr'><strong>afﬁrmatque</strong></span> <span class='ocrx_word' id='word_1_368' title='bbox 3508 1042 3538 1070; x_wconf 88' lang='grc'><strong>‹‹</strong></span> <span class='ocrx_word' id='word_1_369' title='bbox 3575 1037 3749 1076; x_wconf 86' lang='lat' dir='ltr'><strong>sexa—</strong></span> 
     </span>
    </p>
   </div>
   <div class='ocr_carea' id='block_1_55' title="bbox 2089 1110 3749 1184">
    <p class='ocr_par' dir='ltr' id='par_1_55' title="bbox 2089 1110 3749 1184">
     <span class='ocr_line' id='line_1_55' title="bbox 2089 1110 3749 1184; baseline -0.002 -16"><span class='ocrx_word' id='word_1_370' title='bbox 2089 1115 2330 1184; x_wconf 90' lang='lat' dir='ltr'><strong>genario</strong></span> <span class='ocrx_word' id='word_1_371' title='bbox 2356 1115 2636 1184; x_wconf 89' lang='lat' dir='ltr'><strong>majorem</strong></span> <span class='ocrx_word' id='word_1_372' title='bbox 2666 1128 2795 1168; x_wconf 90' lang='lat' dir='ltr'><strong>esse</strong></span> <span class='ocrx_word' id='word_1_373' title='bbox 2828 1111 3166 1182; x_wconf 87' lang='lat' dir='ltr'><strong>Origenem,</strong></span> <span class='ocrx_word' id='word_1_374' title='bbox 3198 1111 3339 1164; x_wconf 87' lang='lat' dir='ltr'><strong>dum</strong></span> <span class='ocrx_word' id='word_1_375' title='bbox 3381 1126 3521 1164; x_wconf 80' lang='lat' dir='ltr'><strong>suas</strong></span> <span class='ocrx_word' id='word_1_376' title='bbox 3555 1110 3749 1165; x_wconf 86' lang='lat' dir='ltr'><strong>homi-</strong></span> 
     </span>
    </p>
   </div>
   <div class='ocr_carea' id='block_1_56' title="bbox 2089 1198 3755 1273">
    <p class='ocr_par' dir='ltr' id='par_1_56' title="bbox 2089 1198 3755 1273">
     <span class='ocr_line' id='line_1_56' title="bbox 2089 1198 3755 1273; baseline -0.002 -16"><span class='ocrx_word' id='word_1_377' title='bbox 2089 1201 2199 1258; x_wconf 90' lang='lat' dir='ltr'><strong>lias</strong></span> <span class='ocrx_word' id='word_1_378' title='bbox 2246 1201 2421 1257; x_wconf 87' lang='lat' dir='ltr'><strong>scribi</strong></span> <span class='ocrx_word' id='word_1_379' title='bbox 2455 1218 2666 1273; x_wconf 89' lang='lat' dir='ltr'><strong>passus</strong></span> <span class='ocrx_word' id='word_1_380' title='bbox 2697 1206 2804 1256; x_wconf 84' lang='lat' dir='ltr'><strong>est.</strong></span> <span class='ocrx_word' id='word_1_381' title='bbox 2860 1223 2883 1247; x_wconf 71' lang='grc' dir='ltr'><strong>ιι</strong></span> <span class='ocrx_word' id='word_1_382' title='bbox 2923 1201 2978 1254; x_wconf 84' lang='lat' dir='ltr'><strong>id</strong></span> <span class='ocrx_word' id='word_1_383' title='bbox 3013 1205 3210 1254; x_wconf 89' lang='lat' dir='ltr'><strong>autem</strong></span> <span class='ocrx_word' id='word_1_384' title='bbox 3269 1214 3331 1253; x_wconf 89' lang='lat' dir='ltr'><strong>se</strong></span> <span class='ocrx_word' id='word_1_385' title='bbox 3362 1198 3599 1254; x_wconf 87' lang='lat' dir='ltr'><strong>solertia</strong></span> <span class='ocrx_word' id='word_1_386' title='bbox 3639 1216 3755 1254; x_wconf 89' lang='lat' dir='ltr'><strong>sua</strong></span> 
     </span>
    </p>
   </div>
   <div class='ocr_carea' id='block_1_57' title="bbox 2092 1286 3756 1363">
    <p class='ocr_par' dir='ltr' id='par_1_57' title="bbox 2092 1286 3756 1363">
     <span class='ocr_line' id='line_1_57' title="bbox 2092 1286 3756 1363; baseline -0.002 -17"><span class='ocrx_word' id='word_1_387' title='bbox 2092 1292 2401 1363; x_wconf 85' lang='lat' dir='ltr'><strong>agnovisse</strong></span> <span class='ocrx_word' id='word_1_388' title='bbox 2460 1291 2552 1346; x_wconf 83' lang='lat' dir='ltr'><strong>his</strong></span> <span class='ocrx_word' id='word_1_389' title='bbox 2583 1290 2868 1362; x_wconf 89' lang='lat' dir='ltr'><strong>gloriatur</strong></span> <span class='ocrx_word' id='word_1_390' title='bbox 2919 1288 3111 1343; x_wconf 89' lang='lat' dir='ltr'><strong>verbis</strong></span> <span class='ocrx_word' id='word_1_391' title='bbox 3143 1286 3229 1343; x_wconf 73' lang='lat'><strong>9°:</strong></span> <span class='ocrx_word' id='word_1_392' title='bbox 3268 1308 3293 1340; x_wconf 77' lang='grc' dir='ltr'>ι</span> <span class='ocrx_word' id='word_1_393' title='bbox 3348 1289 3509 1354; x_wconf 90' lang='lat' dir='ltr'><strong>Quod</strong></span> <span class='ocrx_word' id='word_1_394' title='bbox 3545 1305 3576 1342; x_wconf 92' lang='lat' dir='ltr'><strong>a</strong></span> <span class='ocrx_word' id='word_1_395' title='bbox 3611 1289 3756 1344; x_wconf 81' lang='lat' dir='ltr'><strong>viris</strong></span> 
     </span>
    </p>
   </div>
   <div class='ocr_carea' id='block_1_58' title="bbox 2091 1378 3756 1450">
    <p class='ocr_par' dir='ltr' id='par_1_58' title="bbox 2091 1378 3756 1450">
     <span class='ocr_line' id='line_1_58' title="bbox 2091 1378 3756 1450; baseline -0.001 -15"><span class='ocrx_word' id='word_1_396' title='bbox 2091 1381 2275 1436; x_wconf 89' lang='lat' dir='ltr'><strong>doctis</strong></span> <span class='ocrx_word' id='word_1_397' title='bbox 2308 1381 2780 1436; x_wconf 88' lang='lat' dir='ltr'><strong>animadversum</strong></span> <span class='ocrx_word' id='word_1_398' title='bbox 2805 1378 3065 1450; x_wconf 88' lang='lat' dir='ltr'><strong>quidem,</strong></span> <span class='ocrx_word' id='word_1_399' title='bbox 3097 1394 3212 1432; x_wconf 89' lang='lat' dir='ltr'><strong>non</strong></span> <span class='ocrx_word' id='word_1_400' title='bbox 3247 1384 3441 1432; x_wconf 87' lang='lat' dir='ltr'><strong>autem</strong></span> <span class='ocrx_word' id='word_1_401' title='bbox 3472 1385 3756 1434; x_wconf 88' lang='lat' dir='ltr'><strong>accurate</strong></span> 
     </span>
    </p>
   </div>
   <div class='ocr_carea' id='block_1_59' title="bbox 2093 1467 3757 1541">
    <p class='ocr_par' dir='ltr' id='par_1_59' title="bbox 2093 1467 3757 1541">
     <span class='ocr_line' id='line_1_59' title="bbox 2093 1467 3757 1541; baseline -0.002 -15"><span class='ocrx_word' id='word_1_402' title='bbox 2093 1486 2470 1541; x_wconf 89' lang='lat' dir='ltr'><strong>perpensum,</strong></span> <span class='ocrx_word' id='word_1_403' title='bbox 2503 1486 2606 1525; x_wconf 90' lang='lat' dir='ltr'><strong>nec</strong></span> <span class='ocrx_word' id='word_1_404' title='bbox 2658 1474 2855 1523; x_wconf 86' lang='lat' dir='ltr'><strong>exacte</strong></span> <span class='ocrx_word' id='word_1_405' title='bbox 2916 1468 3304 1541; x_wconf 88' lang='lat' dir='ltr'><strong>ponderatum</strong></span> <span class='ocrx_word' id='word_1_406' title='bbox 3368 1467 3568 1522; x_wconf 88' lang='lat' dir='ltr'><strong>mirari</strong></span> <span class='ocrx_word' id='word_1_407' title='bbox 3601 1469 3757 1523; x_wconf 81' lang='lat' dir='ltr'><strong>satis</strong></span> 
     </span>
    </p>
   </div>
   <div class='ocr_carea' id='block_1_60' title="bbox 2093 1555 3754 1630">
    <p class='ocr_par' dir='ltr' id='par_1_60' title="bbox 2093 1555 3754 1630">
     <span class='ocr_line' id='line_1_60' title="bbox 2093 1555 3754 1630; baseline -0.005 -17"><span class='ocrx_word' id='word_1_408' title='bbox 2093 1573 2358 1630; x_wconf 86' lang='lat' dir='ltr'><strong>nequeo;</strong></span> <span class='ocrx_word' id='word_1_409' title='bbox 2395 1574 2524 1612; x_wconf 90' lang='lat' dir='ltr'><strong>cum</strong></span> <span class='ocrx_word' id='word_1_410' title='bbox 2561 1565 2751 1612; x_wconf 86' lang='lat' dir='ltr'><strong>tamen</strong></span> <span class='ocrx_word' id='word_1_411' title='bbox 2778 1556 2836 1610; x_wconf 89' lang='lat' dir='ltr'><strong>id</strong></span> <span class='ocrx_word' id='word_1_412' title='bbox 2862 1557 3075 1611; x_wconf 87' lang='lat' dir='ltr'><strong>diserte</strong></span> <span class='ocrx_word' id='word_1_413' title='bbox 3106 1560 3353 1610; x_wconf 83' lang='lat' dir='ltr'><strong>testetur</strong></span> <span class='ocrx_word' id='word_1_414' title='bbox 3382 1555 3688 1611; x_wconf 88' lang='lat' dir='ltr'><strong>Eusebius.</strong></span> <span class='ocrx_word' id='word_1_415' title='bbox 3722 1577 3754 1605; x_wconf 85' lang='grc'><strong>››</strong></span> 
     </span>
    </p>
   </div>
   <div class='ocr_carea' id='block_1_61' title="bbox 2095 1645 3756 1719">
    <p class='ocr_par' dir='ltr' id='par_1_61' title="bbox 2095 1645 3756 1719">
     <span class='ocr_line' id='line_1_61' title="bbox 2095 1645 3756 1719; baseline -0.002 -17"><span class='ocrx_word' id='word_1_416' title='bbox 2095 1649 2420 1704; x_wconf 83' lang='lat' dir='ltr'><strong>Audiamus</strong></span> <span class='ocrx_word' id='word_1_417' title='bbox 2453 1663 2590 1719; x_wconf 86' lang='lat' dir='ltr'><strong>ergo</strong></span> <span class='ocrx_word' id='word_1_418' title='bbox 2620 1647 2839 1703; x_wconf 90' lang='lat' dir='ltr'><strong>diserta</strong></span> <span class='ocrx_word' id='word_1_419' title='bbox 2883 1646 2983 1700; x_wconf 78' lang='lat' dir='ltr'><strong>illa</strong></span> <span class='ocrx_word' id='word_1_420' title='bbox 3015 1645 3248 1701; x_wconf 86' lang='lat' dir='ltr'><strong>Eusebii</strong></span> <span class='ocrx_word' id='word_1_421' title='bbox 3279 1645 3495 1700; x_wconf 81' lang='lat' dir='ltr'><strong>verba:</strong></span> <span class='ocrx_word' id='word_1_422' title='bbox 3559 1666 3580 1696; x_wconf 74' lang='grc' dir='ltr'>ι</span> <span class='ocrx_word' id='word_1_423' title='bbox 3617 1645 3756 1700; x_wconf 91' lang='lat' dir='ltr'><strong>Ori-</strong></span> 
     </span>
    </p>
   </div>
   <div class='ocr_carea' id='block_1_62' title="bbox 2100 1734 3758 1809">
    <p class='ocr_par' dir='ltr' id='par_1_62' title="bbox 2100 1734 3758 1809">
     <span class='ocr_line' id='line_1_62' title="bbox 2100 1734 3758 1809; baseline -0.001 -19"><span class='ocrx_word' id='word_1_424' title='bbox 2100 1753 2294 1809; x_wconf 85' lang='lat' dir='ltr'><strong>genes,</strong></span> <span class='ocrx_word' id='word_1_425' title='bbox 2328 1736 2520 1806; x_wconf 88' lang='lat' dir='ltr'><strong>inquit</strong></span> <span class='ocrx_word' id='word_1_426' title='bbox 2547 1736 2830 1792; x_wconf 80' lang='lat' dir='ltr'><strong>Eusebius</strong></span> <span class='ocrx_word' id='word_1_427' title='bbox 2855 1734 2921 1801; x_wconf 84' lang='grc'><strong>⁹¹,</strong></span> <span class='ocrx_word' id='word_1_428' title='bbox 2952 1736 3075 1805; x_wconf 86' lang='lat' dir='ltr'><strong>jam</strong></span> <span class='ocrx_word' id='word_1_429' title='bbox 3109 1734 3483 1806; x_wconf 80' lang='lat' dir='ltr'><strong>sexagenario</strong></span> <span class='ocrx_word' id='word_1_430' title='bbox 3538 1737 3758 1804; x_wconf 88' lang='lat' dir='ltr'><strong>major,</strong></span> 
     </span>
    </p>
   </div>
   <div class='ocr_carea' id='block_1_63' title="bbox 2100 1824 3766 1899">
    <p class='ocr_par' dir='ltr' id='par_1_63' title="bbox 2100 1824 3766 1899">
     <span class='ocr_line' id='line_1_63' title="bbox 2100 1824 3766 1899; baseline -0.002 -17"><span class='ocrx_word' id='word_1_431' title='bbox 2100 1831 2303 1899; x_wconf 88' lang='lat' dir='ltr'><strong>utpote</strong></span> <span class='ocrx_word' id='word_1_432' title='bbox 2336 1827 2436 1896; x_wconf 86' lang='lat' dir='ltr'><strong>qui</strong></span> <span class='ocrx_word' id='word_1_433' title='bbox 2465 1843 2533 1882; x_wconf 81' lang='lat' dir='ltr'><strong>ex</strong></span> <span class='ocrx_word' id='word_1_434' title='bbox 2564 1827 2848 1881; x_wconf 91' lang='lat' dir='ltr'><strong>diuturna</strong></span> <span class='ocrx_word' id='word_1_435' title='bbox 2880 1824 3292 1880; x_wconf 86' lang='lat' dir='ltr'><strong>exercitatione</strong></span> <span class='ocrx_word' id='word_1_436' title='bbox 3316 1824 3639 1879; x_wconf 85' lang='lat' dir='ltr'><strong>maximum</strong></span> <span class='ocrx_word' id='word_1_437' title='bbox 3672 1824 3766 1878; x_wconf 86' lang='lat' dir='ltr'><strong>di-</strong></span> 
     </span>
    </p>
   </div>
   <div class='ocr_carea' id='block_1_64' title="bbox 2098 1912 3761 1987">
    <p class='ocr_par' dir='ltr' id='par_1_64' title="bbox 2098 1912 3761 1987">
     <span class='ocr_line' id='line_1_64' title="bbox 2098 1912 3761 1987; baseline -0.002 -15"><span class='ocrx_word' id='word_1_438' title='bbox 2098 1916 2264 1972; x_wconf 90' lang='lat' dir='ltr'><strong>cendi</strong></span> <span class='ocrx_word' id='word_1_439' title='bbox 2299 1933 2470 1972; x_wconf 91' lang='lat' dir='ltr'><strong>usum</strong></span> <span class='ocrx_word' id='word_1_440' title='bbox 2505 1915 2617 1971; x_wconf 87' lang='lat' dir='ltr'><strong>sibi</strong></span> <span class='ocrx_word' id='word_1_441' title='bbox 2650 1918 3072 1987; x_wconf 88' lang='lat' dir='ltr'><strong>comparasset,</strong></span> <span class='ocrx_word' id='word_1_442' title='bbox 3104 1914 3418 1969; x_wconf 87' lang='lat' dir='ltr'><strong>conciones</strong></span> <span class='ocrx_word' id='word_1_443' title='bbox 3467 1928 3614 1984; x_wconf 85' lang='lat' dir='ltr'><strong>quas</strong></span> <span class='ocrx_word' id='word_1_444' title='bbox 3648 1912 3761 1968; x_wconf 89' lang='lat' dir='ltr'><strong>ha-</strong></span> 
     </span>
    </p>
   </div>
   <div class='ocr_carea' id='block_1_65' title="bbox 2097 2001 3756 2076">
    <p class='ocr_par' dir='ltr' id='par_1_65' title="bbox 2097 2001 3756 2076">
     <span class='ocr_line' id='line_1_65' title="bbox 2097 2001 3756 2076; baseline -0.002 -16"><span class='ocrx_word' id='word_1_445' title='bbox 2097 2004 2269 2061; x_wconf 88' lang='lat' dir='ltr'><strong>bebat</strong></span> <span class='ocrx_word' id='word_1_446' title='bbox 2299 2005 2367 2059; x_wconf 89' lang='lat' dir='ltr'><strong>ad</strong></span> <span class='ocrx_word' id='word_1_447' title='bbox 2405 2005 2708 2076; x_wconf 88' lang='lat' dir='ltr'><strong>populum,</strong></span> <span class='ocrx_word' id='word_1_448' title='bbox 2744 2021 2777 2058; x_wconf 91' lang='lat' dir='ltr'><strong>a</strong></span> <span class='ocrx_word' id='word_1_449' title='bbox 2805 2003 3048 2059; x_wconf 90' lang='lat' dir='ltr'><strong>notariis</strong></span> <span class='ocrx_word' id='word_1_450' title='bbox 3077 2002 3264 2074; x_wconf 85' lang='lat' dir='ltr'><strong>excipi</strong></span> <span class='ocrx_word' id='word_1_451' title='bbox 3294 2001 3580 2074; x_wconf 83' lang='lat' dir='ltr'><strong>permisit,</strong></span> <span class='ocrx_word' id='word_1_452' title='bbox 3616 2018 3756 2056; x_wconf 85' lang='lat' dir='ltr'><strong>cum</strong></span> 
     </span>
    </p>
   </div>
   <div class='ocr_carea' id='block_1_66' title="bbox 2096 2090 3760 2165">
    <p class='ocr_par' dir='ltr' id='par_1_66' title="bbox 2096 2090 3760 2165">
     <span class='ocr_line' id='line_1_66' title="bbox 2096 2090 3760 2165; baseline -0.002 -17"><span class='ocrx_word' id='word_1_453' title='bbox 2096 2092 2154 2149; x_wconf 94' lang='lat' dir='ltr'><strong>id</strong></span> <span class='ocrx_word' id='word_1_454' title='bbox 2186 2098 2320 2149; x_wconf 90' lang='lat' dir='ltr'><strong>ante</strong></span> <span class='ocrx_word' id='word_1_455' title='bbox 2353 2093 2472 2149; x_wconf 77' lang='lat' dir='ltr'><strong>fieri</strong></span> <span class='ocrx_word' id='word_1_456' title='bbox 2508 2109 2812 2165; x_wconf 84' lang='lat' dir='ltr'><strong>nunquam</strong></span> <span class='ocrx_word' id='word_1_457' title='bbox 2846 2090 3254 2148; x_wconf 89' lang='lat' dir='ltr'><strong>concessisset.</strong></span> <span class='ocrx_word' id='word_1_458' title='bbox 3283 2113 3311 2140; x_wconf 85' lang='lat'>»</span> <span class='ocrx_word' id='word_1_459' title='bbox 3335 2091 3444 2146; x_wconf 90' lang='lat' dir='ltr'><strong>Sed</strong></span> <span class='ocrx_word' id='word_1_460' title='bbox 3478 2091 3760 2146; x_wconf 79' lang='lat' dir='ltr'><strong>defensor</strong></span> 
     </span>
    </p>
   </div>
   <div class='ocr_carea' id='block_1_67' title="bbox 2098 2181 3760 2255">
    <p class='ocr_par' dir='ltr' id='par_1_67' title="bbox 2098 2181 3760 2255">
     <span class='ocr_line' id='line_1_67' title="bbox 2098 2181 3760 2255; baseline -0.002 -17"><span class='ocrx_word' id='word_1_461' title='bbox 2098 2181 2198 2238; x_wconf 92' lang='lat' dir='ltr'><strong>ille</strong></span> <span class='ocrx_word' id='word_1_462' title='bbox 2221 2182 2790 2255; x_wconf 80' lang='lat' dir='ltr'><strong>perspicacissimus,</strong></span> <span class='ocrx_word' id='word_1_463' title='bbox 2811 2182 2907 2252; x_wconf 86' lang='lat' dir='ltr'><strong>qui</strong></span> <span class='ocrx_word' id='word_1_464' title='bbox 2931 2182 3083 2236; x_wconf 91' lang='lat' dir='ltr'><strong>viros</strong></span> <span class='ocrx_word' id='word_1_465' title='bbox 3115 2181 3319 2236; x_wconf 90' lang='lat' dir='ltr'><strong>doctos</strong></span> <span class='ocrx_word' id='word_1_466' title='bbox 3345 2181 3579 2235; x_wconf 78' lang='lat' dir='ltr'><strong>incurias</strong></span> <span class='ocrx_word' id='word_1_467' title='bbox 3607 2197 3760 2236; x_wconf 88' lang='lat' dir='ltr'><strong>con-</strong></span> 
     </span>
    </p>
   </div>
   <div class='ocr_carea' id='block_1_68' title="bbox 2100 2269 3759 2342">
    <p class='ocr_par' dir='ltr' id='par_1_68' title="bbox 2100 2269 3759 2342">
     <span class='ocr_line' id='line_1_68' title="bbox 2100 2269 3759 2342; baseline -0.001 -15"><span class='ocrx_word' id='word_1_468' title='bbox 2100 2271 2566 2338; x_wconf 86' lang='lat' dir='ltr'><strong>demnat,dehuit</strong></span> <span class='ocrx_word' id='word_1_469' title='bbox 2587 2271 2916 2327; x_wconf 85' lang='lat' dir='ltr'><strong>accuratius</strong></span> <span class='ocrx_word' id='word_1_470' title='bbox 2944 2271 3268 2342; x_wconf 90' lang='lat' dir='ltr'><strong>ponderare</strong></span> <span class='ocrx_word' id='word_1_471' title='bbox 3299 2269 3439 2336; x_wconf 61' lang='lat' dir='ltr'><strong>haec,</strong></span> <span class='ocrx_word' id='word_1_472' title='bbox 3465 2287 3590 2340; x_wconf 73' lang='lat' dir='ltr'><strong>quae</strong></span> <span class='ocrx_word' id='word_1_473' title='bbox 3623 2271 3759 2341; x_wconf 87' lang='lat' dir='ltr'><strong>ipse</strong></span> 
     </span>
    </p>
   </div>
   <div class='ocr_carea' id='block_1_69' title="bbox 2097 2359 3750 2428">
    <p class='ocr_par' dir='ltr' id='par_1_69' title="bbox 2097 2359 3750 2428">
     <span class='ocr_line' id='line_1_69' title="bbox 2097 2359 3750 2428; baseline -0.001 -11"><span class='ocrx_word' id='word_1_474' title='bbox 2097 2362 2258 2428; x_wconf 88' lang='lat' dir='ltr'><strong>citat,</strong></span> <span class='ocrx_word' id='word_1_475' title='bbox 2291 2361 2526 2418; x_wconf 88' lang='lat' dir='ltr'><strong>Eusebii</strong></span> <span class='ocrx_word' id='word_1_476' title='bbox 2557 2363 2761 2417; x_wconf 89' lang='lat' dir='ltr'><strong>verba:</strong></span> <span class='ocrx_word' id='word_1_477' title='bbox 2796 2384 2824 2412; x_wconf 79' lang='grc' dir='ltr'>α</span> <span class='ocrx_word' id='word_1_478' title='bbox 2857 2361 3270 2423; x_wconf 85' lang='lat' dir='ltr'><strong>Conciones...,</strong></span> <span class='ocrx_word' id='word_1_479' title='bbox 3304 2376 3338 2414; x_wconf 90' lang='lat' dir='ltr'><strong>a</strong></span> <span class='ocrx_word' id='word_1_480' title='bbox 3368 2359 3610 2414; x_wconf 88' lang='lat' dir='ltr'><strong>notariis</strong></span> <span class='ocrx_word' id='word_1_481' title='bbox 3643 2376 3750 2415; x_wconf 79' lang='lat' dir='ltr'><strong>ex-</strong></span> 
     </span>
    </p>
   </div>
   <div class='ocr_carea' id='block_1_70' title="bbox 2100 2447 3762 2524">
    <p class='ocr_par' dir='ltr' id='par_1_70' title="bbox 2100 2447 3762 2524">
     <span class='ocr_line' id='line_1_70' title="bbox 2100 2447 3762 2524; baseline -0.001 -17"><span class='ocrx_word' id='word_1_482' title='bbox 2100 2451 2212 2524; x_wconf 90' lang='lat' dir='ltr'><strong>cipi</strong></span> <span class='ocrx_word' id='word_1_483' title='bbox 2246 2451 2526 2523; x_wconf 86' lang='lat' dir='ltr'><strong>permisit.</strong></span> <span class='ocrx_word' id='word_1_484' title='bbox 2560 2472 2589 2502; x_wconf 86' lang='lat'><strong><em>»</em></strong></span> <span class='ocrx_word' id='word_1_485' title='bbox 2621 2449 2846 2506; x_wconf 89' lang='lat' dir='ltr'><strong>Etenim</strong></span> <span class='ocrx_word' id='word_1_486' title='bbox 2882 2450 3025 2505; x_wconf 89' lang='lat' dir='ltr'><strong>dicit</strong></span> <span class='ocrx_word' id='word_1_487' title='bbox 3063 2449 3300 2522; x_wconf 90' lang='lat' dir='ltr'><strong>quidem</strong></span> <span class='ocrx_word' id='word_1_488' title='bbox 3346 2447 3424 2503; x_wconf 92' lang='lat' dir='ltr'><strong>ibi</strong></span> <span class='ocrx_word' id='word_1_489' title='bbox 3459 2448 3762 2505; x_wconf 83' lang='lat' dir='ltr'><strong>Eusebius</strong></span> 
     </span>
    </p>
   </div>
   <div class='ocr_carea' id='block_1_71' title="bbox 2100 2523 3766 2614">
    <p class='ocr_par' dir='ltr' id='par_1_71' title="bbox 2100 2523 3766 2614">
     <span class='ocr_line' id='line_1_71' title="bbox 2100 2523 3766 2614; baseline -0.001 -18"><span class='ocrx_word' id='word_1_490' title='bbox 2100 2523 2410 2614; x_wconf 83' lang='lat' dir='ltr'><strong>Origenem</strong></span> <span class='ocrx_word' id='word_1_491' title='bbox 2445 2557 2558 2596; x_wconf 90' lang='lat' dir='ltr'><strong>non</strong></span> <span class='ocrx_word' id='word_1_492' title='bbox 2583 2539 2923 2612; x_wconf 86' lang='lat' dir='ltr'><strong>permisisse</strong></span> <span class='ocrx_word' id='word_1_493' title='bbox 2950 2523 3266 2595; x_wconf 78' lang='lat' dir='ltr'><strong>conciones</strong></span> <span class='ocrx_word' id='word_1_494' title='bbox 3290 2554 3427 2594; x_wconf 90' lang='lat' dir='ltr'><strong>suas</strong></span> <span class='ocrx_word' id='word_1_495' title='bbox 3457 2539 3766 2596; x_wconf 82' lang='lat' dir='ltr'><strong>anotariis</strong></span> 
     </span>
    </p>
   </div>
   <div class='ocr_carea' id='block_1_72' title="bbox 2101 2628 3766 2702">
    <p class='ocr_par' dir='ltr' id='par_1_72' title="bbox 2101 2628 3766 2702">
     <span class='ocr_line' id='line_1_72' title="bbox 2101 2628 3766 2702; baseline -0.002 -15"><span class='ocrx_word' id='word_1_496' title='bbox 2101 2631 2285 2702; x_wconf 85' lang='lat' dir='ltr'><strong>excipi</strong></span> <span class='ocrx_word' id='word_1_497' title='bbox 2315 2651 2330 2700; x_wconf 87' lang='lat'><strong>;</strong></span> <span class='ocrx_word' id='word_1_498' title='bbox 2357 2631 2458 2685; x_wconf 91' lang='lat' dir='ltr'><strong>sed</strong></span> <span class='ocrx_word' id='word_1_499' title='bbox 2491 2629 2588 2686; x_wconf 88' lang='lat' dir='ltr'><strong>ille</strong></span> <span class='ocrx_word' id='word_1_500' title='bbox 2619 2629 2927 2702; x_wconf 90' lang='lat' dir='ltr'><strong>Origenem</strong></span> <span class='ocrx_word' id='word_1_501' title='bbox 2951 2629 3147 2701; x_wconf 90' lang='lat' dir='ltr'><strong>ipsum</strong></span> <span class='ocrx_word' id='word_1_502' title='bbox 3178 2644 3276 2683; x_wconf 91' lang='lat' dir='ltr'><strong>eas</strong></span> <span class='ocrx_word' id='word_1_503' title='bbox 3307 2632 3440 2684; x_wconf 89' lang='lat' dir='ltr'><strong>ante</strong></span> <span class='ocrx_word' id='word_1_504' title='bbox 3460 2628 3766 2698; x_wconf 78' lang='lat' dir='ltr'><strong>sexagesi-</strong></span> 
     </span>
    </p>
   </div>
   <div class='ocr_carea' id='block_1_73' title="bbox 2103 2717 3769 2789">
    <p class='ocr_par' dir='ltr' id='par_1_73' title="bbox 2103 2717 3769 2789">
     <span class='ocr_line' id='line_1_73' title="bbox 2103 2717 3769 2789; baseline -0.002 -12"><span class='ocrx_word' id='word_1_505' title='bbox 2103 2738 2266 2777; x_wconf 87' lang='lat' dir='ltr'><strong>mum</strong></span> <span class='ocrx_word' id='word_1_506' title='bbox 2315 2719 2500 2775; x_wconf 70' lang='lat' dir='ltr'><strong>aalatis</strong></span> <span class='ocrx_word' id='word_1_507' title='bbox 2534 2735 2654 2775; x_wconf 66' lang='lat' dir='ltr'><strong>suae</strong></span> <span class='ocrx_word' id='word_1_508' title='bbox 2697 2735 2918 2774; x_wconf 88' lang='lat' dir='ltr'><strong>annum</strong></span> <span class='ocrx_word' id='word_1_509' title='bbox 2971 2735 3146 2773; x_wconf 86' lang='lat' dir='ltr'><strong>manu</strong></span> <span class='ocrx_word' id='word_1_510' title='bbox 3181 2717 3416 2789; x_wconf 91' lang='lat' dir='ltr'><strong>propria</strong></span> <span class='ocrx_word' id='word_1_511' title='bbox 3444 2717 3769 2788; x_wconf 78' lang='lat' dir='ltr'><strong>scripsisse</strong></span> 
     </span>
    </p>
   </div>
   <div class='ocr_carea' id='block_1_74' title="bbox 2105 2806 3766 2882">
    <p class='ocr_par' dir='ltr' id='par_1_74' title="bbox 2105 2806 3766 2882">
     <span class='ocr_line' id='line_1_74' title="bbox 2105 2806 3766 2882; baseline -0.003 -15"><span class='ocrx_word' id='word_1_512' title='bbox 2105 2828 2219 2869; x_wconf 91' lang='lat' dir='ltr'><strong>non</strong></span> <span class='ocrx_word' id='word_1_513' title='bbox 2253 2811 2566 2867; x_wconf 80' lang='lat' dir='ltr'><strong>inﬁciatur.</strong></span> <span class='ocrx_word' id='word_1_514' title='bbox 2604 2811 2803 2882; x_wconf 83' lang='lat' dir='ltr'><strong>Neque</strong></span> <span class='ocrx_word' id='word_1_515' title='bbox 2833 2810 3009 2865; x_wconf 90' lang='lat' dir='ltr'><strong>etiam</strong></span> <span class='ocrx_word' id='word_1_516' title='bbox 3045 2816 3213 2880; x_wconf 89' lang='lat' dir='ltr'><strong>negat</strong></span> <span class='ocrx_word' id='word_1_517' title='bbox 3243 2808 3400 2877; x_wconf 90' lang='lat' dir='ltr'><strong>illas,</strong></span> <span class='ocrx_word' id='word_1_518' title='bbox 3429 2807 3548 2878; x_wconf 90' lang='lat' dir='ltr'><strong>ipso</strong></span> <span class='ocrx_word' id='word_1_519' title='bbox 3571 2806 3766 2862; x_wconf 86' lang='lat' dir='ltr'><strong>invito</strong></span> 
     </span>
    </p>
   </div>
   <div class='ocr_carea' id='block_1_75' title="bbox 2103 2899 3765 2974">
    <p class='ocr_par' dir='ltr' id='par_1_75' title="bbox 2103 2899 3765 2974">
     <span class='ocr_line' id='line_1_75' title="bbox 2103 2899 3765 2974; baseline -0.002 -18"><span class='ocrx_word' id='word_1_520' title='bbox 2103 2902 2372 2974; x_wconf 91' lang='lat' dir='ltr'><strong>Origene,</strong></span> <span class='ocrx_word' id='word_1_521' title='bbox 2401 2900 2471 2955; x_wconf 88' lang='lat' dir='ltr'><strong>ab</strong></span> <span class='ocrx_word' id='word_1_522' title='bbox 2505 2899 2636 2956; x_wconf 89' lang='lat' dir='ltr'><strong>aliis</strong></span> <span class='ocrx_word' id='word_1_523' title='bbox 2662 2899 3064 2971; x_wconf 88' lang='lat' dir='ltr'><strong>transcriptas.</strong></span> <span class='ocrx_word' id='word_1_524' title='bbox 3095 2899 3380 2954; x_wconf 63' lang='lat' dir='ltr'><strong>Praeterea</strong></span> <span class='ocrx_word' id='word_1_525' title='bbox 3411 2901 3627 2953; x_wconf 90' lang='lat' dir='ltr'><strong>certum</strong></span> <span class='ocrx_word' id='word_1_526' title='bbox 3659 2901 3765 2953; x_wconf 74' lang='lat' dir='ltr'><strong>est</strong></span> 
     </span>
    </p>
   </div>
   <div class='ocr_carea' id='block_1_76' title="bbox 2104 2986 3769 3062">
    <p class='ocr_par' dir='ltr' id='par_1_76' title="bbox 2104 2986 3769 3062">
     <span class='ocr_line' id='line_1_76' title="bbox 2104 2986 3769 3062; baseline -0.002 -16"><span class='ocrx_word' id='word_1_527' title='bbox 2104 2989 2437 3062; x_wconf 89' lang='lat' dir='ltr'><strong>Origenem,</strong></span> <span class='ocrx_word' id='word_1_528' title='bbox 2468 3006 2601 3045; x_wconf 90' lang='lat' dir='ltr'><strong>cum</strong></span> <span class='ocrx_word' id='word_1_529' title='bbox 2631 2989 2861 3059; x_wconf 87' lang='lat' dir='ltr'><strong>juvenis</strong></span> <span class='ocrx_word' id='word_1_530' title='bbox 2907 2993 3084 3054; x_wconf 90' lang='lat' dir='ltr'><strong>esset,</strong></span> <span class='ocrx_word' id='word_1_531' title='bbox 3116 2988 3423 3043; x_wconf 89' lang='lat' dir='ltr'><strong>conciones</strong></span> <span class='ocrx_word' id='word_1_532' title='bbox 3478 2986 3769 3043; x_wconf 82' lang='lat' dir='ltr'><strong>habuisse</strong></span> 
     </span>
    </p>
   </div>
   <div class='ocr_carea' id='block_1_77' title="bbox 2104 3074 3770 3149">
    <p class='ocr_par' dir='ltr' id='par_1_77' title="bbox 2104 3074 3770 3149">
     <span class='ocr_line' id='line_1_77' title="bbox 2104 3074 3770 3149; baseline -0.002 -17"><span class='ocrx_word' id='word_1_533' title='bbox 2104 3077 2178 3132; x_wconf 88' lang='lat' dir='ltr'><strong>ad</strong></span> <span class='ocrx_word' id='word_1_534' title='bbox 2230 3076 2552 3149; x_wconf 84' lang='lat' dir='ltr'><strong>pepulum;</strong></span> <span class='ocrx_word' id='word_1_535' title='bbox 2601 3076 2659 3130; x_wconf 88' lang='lat' dir='ltr'><strong>id</strong></span> <span class='ocrx_word' id='word_1_536' title='bbox 2720 3076 2874 3130; x_wconf 88' lang='lat' dir='ltr'><strong>enim</strong></span> <span class='ocrx_word' id='word_1_537' title='bbox 2911 3091 3023 3130; x_wconf 91' lang='lat' dir='ltr'><strong>non</strong></span> <span class='ocrx_word' id='word_1_538' title='bbox 3058 3074 3387 3129; x_wconf 83' lang='lat' dir='ltr'><strong>difﬁtentur</strong></span> <span class='ocrx_word' id='word_1_539' title='bbox 3440 3074 3770 3129; x_wconf 78' lang='lat' dir='ltr'><strong>adversarii</strong></span> 
     </span>
    </p>
   </div>
   <div class='ocr_carea' id='block_1_78' title="bbox 2106 3165 3772 3239">
    <p class='ocr_par' dir='ltr' id='par_1_78' title="bbox 2106 3165 3772 3239">
     <span class='ocr_line' id='line_1_78' title="bbox 2106 3165 3772 3239; baseline -0.001 -17"><span class='ocrx_word' id='word_1_540' title='bbox 2106 3167 2310 3234; x_wconf 90' lang='lat' dir='ltr'><strong>nostri,</strong></span> <span class='ocrx_word' id='word_1_541' title='bbox 2371 3167 2524 3239; x_wconf 90' lang='lat' dir='ltr'><strong>quod</strong></span> <span class='ocrx_word' id='word_1_542' title='bbox 2579 3182 2648 3222; x_wconf 83' lang='lat' dir='ltr'><strong>ex</strong></span> <span class='ocrx_word' id='word_1_543' title='bbox 2677 3165 2870 3222; x_wconf 87' lang='lat' dir='ltr'><strong>allatis</strong></span> <span class='ocrx_word' id='word_1_544' title='bbox 2920 3165 3156 3220; x_wconf 85' lang='lat' dir='ltr'><strong>Eusebii</strong></span> <span class='ocrx_word' id='word_1_545' title='bbox 3221 3165 3411 3220; x_wconf 90' lang='lat' dir='ltr'><strong>verbis</strong></span> <span class='ocrx_word' id='word_1_546' title='bbox 3463 3165 3772 3221; x_wconf 85' lang='lat' dir='ltr'><strong>evidenter</strong></span> 
     </span>
    </p>
   </div>
   <div class='ocr_carea' id='block_1_79' title="bbox 2106 3254 3769 3328">
    <p class='ocr_par' dir='ltr' id='par_1_79' title="bbox 2106 3254 3769 3328">
     <span class='ocr_line' id='line_1_79' title="bbox 2106 3254 3769 3328; baseline 0 -16"><span class='ocrx_word' id='word_1_547' title='bbox 2106 3256 2420 3328; x_wconf 89' lang='lat' dir='ltr'><strong>colligitur.</strong></span> <span class='ocrx_word' id='word_1_548' title='bbox 2450 3256 2620 3326; x_wconf 84' lang='lat' dir='ltr'><strong>Atqui</strong></span> <span class='ocrx_word' id='word_1_549' title='bbox 2647 3257 2749 3312; x_wconf 89' lang='lat' dir='ltr'><strong>has</strong></span> <span class='ocrx_word' id='word_1_550' title='bbox 2782 3256 2930 3311; x_wconf 91' lang='lat' dir='ltr'><strong>inter</strong></span> <span class='ocrx_word' id='word_1_551' title='bbox 2960 3255 3267 3312; x_wconf 85' lang='lat' dir='ltr'><strong>conciones</strong></span> <span class='ocrx_word' id='word_1_552' title='bbox 3297 3254 3518 3323; x_wconf 69' lang='lat' dir='ltr'><strong>illae,de</strong></span> <span class='ocrx_word' id='word_1_553' title='bbox 3535 3255 3769 3327; x_wconf 74' lang='lat' dir='ltr'><strong>quibus</strong></span> 
     </span>
    </p>
   </div>
   <div class='ocr_carea' id='block_1_80' title="bbox 2106 3343 3770 3417">
    <p class='ocr_par' dir='ltr' id='par_1_80' title="bbox 2106 3343 3770 3417">
     <span class='ocr_line' id='line_1_80' title="bbox 2106 3343 3770 3417; baseline -0.001 -15"><span class='ocrx_word' id='word_1_554' title='bbox 2106 3347 2323 3417; x_wconf 90' lang='lat' dir='ltr'><strong>agitur,</strong></span> <span class='ocrx_word' id='word_1_555' title='bbox 2374 3345 2625 3401; x_wconf 74' lang='lat' dir='ltr'><strong>homilias</strong></span> <span class='ocrx_word' id='word_1_556' title='bbox 2684 3345 2894 3401; x_wconf 87' lang='lat' dir='ltr'><strong>debent</strong></span> <span class='ocrx_word' id='word_1_557' title='bbox 2946 3346 3144 3416; x_wconf 91' lang='lat' dir='ltr'><strong>procul</strong></span> <span class='ocrx_word' id='word_1_558' title='bbox 3177 3343 3353 3400; x_wconf 90' lang='lat' dir='ltr'><strong>dubio</strong></span> <span class='ocrx_word' id='word_1_559' title='bbox 3412 3345 3770 3408; x_wconf 82' lang='lat' dir='ltr'><strong>numerari:</strong></span> 
     </span>
    </p>
   </div>
   <div class='ocr_carea' id='block_1_81' title="bbox 2107 3433 3773 3506">
    <p class='ocr_par' dir='ltr' id='par_1_81' title="bbox 2107 3433 3773 3506">
     <span class='ocr_line' id='line_1_81' title="bbox 2107 3433 3773 3506; baseline 0 -16"><span class='ocrx_word' id='word_1_560' title='bbox 2107 3451 2236 3490; x_wconf 90' lang='lat' dir='ltr'><strong>cum</strong></span> <span class='ocrx_word' id='word_1_561' title='bbox 2274 3435 2403 3489; x_wconf 89' lang='lat' dir='ltr'><strong>illas</strong></span> <span class='ocrx_word' id='word_1_562' title='bbox 2418 3435 2488 3489; x_wconf 89' lang='lat' dir='ltr'><strong>ab</strong></span> <span class='ocrx_word' id='word_1_563' title='bbox 2519 3435 2998 3504; x_wconf 86' lang='lat' dir='ltr'><strong>Origenejuvene</strong></span> <span class='ocrx_word' id='word_1_564' title='bbox 3029 3435 3432 3506; x_wconf 88' lang='lat' dir='ltr'><strong>pronuntiatas</strong></span> <span class='ocrx_word' id='word_1_565' title='bbox 3453 3451 3564 3490; x_wconf 89' lang='lat' dir='ltr'><strong>non</strong></span> <span class='ocrx_word' id='word_1_566' title='bbox 3593 3433 3773 3490; x_wconf 89' lang='lat' dir='ltr'><strong>solus</strong></span> 
     </span>
    </p>
   </div>
   <div class='ocr_carea' id='block_1_82' title="bbox 2107 3523 3772 3597">
    <p class='ocr_par' dir='ltr' id='par_1_82' title="bbox 2107 3523 3772 3597">
     <span class='ocr_line' id='line_1_82' title="bbox 2107 3523 3772 3597; baseline 0.001 -18"><span class='ocrx_word' id='word_1_567' title='bbox 2107 3524 2625 3594; x_wconf 80' lang='lat' dir='ltr'><strong>Hieronymus,sed</strong></span> <span class='ocrx_word' id='word_1_568' title='bbox 2653 3530 2709 3579; x_wconf 90' lang='lat' dir='ltr'><strong>et</strong></span> <span class='ocrx_word' id='word_1_569' title='bbox 2729 3523 2918 3580; x_wconf 87' lang='lat' dir='ltr'><strong>eidem</strong></span> <span class='ocrx_word' id='word_1_570' title='bbox 2953 3524 3772 3597; x_wconf 84' lang='lat' dir='ltr'><strong>Hieronymoinfensissimus</strong></span> 
     </span>
    </p>
   </div>
   <div class='ocr_carea' id='block_1_83' title="bbox 2108 3611 3768 3678">
    <p class='ocr_par' dir='ltr' id='par_1_83' title="bbox 2108 3611 3768 3678">
     <span class='ocr_line' id='line_1_83' title="bbox 2108 3611 3768 3678; baseline 0.001 -12"><span class='ocrx_word' id='word_1_571' title='bbox 2108 3615 2192 3666; x_wconf 84' lang='lat' dir='ltr'><strong>Ru</strong></span> <span class='ocrx_word' id='word_1_572' title='bbox 2206 3613 2353 3667; x_wconf 81' lang='lat' dir='ltr'><strong>(inus</strong></span> <span class='ocrx_word' id='word_1_573' title='bbox 2369 3616 2704 3666; x_wconf 88' lang='lat' dir='ltr'><strong>constanter</strong></span> <span class='ocrx_word' id='word_1_574' title='bbox 2731 3616 3225 3678; x_wconf 83' lang='lat' dir='ltr'><strong>asserverent,nec</strong></span> <span class='ocrx_word' id='word_1_575' title='bbox 3249 3611 3526 3666; x_wconf 88' lang='lat' dir='ltr'><strong>Eusebius</strong></span> <span class='ocrx_word' id='word_1_576' title='bbox 3550 3627 3768 3669; x_wconf 85' lang='lat' dir='ltr'><strong>eorum</strong></span> 
     </span>
    </p>
   </div>
   <div class='ocr_carea' id='block_1_84' title="bbox 2111 3699 3146 3772">
    <p class='ocr_par' dir='ltr' id='par_1_84' title="bbox 2111 3699 3146 3772">
     <span class='ocr_line' id='line_1_84' title="bbox 2111 3699 3146 3772; baseline -0.001 -16"><span class='ocrx_word' id='word_1_577' title='bbox 2111 3702 2410 3757; x_wconf 63' lang='lat' dir='ltr'><strong>sententia;</strong></span> <span class='ocrx_word' id='word_1_578' title='bbox 2445 3699 2563 3755; x_wconf 90' lang='lat' dir='ltr'><strong>ullo</strong></span> <span class='ocrx_word' id='word_1_579' title='bbox 2601 3700 2773 3755; x_wconf 88' lang='lat' dir='ltr'><strong>modo</strong></span> <span class='ocrx_word' id='word_1_580' title='bbox 2806 3701 3146 3772; x_wconf 81' lang='lat' dir='ltr'><strong>refragetur.</strong></span> 
     </span>
    </p>
   </div>
   <div class='ocr_carea' id='block_1_85' title="bbox 2183 3789 3780 3862">
    <p class='ocr_par' dir='ltr' id='par_1_85' title="bbox 2183 3789 3780 3862">
     <span class='ocr_line' id='line_1_85' title="bbox 2183 3789 3780 3862; baseline 0.001 -18"><span class='ocrx_word' id='word_1_581' title='bbox 2183 3789 2424 3846; x_wconf 87' lang='lat' dir='ltr'><strong>Constat</strong></span> <span class='ocrx_word' id='word_1_582' title='bbox 2473 3790 2656 3862; x_wconf 90' lang='lat' dir='ltr'><strong>igitur</strong></span> <span class='ocrx_word' id='word_1_583' title='bbox 2687 3789 2792 3844; x_wconf 87' lang='lat' dir='ltr'><strong>has</strong></span> <span class='ocrx_word' id='word_1_584' title='bbox 2823 3789 3096 3844; x_wconf 89' lang='lat' dir='ltr'><strong>homilias</strong></span> <span class='ocrx_word' id='word_1_585' title='bbox 3139 3789 3458 3858; x_wconf 80' lang='lat' dir='ltr'><strong>genuinum</strong></span> <span class='ocrx_word' id='word_1_586' title='bbox 3492 3789 3780 3861; x_wconf 88' lang='lat' dir='ltr'><strong>Origenis</strong></span> 
     </span>
    </p>
   </div>
   <div class='ocr_carea' id='block_1_86' title="bbox 2110 3877 3778 3953">
    <p class='ocr_par' dir='ltr' id='par_1_86' title="bbox 2110 3877 3778 3953">
     <span class='ocr_line' id='line_1_86' title="bbox 2110 3877 3778 3953; baseline 0.001 -17"><span class='ocrx_word' id='word_1_587' title='bbox 2110 3897 2259 3953; x_wconf 89' lang='lat' dir='ltr'><strong>opus</strong></span> <span class='ocrx_word' id='word_1_588' title='bbox 2318 3895 2494 3946; x_wconf 88' lang='lat' dir='ltr'><strong>esse;</strong></span> <span class='ocrx_word' id='word_1_589' title='bbox 2558 3878 2915 3950; x_wconf 85' lang='lat' dir='ltr'><strong>proindeque</strong></span> <span class='ocrx_word' id='word_1_590' title='bbox 2974 3877 3255 3934; x_wconf 89' lang='lat' dir='ltr'><strong>invictum</strong></span> <span class='ocrx_word' id='word_1_591' title='bbox 3309 3883 3420 3934; x_wconf 88' lang='lat' dir='ltr'><strong>stat</strong></span> <span class='ocrx_word' id='word_1_592' title='bbox 3466 3879 3599 3947; x_wconf 88' lang='lat' dir='ltr'><strong>ejus</strong></span> <span class='ocrx_word' id='word_1_593' title='bbox 3657 3895 3778 3950; x_wconf 90' lang='lat' dir='ltr'><strong>pro</strong></span> 
     </span>
    </p>
   </div>
   <div class='ocr_carea' id='block_1_87' title="bbox 2111 3965 3780 4041">
    <p class='ocr_par' dir='ltr' id='par_1_87' title="bbox 2111 3965 3780 4041">
     <span class='ocr_line' id='line_1_87' title="bbox 2111 3965 3780 4041; baseline 0 -17"><span class='ocrx_word' id='word_1_594' title='bbox 2111 3968 2322 4041; x_wconf 83' lang='lat' dir='ltr'><strong>lgnatii</strong></span> <span class='ocrx_word' id='word_1_595' title='bbox 2353 3965 2617 4040; x_wconf 86' lang='lat' dir='ltr'><strong>epistolis</strong></span> <span class='ocrx_word' id='word_1_596' title='bbox 2641 3966 3372 4023; x_wconf 88' lang='lat' dir='ltr'><strong>testimonium.Ultimum</strong></span> <span class='ocrx_word' id='word_1_597' title='bbox 3399 3972 3596 4022; x_wconf 85' lang='lat' dir='ltr'><strong>tamen</strong></span> <span class='ocrx_word' id='word_1_598' title='bbox 3631 3969 3780 4024; x_wconf 86' lang='lat' dir='ltr'><strong>Dal-</strong></span> 
     </span>
    </p>
   </div>
   <div class='ocr_carea' id='block_1_88' title="bbox 2111 4054 3779 4127">
    <p class='ocr_par' dir='ltr' id='par_1_88' title="bbox 2111 4054 3779 4127">
     <span class='ocr_line' id='line_1_88' title="bbox 2111 4054 3779 4127; baseline -0.001 -13"><span class='ocrx_word' id='word_1_599' title='bbox 2111 4058 2253 4114; x_wconf 77' lang='lat' dir='ltr'><strong>lzeus</strong></span> <span class='ocrx_word' id='word_1_600' title='bbox 2282 4057 2485 4123; x_wconf 89' lang='lat' dir='ltr'><strong>telum,</strong></span> <span class='ocrx_word' id='word_1_601' title='bbox 2519 4056 2677 4126; x_wconf 85' lang='lat' dir='ltr'><strong>quod</strong></span> <span class='ocrx_word' id='word_1_602' title='bbox 2708 4055 2848 4110; x_wconf 88' lang='lat' dir='ltr'><strong>alibi</strong></span> <span class='ocrx_word' id='word_1_603' title='bbox 2880 4056 2938 4111; x_wconf 93' lang='lat' dir='ltr'><strong>in</strong></span> <span class='ocrx_word' id='word_1_604' title='bbox 2967 4057 3308 4127; x_wconf 88' lang='lat' dir='ltr'><strong>Eusebium,</strong></span> <span class='ocrx_word' id='word_1_605' title='bbox 3341 4055 3434 4111; x_wconf 91' lang='lat' dir='ltr'><strong>hic</strong></span> <span class='ocrx_word' id='word_1_606' title='bbox 3461 4055 3522 4111; x_wconf 91' lang='lat' dir='ltr'><strong>in</strong></span> <span class='ocrx_word' id='word_1_607' title='bbox 3551 4054 3779 4124; x_wconf 69' lang='lat' dir='ltr'><strong>Orige-</strong></span> 
     </span>
    </p>
   </div>
   <div class='ocr_carea' id='block_1_89' title="bbox 2113 4144 3774 4218">
    <p class='ocr_par' dir='ltr' id='par_1_89' title="bbox 2113 4144 3774 4218">
     <span class='ocr_line' id='line_1_89' title="bbox 2113 4144 3774 4218; baseline -0.002 -15"><span class='ocrx_word' id='word_1_608' title='bbox 2113 4149 2204 4204; x_wconf 84' lang='lat' dir='ltr'><strong>nis</strong></span> <span class='ocrx_word' id='word_1_609' title='bbox 2237 4147 2641 4202; x_wconf 88' lang='lat' dir='ltr'><strong>auctoritatem</strong></span> <span class='ocrx_word' id='word_1_610' title='bbox 2674 4144 2756 4199; x_wconf 91' lang='lat' dir='ltr'><strong>sic</strong></span> <span class='ocrx_word' id='word_1_611' title='bbox 2774 4150 3148 4217; x_wconf 90' lang='lat' dir='ltr'><strong>contorquet:</strong></span> <span class='ocrx_word' id='word_1_612' title='bbox 3176 4168 3204 4195; x_wconf 87' lang='grc'><strong>‹‹</strong></span> <span class='ocrx_word' id='word_1_613' title='bbox 3229 4145 3443 4214; x_wconf 91' lang='lat' dir='ltr'><strong>Unum,</strong></span> <span class='ocrx_word' id='word_1_614' title='bbox 3477 4145 3666 4216; x_wconf 89' lang='lat' dir='ltr'><strong>inquit</strong></span> <span class='ocrx_word' id='word_1_615' title='bbox 3692 4145 3774 4218; x_wconf 63' lang='lat'><strong>92,</strong></span> 
     </span>
    </p>
   </div>
   <div class='ocr_carea' id='block_1_90' title="bbox 2113 4233 3780 4305">
    <p class='ocr_par' dir='ltr' id='par_1_90' title="bbox 2113 4233 3780 4305">
     <span class='ocr_line' id='line_1_90' title="bbox 2113 4233 3780 4305; baseline -0.001 -13"><span class='ocrx_word' id='word_1_616' title='bbox 2113 4237 2319 4292; x_wconf 85' lang='lat' dir='ltr'><strong>addam</strong></span> <span class='ocrx_word' id='word_1_617' title='bbox 2380 4237 2606 4301; x_wconf 87' lang='lat' dir='ltr'><strong>notato,</strong></span> <span class='ocrx_word' id='word_1_618' title='bbox 2641 4237 2704 4287; x_wconf 91' lang='lat' dir='ltr'><strong>ut</strong></span> <span class='ocrx_word' id='word_1_619' title='bbox 2752 4233 2897 4288; x_wconf 87' lang='lat' dir='ltr'><strong>mihi</strong></span> <span class='ocrx_word' id='word_1_620' title='bbox 2931 4234 3167 4305; x_wconf 90' lang='lat' dir='ltr'><strong>quidem</strong></span> <span class='ocrx_word' id='word_1_621' title='bbox 3199 4235 3451 4301; x_wconf 89' lang='lat' dir='ltr'><strong>videtur,</strong></span> <span class='ocrx_word' id='word_1_622' title='bbox 3487 4235 3780 4305; x_wconf 79' lang='lat' dir='ltr'><strong>dignissi-</strong></span> 
     </span>
    </p>
   </div>
   <div class='ocr_carea' id='block_1_91' title="bbox 2115 4322 3785 4392">
    <p class='ocr_par' dir='ltr' id='par_1_91' title="bbox 2115 4322 3785 4392">
     <span class='ocr_line' id='line_1_91' title="bbox 2115 4322 3785 4392; baseline 0.001 -13"><span class='ocrx_word' id='word_1_623' title='bbox 2115 4341 2300 4392; x_wconf 88' lang='lat' dir='ltr'><strong>mum,</strong></span> <span class='ocrx_word' id='word_1_624' title='bbox 2362 4322 2676 4378; x_wconf 84' lang='lat' dir='ltr'><strong>Eusebium</strong></span> <span class='ocrx_word' id='word_1_625' title='bbox 2710 4323 2971 4378; x_wconf 81' lang='lat' dir='ltr'><strong>videlicet</strong></span> <span class='ocrx_word' id='word_1_626' title='bbox 3015 4341 3129 4379; x_wconf 89' lang='lat' dir='ltr'><strong>non</strong></span> <span class='ocrx_word' id='word_1_627' title='bbox 3187 4325 3546 4380; x_wconf 89' lang='lat' dir='ltr'><strong>omissurum</strong></span> <span class='ocrx_word' id='word_1_628' title='bbox 3581 4323 3785 4380; x_wconf 88' lang='lat' dir='ltr'><strong>fuisse</strong></span> 
     </span>
    </p>
   </div>
   <div class='ocr_carea' id='block_1_92' title="bbox 2113 4411 3782 4485">
    <p class='ocr_par' dir='ltr' id='par_1_92' title="bbox 2113 4411 3782 4485">
     <span class='ocr_line' id='line_1_92' title="bbox 2113 4411 3782 4485; baseline -0.001 -15"><span class='ocrx_word' id='word_1_629' title='bbox 2113 4413 2379 4485; x_wconf 90' lang='lat' dir='ltr'><strong>Origenis</strong></span> <span class='ocrx_word' id='word_1_630' title='bbox 2410 4428 2512 4484; x_wconf 93' lang='lat' dir='ltr'><strong>pro</strong></span> <span class='ocrx_word' id='word_1_631' title='bbox 2548 4411 2868 4481; x_wconf 79' lang='lat' dir='ltr'><strong>Ignatianis</strong></span> <span class='ocrx_word' id='word_1_632' title='bbox 2893 4412 3320 4481; x_wconf 89' lang='lat' dir='ltr'><strong>testimonium,</strong></span> <span class='ocrx_word' id='word_1_633' title='bbox 3352 4414 3400 4468; x_wconf 89' lang='lat' dir='ltr'><strong>si</strong></span> <span class='ocrx_word' id='word_1_634' title='bbox 3431 4430 3631 4469; x_wconf 87' lang='lat' dir='ltr'><strong>eorum</strong></span> <span class='ocrx_word' id='word_1_635' title='bbox 3659 4413 3782 4469; x_wconf 82' lang='lat' dir='ltr'><strong>ali-</strong></span> 
     </span>
    </p>
   </div>
   <div class='ocr_carea' id='block_1_93' title="bbox 2114 4503 3784 4576">
    <p class='ocr_par' dir='ltr' id='par_1_93' title="bbox 2114 4503 3784 4576">
     <span class='ocr_line' id='line_1_93' title="bbox 2114 4503 3784 4576; baseline -0.001 -14"><span class='ocrx_word' id='word_1_636' title='bbox 2114 4505 2249 4562; x_wconf 91' lang='lat' dir='ltr'><strong>cubi</strong></span> <span class='ocrx_word' id='word_1_637' title='bbox 2285 4504 2638 4559; x_wconf 87' lang='lat' dir='ltr'><strong>mentionem</strong></span> <span class='ocrx_word' id='word_1_638' title='bbox 2666 4503 2917 4559; x_wconf 79' lang='lat' dir='ltr'><strong>fecisset.</strong></span> <span class='ocrx_word' id='word_1_639' title='bbox 2943 4526 2971 4555; x_wconf 88' lang='grc'><strong>››</strong></span> <span class='ocrx_word' id='word_1_640' title='bbox 2995 4505 3105 4560; x_wconf 90' lang='lat' dir='ltr'><strong>Sed</strong></span> <span class='ocrx_word' id='word_1_641' title='bbox 3140 4504 3285 4560; x_wconf 87' lang='lat' dir='ltr'><strong>nihil</strong></span> <span class='ocrx_word' id='word_1_642' title='bbox 3319 4503 3442 4570; x_wconf 90' lang='lat' dir='ltr'><strong>illo,</strong></span> <span class='ocrx_word' id='word_1_643' title='bbox 3470 4506 3626 4576; x_wconf 88' lang='lat' dir='ltr'><strong>quod</strong></span> <span class='ocrx_word' id='word_1_644' title='bbox 3663 4521 3784 4575; x_wconf 85' lang='lat' dir='ltr'><strong>pu-</strong></span> 
     </span>
    </p>
   </div>
   <div class='ocr_carea' id='block_1_94' title="bbox 359 4575 1993 4666">
    <p class='ocr_par' dir='ltr' id='par_1_94' title="bbox 359 4575 1993 4652">
     <span class='ocr_line' id='line_1_94' title="bbox 359 4575 1993 4652; baseline 0 -18"><span class='ocrx_word' id='word_1_645' title='bbox 359 4596 472 4652; x_wconf 88' lang='lat' dir='ltr'><strong>que</strong></span> <span class='ocrx_word' id='word_1_646' title='bbox 502 4581 559 4634; x_wconf 92' lang='lat' dir='ltr'><strong>in</strong></span> <span class='ocrx_word' id='word_1_647' title='bbox 595 4578 770 4634; x_wconf 90' lang='lat' dir='ltr'><strong>variis</strong></span> <span class='ocrx_word' id='word_1_648' title='bbox 807 4591 1009 4632; x_wconf 89' lang='lat' dir='ltr'><strong>eorum</strong></span> <span class='ocrx_word' id='word_1_649' title='bbox 1046 4575 1345 4647; x_wconf 90' lang='lat' dir='ltr'><strong>operibus,</strong></span> <span class='ocrx_word' id='word_1_650' title='bbox 1379 4591 1507 4646; x_wconf 70' lang='lat' dir='ltr'><strong>qua:</strong></span> <span class='ocrx_word' id='word_1_651' title='bbox 1537 4577 1783 4632; x_wconf 87' lang='lat' dir='ltr'><strong>diversis</strong></span> <span class='ocrx_word' id='word_1_652' title='bbox 1815 4578 1885 4634; x_wconf 92' lang='lat' dir='ltr'><strong>de</strong></span> <span class='ocrx_word' id='word_1_653' title='bbox 1915 4596 1993 4634; x_wconf 87' lang='lat' dir='ltr'><strong>ar-</strong></span> 
     </span>
    </p>
   </div>
   <div class='ocr_carea' id='block_1_95' title="bbox 2102 4575 3788 4666">
    <p class='ocr_par' dir='ltr' id='par_1_95' title="bbox 2115 4575 3788 4666">
     <span class='ocr_line' id='line_1_95' title="bbox 2115 4575 3788 4666; baseline 0.001 -15"><span class='ocrx_word' id='word_1_654' title='bbox 2115 4601 2200 4651; x_wconf 89' lang='lat' dir='ltr'><strong>tat</strong></span> <span class='ocrx_word' id='word_1_655' title='bbox 2235 4597 2432 4649; x_wconf 91' lang='lat' dir='ltr'><strong>notatu</strong></span> <span class='ocrx_word' id='word_1_656' title='bbox 2492 4592 2934 4664; x_wconf 86' lang='lat' dir='ltr'><strong>dignissimum,</strong></span> <span class='ocrx_word' id='word_1_657' title='bbox 2967 4601 3312 4664; x_wconf 85' lang='lat' dir='ltr'><strong>argumento</strong></span> <span class='ocrx_word' id='word_1_658' title='bbox 3343 4575 3528 4651; x_wconf 77' lang='lat' dir='ltr'><strong>levius</strong></span> <span class='ocrx_word' id='word_1_659' title='bbox 3587 4600 3788 4666; x_wconf 87' lang='lat' dir='ltr'><strong>atque</strong></span> 
     </span>
    </p>
   </div>
   <div class='ocr_carea' id='block_1_96' title="bbox 357 4665 2006 4743">
    <p class='ocr_par' dir='ltr' id='par_1_96' title="bbox 357 4665 2006 4743">
     <span class='ocr_line' id='line_1_96' title="bbox 357 4665 2006 4743; baseline 0 -19"><span class='ocrx_word' id='word_1_660' title='bbox 357 4667 650 4743; x_wconf 87' lang='lat' dir='ltr'><strong>gumentis</strong></span> <span class='ocrx_word' id='word_1_661' title='bbox 699 4673 757 4722; x_wconf 88' lang='lat' dir='ltr'><strong>et</strong></span> <span class='ocrx_word' id='word_1_662' title='bbox 797 4666 1044 4721; x_wconf 85' lang='lat' dir='ltr'><strong>diversis</strong></span> <span class='ocrx_word' id='word_1_663' title='bbox 1096 4665 1460 4736; x_wconf 90' lang='lat' dir='ltr'><strong>temporibus</strong></span> <span class='ocrx_word' id='word_1_664' title='bbox 1499 4666 1820 4736; x_wconf 89' lang='lat' dir='ltr'><strong>composita</strong></span> <span class='ocrx_word' id='word_1_665' title='bbox 1848 4673 2006 4740; x_wconf 91' lang='lat' dir='ltr'><strong>sunt,</strong></span> 
     </span>
    </p>
   </div>
   <div class='ocr_carea' id='block_1_97' title="bbox 355 4754 2001 4827">
    <p class='ocr_par' dir='ltr' id='par_1_97' title="bbox 355 4754 2001 4827">
     <span class='ocr_line' id='line_1_97' title="bbox 355 4754 2001 4827; baseline -0.001 -13"><span class='ocrx_word' id='word_1_666' title='bbox 355 4760 436 4814; x_wconf 90' lang='lat' dir='ltr'><strong>ita</strong></span> <span class='ocrx_word' id='word_1_667' title='bbox 467 4759 578 4814; x_wconf 90' lang='lat' dir='ltr'><strong>sibi</strong></span> <span class='ocrx_word' id='word_1_668' title='bbox 611 4757 1006 4822; x_wconf 76' lang='lat' dir='ltr'><strong>cohzerent,ut</strong></span> <span class='ocrx_word' id='word_1_669' title='bbox 1037 4754 1200 4810; x_wconf 91' lang='lat' dir='ltr'><strong>nulla</strong></span> <span class='ocrx_word' id='word_1_670' title='bbox 1231 4771 1429 4810; x_wconf 90' lang='lat' dir='ltr'><strong>secum</strong></span> <span class='ocrx_word' id='word_1_671' title='bbox 1462 4757 1784 4827; x_wconf 89' lang='lat' dir='ltr'><strong>pugnantia</strong></span> <span class='ocrx_word' id='word_1_672' title='bbox 1805 4763 1861 4813; x_wconf 90' lang='lat' dir='ltr'><strong>et</strong></span> <span class='ocrx_word' id='word_1_673' title='bbox 1889 4757 2001 4814; x_wconf 89' lang='lat' dir='ltr'><strong>sibi</strong></span> 
     </span>
    </p>
   </div>
   <div class='ocr_carea' id='block_1_98' title="bbox 355 4842 2003 4918">
    <p class='ocr_par' dir='ltr' id='par_1_98' title="bbox 355 4842 2003 4918">
     <span class='ocr_line' id='line_1_98' title="bbox 355 4842 2003 4918; baseline 0 -16"><span class='ocrx_word' id='word_1_674' title='bbox 355 4847 602 4902; x_wconf 80' lang='lat' dir='ltr'><strong>invicem</strong></span> <span class='ocrx_word' id='word_1_675' title='bbox 637 4845 920 4901; x_wconf 86' lang='lat' dir='ltr'><strong>contraria</strong></span> <span class='ocrx_word' id='word_1_676' title='bbox 954 4842 1346 4915; x_wconf 88' lang='lat' dir='ltr'><strong>scripserint?</strong></span> <span class='ocrx_word' id='word_1_677' title='bbox 1379 4844 1658 4917; x_wconf 91' lang='lat' dir='ltr'><strong>Nunquid</strong></span> <span class='ocrx_word' id='word_1_678' title='bbox 1688 4846 2003 4918; x_wconf 86' lang='lat' dir='ltr'><strong>aliquando</strong></span> 
     </span>
    </p>
   </div>
   <div class='ocr_carea' id='block_1_99' title="bbox 357 4934 2001 5004">
    <p class='ocr_par' dir='ltr' id='par_1_99' title="bbox 357 4934 2001 5004">
     <span class='ocr_line' id='line_1_99' title="bbox 357 4934 2001 5004; baseline 0 -11"><span class='ocrx_word' id='word_1_679' title='bbox 357 4937 617 4993; x_wconf 82' lang='lat' dir='ltr'><strong>seniores</strong></span> <span class='ocrx_word' id='word_1_680' title='bbox 648 4934 782 4990; x_wconf 85' lang='lat' dir='ltr'><strong>facti</strong></span> <span class='ocrx_word' id='word_1_681' title='bbox 829 4951 894 4988; x_wconf 89' lang='lat' dir='ltr'><strong>ac</strong></span> <span class='ocrx_word' id='word_1_682' title='bbox 951 4935 1260 5004; x_wconf 87' lang='lat' dir='ltr'><strong>doctiores,</strong></span> <span class='ocrx_word' id='word_1_683' title='bbox 1294 4951 1360 4989; x_wconf 90' lang='lat' dir='ltr'><strong>ea</strong></span> <span class='ocrx_word' id='word_1_684' title='bbox 1413 4951 1524 4990; x_wconf 91' lang='lat' dir='ltr'><strong>non</strong></span> <span class='ocrx_word' id='word_1_685' title='bbox 1591 4937 2001 5003; x_wconf 87' lang='lat' dir='ltr'><strong>emendarunt,</strong></span> 
     </span>
    </p>
   </div>
   <div class='ocr_carea' id='block_1_100' title="bbox 355 5034 2003 5108">
    <p class='ocr_par' dir='ltr' id='par_1_100' title="bbox 355 5034 2003 5108">
     <span class='ocr_line' id='line_1_100' title="bbox 355 5034 2003 5108; baseline 0 -16"><span class='ocrx_word' id='word_1_686' title='bbox 355 5053 483 5108; x_wconf 65' lang='lat' dir='ltr'><strong>quas</strong></span> <span class='ocrx_word' id='word_1_687' title='bbox 510 5035 773 5104; x_wconf 87' lang='lat' dir='ltr'><strong>juniores</strong></span> <span class='ocrx_word' id='word_1_688' title='bbox 830 5039 1004 5104; x_wconf 90' lang='lat' dir='ltr'><strong>atque</strong></span> <span class='ocrx_word' id='word_1_689' title='bbox 1036 5034 1424 5104; x_wconf 81' lang='lat' dir='ltr'><strong>imperitiores</strong></span> <span class='ocrx_word' id='word_1_690' title='bbox 1455 5040 1676 5089; x_wconf 90' lang='lat' dir='ltr'><strong>certum</strong></span> <span class='ocrx_word' id='word_1_691' title='bbox 1720 5052 1850 5092; x_wconf 91' lang='lat' dir='ltr'><strong>esse</strong></span> <span class='ocrx_word' id='word_1_692' title='bbox 1881 5053 2003 5092; x_wconf 86' lang='lat' dir='ltr'><strong>cre-</strong></span> 
     </span>
    </p>
   </div>
   <div class='ocr_carea' id='block_1_101' title="bbox 353 5123 2005 5195">
    <p class='ocr_par' dir='ltr' id='par_1_101' title="bbox 353 5123 2005 5195">
     <span class='ocr_line' id='line_1_101' title="bbox 353 5123 2005 5195; baseline -0.001 -13"><span class='ocrx_word' id='word_1_693' title='bbox 353 5124 598 5183; x_wconf 82' lang='lat' dir='ltr'><strong>didere?</strong></span> <span class='ocrx_word' id='word_1_694' title='bbox 630 5123 788 5179; x_wconf 83' lang='lat' dir='ltr'><strong>Nihil</strong></span> <span class='ocrx_word' id='word_1_695' title='bbox 823 5139 959 5194; x_wconf 84' lang='lat' dir='ltr'><strong>ergn</strong></span> <span class='ocrx_word' id='word_1_696' title='bbox 994 5124 1230 5186; x_wconf 90' lang='lat' dir='ltr'><strong>mirum,</strong></span> <span class='ocrx_word' id='word_1_697' title='bbox 1263 5124 1311 5177; x_wconf 88' lang='lat' dir='ltr'><strong>si</strong></span> <span class='ocrx_word' id='word_1_698' title='bbox 1340 5123 1644 5192; x_wconf 85' lang='lat' dir='ltr'><strong>Origenes,</strong></span> <span class='ocrx_word' id='word_1_699' title='bbox 1678 5125 1777 5194; x_wconf 89' lang='lat' dir='ltr'><strong>qui</strong></span> <span class='ocrx_word' id='word_1_700' title='bbox 1802 5125 2005 5195; x_wconf 89' lang='lat' dir='ltr'><strong>junior</strong></span> 
     </span>
    </p>
   </div>
   <div class='ocr_carea' id='block_1_102' title="bbox 352 5214 2000 5286">
    <p class='ocr_par' dir='ltr' id='par_1_102' title="bbox 352 5214 2000 5286">
     <span class='ocr_line' id='line_1_102' title="bbox 352 5214 2000 5286; baseline -0.001 -13"><span class='ocrx_word' id='word_1_701' title='bbox 352 5218 458 5273; x_wconf 86' lang='lat' dir='ltr'><strong>has</strong></span> <span class='ocrx_word' id='word_1_702' title='bbox 489 5217 760 5272; x_wconf 86' lang='lat' dir='ltr'><strong>homilias</strong></span> <span class='ocrx_word' id='word_1_703' title='bbox 792 5214 849 5269; x_wconf 92' lang='lat' dir='ltr'><strong>in</strong></span> <span class='ocrx_word' id='word_1_704' title='bbox 887 5214 1182 5283; x_wconf 89' lang='lat' dir='ltr'><strong>publicum</strong></span> <span class='ocrx_word' id='word_1_705' title='bbox 1233 5215 1531 5280; x_wconf 82' lang='lat' dir='ltr'><strong>emiserat,</strong></span> <span class='ocrx_word' id='word_1_706' title='bbox 1564 5215 1619 5268; x_wconf 89' lang='lat' dir='ltr'><strong>in</strong></span> <span class='ocrx_word' id='word_1_707' title='bbox 1662 5215 1733 5268; x_wconf 90' lang='lat' dir='ltr'><strong>iis</strong></span> <span class='ocrx_word' id='word_1_708' title='bbox 1783 5216 2000 5286; x_wconf 87' lang='lat' dir='ltr'><strong>aliquid</strong></span> 
     </span>
    </p>
   </div>
   <div class='ocr_carea' id='block_1_103' title="bbox 352 5303 1998 5374">
    <p class='ocr_par' dir='ltr' id='par_1_103' title="bbox 352 5303 1998 5374">
     <span class='ocr_line' id='line_1_103' title="bbox 352 5303 1998 5374; baseline -0.001 -14"><span class='ocrx_word' id='word_1_709' title='bbox 352 5308 422 5361; x_wconf 92' lang='lat' dir='ltr'><strong>de</strong></span> <span class='ocrx_word' id='word_1_710' title='bbox 451 5305 786 5362; x_wconf 75' lang='lat' dir='ltr'><strong>Sadducaeis</strong></span> <span class='ocrx_word' id='word_1_711' title='bbox 829 5304 1056 5364; x_wconf 57' lang='lat' dir='ltr'><strong>dixerit.</strong></span> <span class='ocrx_word' id='word_1_712' title='bbox 1093 5303 1245 5372; x_wconf 86' lang='lat' dir='ltr'><strong>quod</strong></span> <span class='ocrx_word' id='word_1_713' title='bbox 1307 5307 1504 5370; x_wconf 78' lang='lat' dir='ltr'><strong>postea</strong></span> <span class='ocrx_word' id='word_1_714' title='bbox 1535 5303 1726 5358; x_wconf 85' lang='lat' dir='ltr'><strong>senior</strong></span> <span class='ocrx_word' id='word_1_715' title='bbox 1758 5310 1814 5358; x_wconf 88' lang='lat' dir='ltr'><strong>et</strong></span> <span class='ocrx_word' id='word_1_716' title='bbox 1849 5306 1998 5374; x_wconf 85' lang='lat' dir='ltr'><strong>peri-</strong></span> 
     </span>
    </p>
   </div>
   <div class='ocr_carea' id='block_1_104' title="bbox 351 5391 2001 5461">
    <p class='ocr_par' dir='ltr' id='par_1_104' title="bbox 351 5391 2001 5461">
     <span class='ocr_line' id='line_1_104' title="bbox 351 5391 2001 5461; baseline 0.001 -13"><span class='ocrx_word' id='word_1_717' title='bbox 351 5397 464 5450; x_wconf 90' lang='lat' dir='ltr'><strong>tior</strong></span> <span class='ocrx_word' id='word_1_718' title='bbox 515 5402 719 5461; x_wconf 80' lang='lat' dir='ltr'><strong>lactus,</strong></span> <span class='ocrx_word' id='word_1_719' title='bbox 756 5400 1078 5450; x_wconf 84' lang='lat' dir='ltr'><strong>correctum</strong></span> <span class='ocrx_word' id='word_1_720' title='bbox 1144 5408 1270 5447; x_wconf 82' lang='lat' dir='ltr'><strong>esse</strong></span> <span class='ocrx_word' id='word_1_721' title='bbox 1303 5391 1550 5448; x_wconf 84' lang='lat' dir='ltr'><strong>voluerit</strong></span> <span class='ocrx_word' id='word_1_722' title='bbox 1609 5399 1666 5448; x_wconf 90' lang='lat' dir='ltr'><strong>et</strong></span> <span class='ocrx_word' id='word_1_723' title='bbox 1719 5395 2001 5450; x_wconf 86' lang='lat' dir='ltr'><strong>emenda-</strong></span> 
     </span>
    </p>
   </div>
   <div class='ocr_carea' id='block_1_105' title="bbox 351 5487 498 5539">
    <p class='ocr_par' dir='ltr' id='par_1_105' title="bbox 351 5487 498 5539">
     <span class='ocr_line' id='line_1_105' title="bbox 351 5487 498 5539; baseline 0.027 -4"><span class='ocrx_word' id='word_1_724' title='bbox 351 5487 498 5539; x_wconf 88' lang='lat' dir='ltr'><strong>tum.</strong></span> 
     </span>
    </p>
   </div>
   <div class='ocr_carea' id='block_1_106' title="bbox 2119 4681 3790 4754">
    <p class='ocr_par' dir='ltr' id='par_1_106' title="bbox 2119 4681 3790 4754">
     <span class='ocr_line' id='line_1_106' title="bbox 2119 4681 3790 4754; baseline -0.001 -13"><span class='ocrx_word' id='word_1_725' title='bbox 2119 4681 2734 4752; x_wconf 81' lang='lat' dir='ltr'><strong>inﬁrmius.Nunquid</strong></span> <span class='ocrx_word' id='word_1_726' title='bbox 2767 4683 2923 4737; x_wconf 89' lang='lat' dir='ltr'><strong>enim</strong></span> <span class='ocrx_word' id='word_1_727' title='bbox 2951 4682 3240 4738; x_wconf 89' lang='lat' dir='ltr'><strong>Eusebius</strong></span> <span class='ocrx_word' id='word_1_728' title='bbox 3273 4683 3475 4738; x_wconf 91' lang='lat' dir='ltr'><strong>omnia</strong></span> <span class='ocrx_word' id='word_1_729' title='bbox 3499 4683 3790 4754; x_wconf 83' lang='lat' dir='ltr'><strong>Origenis</strong></span> 
     </span>
    </p>
   </div>
   <div class='ocr_carea' id='block_1_107' title="bbox 2111 4770 3788 4844">
    <p class='ocr_par' dir='ltr' id='par_1_107' title="bbox 2111 4770 3788 4844">
     <span class='ocr_line' id='line_1_107' title="bbox 2111 4770 3788 4844; baseline -0.001 -12"><span class='ocrx_word' id='word_1_730' title='bbox 2111 4780 2168 4832; x_wconf 88' lang='lat' dir='ltr'><strong>et</strong></span> <span class='ocrx_word' id='word_1_731' title='bbox 2197 4770 2647 4844; x_wconf 88' lang='lat' dir='ltr'><strong>apostolicorum</strong></span> <span class='ocrx_word' id='word_1_732' title='bbox 2677 4770 2958 4837; x_wconf 91' lang='lat' dir='ltr'><strong>virorum,</strong></span> <span class='ocrx_word' id='word_1_733' title='bbox 3011 4772 3384 4844; x_wconf 88' lang='lat' dir='ltr'><strong>aliorumque</strong></span> <span class='ocrx_word' id='word_1_734' title='bbox 3425 4777 3661 4827; x_wconf 88' lang='lat' dir='ltr'><strong>Patrum</strong></span> <span class='ocrx_word' id='word_1_735' title='bbox 3707 4777 3788 4830; x_wconf 87' lang='lat' dir='ltr'><strong>de</strong></span> 
     </span>
    </p>
   </div>
   <div class='ocr_carea' id='block_1_108' title="bbox 2114 4860 3786 4936">
    <p class='ocr_par' dir='ltr' id='par_1_108' title="bbox 2114 4860 3786 4936">
     <span class='ocr_line' id='line_1_108' title="bbox 2114 4860 3786 4936; baseline -0.001 -18"><span class='ocrx_word' id='word_1_736' title='bbox 2114 4861 2321 4936; x_wconf 87' lang='lat' dir='ltr'><strong>Ignatii</strong></span> <span class='ocrx_word' id='word_1_737' title='bbox 2347 4860 2610 4930; x_wconf 84' lang='lat' dir='ltr'><strong>epistolis</strong></span> <span class='ocrx_word' id='word_1_738' title='bbox 2642 4860 2974 4915; x_wconf 89' lang='lat' dir='ltr'><strong>testimonia</strong></span> <span class='ocrx_word' id='word_1_739' title='bbox 2999 4861 3058 4916; x_wconf 92' lang='lat' dir='ltr'><strong>in</strong></span> <span class='ocrx_word' id='word_1_740' title='bbox 3096 4861 3405 4916; x_wconf 84' lang='lat' dir='ltr'><strong>Historiam</strong></span> <span class='ocrx_word' id='word_1_741' title='bbox 3438 4877 3607 4916; x_wconf 90' lang='lat' dir='ltr'><strong>suam</strong></span> <span class='ocrx_word' id='word_1_742' title='bbox 3633 4878 3786 4918; x_wconf 90' lang='lat' dir='ltr'><strong>con-</strong></span> 
     </span>
    </p>
   </div>
   <div class='ocr_carea' id='block_1_109' title="bbox 2110 4947 3783 5026">
    <p class='ocr_par' dir='ltr' id='par_1_109' title="bbox 2110 4947 3783 5026">
     <span class='ocr_line' id='line_1_109' title="bbox 2110 4947 3783 5026; baseline -0.002 -19"><span class='ocrx_word' id='word_1_743' title='bbox 2110 4949 2331 5026; x_wconf 85' lang='lat' dir='ltr'><strong>gessit?</strong></span> <span class='ocrx_word' id='word_1_744' title='bbox 2353 4947 2562 5004; x_wconf 87' lang='lat' dir='ltr'><strong>Nullus</strong></span> <span class='ocrx_word' id='word_1_745' title='bbox 2587 4949 2846 5020; x_wconf 86' lang='lat' dir='ltr'><strong>profecto</strong></span> <span class='ocrx_word' id='word_1_746' title='bbox 2869 4947 2976 5003; x_wconf 89' lang='lat' dir='ltr'><strong>ibit</strong></span> <span class='ocrx_word' id='word_1_747' title='bbox 3007 4947 3232 5003; x_wconf 82' lang='lat' dir='ltr'><strong>inticias</strong></span> <span class='ocrx_word' id='word_1_748' title='bbox 3259 4949 3427 5020; x_wconf 87' lang='lat' dir='ltr'><strong>plura</strong></span> <span class='ocrx_word' id='word_1_749' title='bbox 3451 4951 3603 5003; x_wconf 89' lang='lat' dir='ltr'><strong>abeo</strong></span> <span class='ocrx_word' id='word_1_750' title='bbox 3629 4966 3783 5018; x_wconf 66' lang='lat' dir='ltr'><strong>prm-</strong></span> 
     </span>
    </p>
   </div>
   <div class='ocr_carea' id='block_1_110' title="bbox 2110 5036 3787 5107">
    <p class='ocr_par' dir='ltr' id='par_1_110' title="bbox 2110 5036 3787 5107">
     <span class='ocr_line' id='line_1_110' title="bbox 2110 5036 3787 5107; baseline -0.002 -10"><span class='ocrx_word' id='word_1_751' title='bbox 2110 5038 2385 5096; x_wconf 88' lang='lat' dir='ltr'><strong>termissa</strong></span> <span class='ocrx_word' id='word_1_752' title='bbox 2419 5056 2433 5105; x_wconf 88' lang='lat'><strong>;</strong></span> <span class='ocrx_word' id='word_1_753' title='bbox 2469 5052 2572 5091; x_wconf 88' lang='lat' dir='ltr'><strong>nec</strong></span> <span class='ocrx_word' id='word_1_754' title='bbox 2602 5036 2820 5092; x_wconf 81' lang='lat' dir='ltr'><strong>idcirco</strong></span> <span class='ocrx_word' id='word_1_755' title='bbox 2856 5044 3050 5092; x_wconf 89' lang='lat' dir='ltr'><strong>tamen</strong></span> <span class='ocrx_word' id='word_1_756' title='bbox 3082 5038 3281 5092; x_wconf 89' lang='lat' dir='ltr'><strong>eadem</strong></span> <span class='ocrx_word' id='word_1_757' title='bbox 3319 5037 3549 5091; x_wconf 87' lang='lat' dir='ltr'><strong>Patrum</strong></span> <span class='ocrx_word' id='word_1_758' title='bbox 3593 5053 3787 5107; x_wconf 86' lang='lat' dir='ltr'><strong>opera</strong></span> 
     </span>
    </p>
   </div>
   <div class='ocr_carea' id='block_1_111' title="bbox 2113 5123 3787 5198">
    <p class='ocr_par' dir='ltr' id='par_1_111' title="bbox 2113 5123 3787 5198">
     <span class='ocr_line' id='line_1_111' title="bbox 2113 5123 3787 5198; baseline -0.001 -15"><span class='ocrx_word' id='word_1_759' title='bbox 2113 5130 2204 5193; x_wconf 91' lang='lat' dir='ltr'><strong>iis,</strong></span> <span class='ocrx_word' id='word_1_760' title='bbox 2240 5145 2274 5183; x_wconf 92' lang='lat' dir='ltr'><strong>a</strong></span> <span class='ocrx_word' id='word_1_761' title='bbox 2306 5124 2519 5198; x_wconf 89' lang='lat' dir='ltr'><strong>quibus</strong></span> <span class='ocrx_word' id='word_1_762' title='bbox 2547 5123 2762 5195; x_wconf 77' lang='lat' dir='ltr'><strong>scripta</strong></span> <span class='ocrx_word' id='word_1_763' title='bbox 2793 5135 2953 5185; x_wconf 82' lang='lat' dir='ltr'><strong>sunt,</strong></span> <span class='ocrx_word' id='word_1_764' title='bbox 2987 5127 3245 5180; x_wconf 86' lang='lat' dir='ltr'><strong>censebit</strong></span> <span class='ocrx_word' id='word_1_765' title='bbox 3277 5141 3406 5180; x_wconf 89' lang='lat' dir='ltr'><strong>esse</strong></span> <span class='ocrx_word' id='word_1_766' title='bbox 3430 5125 3787 5194; x_wconf 83' lang='lat' dir='ltr'><strong>abjudican-</strong></span> 
     </span>
    </p>
   </div>
   <div class='ocr_carea' id='block_1_112' title="bbox 2112 5215 3784 5289">
    <p class='ocr_par' dir='ltr' id='par_1_112' title="bbox 2112 5215 3784 5289">
     <span class='ocr_line' id='line_1_112' title="bbox 2112 5215 3784 5289; baseline 0.001 -16"><span class='ocrx_word' id='word_1_767' title='bbox 2112 5221 2202 5275; x_wconf 80' lang='lat' dir='ltr'><strong>da.</strong></span> <span class='ocrx_word' id='word_1_768' title='bbox 2243 5220 2498 5288; x_wconf 87' lang='lat' dir='ltr'><strong>Denique</strong></span> <span class='ocrx_word' id='word_1_769' title='bbox 2533 5215 2819 5271; x_wconf 76' lang='lat' dir='ltr'><strong>Eusebius</strong></span> <span class='ocrx_word' id='word_1_770' title='bbox 2845 5232 2946 5286; x_wconf 92' lang='lat' dir='ltr'><strong>pro</strong></span> <span class='ocrx_word' id='word_1_771' title='bbox 2977 5217 3185 5288; x_wconf 88' lang='lat' dir='ltr'><strong>Ignatii</strong></span> <span class='ocrx_word' id='word_1_772' title='bbox 3216 5217 3481 5289; x_wconf 88' lang='lat' dir='ltr'><strong>epistolis</strong></span> <span class='ocrx_word' id='word_1_773' title='bbox 3512 5221 3784 5274; x_wconf 82' lang='lat' dir='ltr'><strong>auctori-</strong></span> 
     </span>
    </p>
   </div>
   <div class='ocr_carea' id='block_1_113' title="bbox 2112 5305 3782 5376">
    <p class='ocr_par' dir='ltr' id='par_1_113' title="bbox 2112 5305 3782 5376">
     <span class='ocr_line' id='line_1_113' title="bbox 2112 5305 3782 5376; baseline 0 -14"><span class='ocrx_word' id='word_1_774' title='bbox 2112 5315 2289 5362; x_wconf 82' lang='lat' dir='ltr'><strong>tatem</strong></span> <span class='ocrx_word' id='word_1_775' title='bbox 2331 5305 2626 5376; x_wconf 64' lang='lat' dir='ltr'><strong>Polyearpi</strong></span> <span class='ocrx_word' id='word_1_776' title='bbox 2661 5309 2718 5357; x_wconf 87' lang='lat' dir='ltr'><strong>et</strong></span> <span class='ocrx_word' id='word_1_777' title='bbox 2777 5305 2997 5371; x_wconf 71' lang='lat' dir='ltr'><strong>lrenaai,</strong></span> <span class='ocrx_word' id='word_1_778' title='bbox 3030 5309 3243 5362; x_wconf 84' lang='lat' dir='ltr'><strong>citasse</strong></span> <span class='ocrx_word' id='word_1_779' title='bbox 3284 5313 3621 5363; x_wconf 89' lang='lat' dir='ltr'><strong>contentus.</strong></span> <span class='ocrx_word' id='word_1_780' title='bbox 3655 5324 3782 5362; x_wconf 88' lang='lat' dir='ltr'><strong>non</strong></span> 
     </span>
    </p>
   </div>
   <div class='ocr_carea' id='block_1_114' title="bbox 2113 5394 3788 5469">
    <p class='ocr_par' dir='ltr' id='par_1_114' title="bbox 2113 5394 3788 5469">
     <span class='ocr_line' id='line_1_114' title="bbox 2113 5394 3788 5469; baseline 0.001 -19"><span class='ocrx_word' id='word_1_781' title='bbox 2113 5399 2206 5469; x_wconf 84' lang='lat' dir='ltr'><strong>plu</strong></span> <span class='ocrx_word' id='word_1_782' title='bbox 2221 5414 2277 5449; x_wconf 87' lang='lat' dir='ltr'><strong>ra</strong></span> <span class='ocrx_word' id='word_1_783' title='bbox 2307 5394 2692 5466; x_wconf 74' lang='lat' dir='ltr'><strong>posteriorum</strong></span> <span class='ocrx_word' id='word_1_784' title='bbox 2720 5395 2959 5449; x_wconf 87' lang='lat' dir='ltr'><strong>Patrum</strong></span> <span class='ocrx_word' id='word_1_785' title='bbox 2993 5397 3322 5452; x_wconf 86' lang='lat' dir='ltr'><strong>testimonia</strong></span> <span class='ocrx_word' id='word_1_786' title='bbox 3342 5395 3788 5452; x_wconf 83' lang='lat' dir='ltr'><strong>accumulanda</strong></span> 
     </span>
    </p>
   </div>
   <div class='ocr_carea' id='block_1_115' title="bbox 2113 5484 2777 5554">
    <p class='ocr_par' dir='ltr' id='par_1_115' title="bbox 2113 5484 2777 5554">
     <span class='ocr_line' id='line_1_115' title="bbox 2113 5484 2777 5554; baseline -0.005 -14"><span class='ocrx_word' id='word_1_787' title='bbox 2113 5502 2242 5540; x_wconf 73' lang='lat' dir='ltr'><strong>esse</strong></span> <span class='ocrx_word' id='word_1_788' title='bbox 2271 5500 2500 5554; x_wconf 69' lang='lat' dir='ltr'><strong>aequum</strong></span> <span class='ocrx_word' id='word_1_789' title='bbox 2536 5484 2777 5554; x_wconf 79' lang='lat' dir='ltr'><strong>putavit.</strong></span> 
     </span>
    </p>
   </div>
   <div class='ocr_carea' id='block_1_116' title="bbox 421 5595 3782 5677">
    <p class='ocr_par' dir='ltr' id='par_1_116' title="bbox 421 5595 3782 5677">
     <span class='ocr_line' id='line_1_116' title="bbox 421 5595 3782 5677; baseline 0.003 -27"><span class='ocrx_word' id='word_1_790' title='bbox 421 5595 699 5677; x_wconf 63' lang='lat' dir='ltr'><strong>“homil.</strong></span> <span class='ocrx_word' id='word_1_791' title='bbox 759 5600 848 5653; x_wconf 88' lang='lat'><strong>35.</strong></span> <span class='ocrx_word' id='word_1_792' title='bbox 925 5595 1201 5677; x_wconf 31' lang='lat' dir='ltr'><strong>8ﬁ&quot;_hoAr_nil.</strong></span> <span class='ocrx_word' id='word_1_793' title='bbox 1234 5597 1446 5677; x_wconf 38' lang='lat' dir='ltr'><strong>391M”</strong></span> <span class='ocrx_word' id='word_1_794' title='bbox 1477 5597 1666 5654; x_wconf 78' lang='grc' dir='ltr'><strong>ΜιιιιΙι.</strong></span> <span class='ocrx_word' id='word_1_795' title='bbox 1723 5616 1860 5666; x_wconf 72' lang='grc' dir='ltr'><strong>χχιι,</strong></span> <span class='ocrx_word' id='word_1_796' title='bbox 1892 5602 1981 5656; x_wconf 88' lang='lat'><strong>29.</strong></span> <span class='ocrx_word' id='word_1_797' title='bbox 2056 5601 2102 5636; x_wconf 81' lang='lat'>”</span> <span class='ocrx_word' id='word_1_798' title='bbox 2161 5599 2394 5676; x_wconf 87' lang='lat' dir='ltr'><strong>Prolog.</strong></span> <span class='ocrx_word' id='word_1_799' title='bbox 2429 5600 2486 5655; x_wconf 91' lang='lat' dir='ltr'><strong>in</strong></span> <span class='ocrx_word' id='word_1_800' title='bbox 2548 5599 2652 5657; x_wconf 76' lang='lat' dir='ltr'><strong>has</strong></span> <span class='ocrx_word' id='word_1_801' title='bbox 2712 5598 2916 5658; x_wconf 87' lang='lat' dir='ltr'><strong>homil.</strong></span> <span class='ocrx_word' id='word_1_802' title='bbox 2994 5599 3207 5677; x_wconf 74' lang='lat' dir='ltr'><strong>90pag.</strong></span> <span class='ocrx_word' id='word_1_803' title='bbox 3272 5602 3393 5658; x_wconf 79' lang='grc'><strong>106.</strong></span> <span class='ocrx_word' id='word_1_804' title='bbox 3471 5601 3517 5638; x_wconf 71' lang='grc' dir='ltr'>θί</span> <span class='ocrx_word' id='word_1_805' title='bbox 3551 5602 3782 5660; x_wconf 85' lang='lat' dir='ltr'><strong>Euseb.</strong></span> 
     </span>
    </p>
   </div>
   <div class='ocr_carea' id='block_1_117' title="bbox 352 5666 1426 5740">
    <p class='ocr_par' dir='ltr' id='par_1_117' title="bbox 352 5666 1426 5740">
     <span class='ocr_line' id='line_1_117' title="bbox 352 5666 1426 5740; baseline 0.003 -17"><span class='ocrx_word' id='word_1_806' title='bbox 352 5667 455 5723; x_wconf 78' lang='lat' dir='ltr'><strong>lib.</strong></span> <span class='ocrx_word' id='word_1_807' title='bbox 490 5683 544 5722; x_wconf 80' lang='grc' dir='ltr'><strong>νι</strong></span> <span class='ocrx_word' id='word_1_808' title='bbox 579 5670 739 5735; x_wconf 57' lang='lat' dir='ltr'><strong>Hist,</strong></span> <span class='ocrx_word' id='word_1_809' title='bbox 771 5685 898 5738; x_wconf 88' lang='lat' dir='ltr'><strong>cap.</strong></span> <span class='ocrx_word' id='word_1_810' title='bbox 933 5668 1023 5721; x_wconf 85' lang='lat'><strong>36.</strong></span> <span class='ocrx_word' id='word_1_811' title='bbox 1063 5666 1110 5702; x_wconf 71' lang='grc' dir='ltr'><strong>θ’</strong></span> <span class='ocrx_word' id='word_1_812' title='bbox 1140 5686 1266 5740; x_wconf 82' lang='lat' dir='ltr'><strong>pag.</strong></span> <span class='ocrx_word' id='word_1_813' title='bbox 1301 5669 1426 5728; x_wconf 88' lang='grc'><strong>108.</strong></span> 
     </span>
    </p>
   </div>
  </div>
