4062 6206
286 416 402 479 493
1238 421 1311 479 ι).
1358 418 1683 480 NOURBll
1726 420 1896 481 DISS

2009 417 2261 482 ΤΑΤΙΟ.
2311 455 2390 469 -
2432 425 2630 488 PARS
2673 430 2724 490 Ῑ.

330 560 363 639 §
392 559 497 620 l‘iI.
533 556 733 623 Aliud
762 556 1044 639 Origenis
1076 564 1473 619 testimonium
1506 555 1878 639 expenditur.
1975 572 2021 638 Α
2057 560 2579 620 reverendissimus
2642 564 2912 623 Usserius
2984 566 3207 637 Latine,
3262 570 3707 632 eruditissimus

352 657 641 714 Nonnulli
664 656 819 712 aliud
848 674 951 729 pro
982 656 1185 712 iisdem
1218 656 1423 727 lgnatii
1446 655 1711 726 epistolis
1734 655 1896 711 aﬁ'ert

2054 645 2296 703 Vossius
2329 649 2545 722 Graece,
2578 669 2644 708 ex
2674 654 2841 711 libris
2870 655 2968 712 ille
3001 657 3361 729 Anglicanis,
3396 660 3488 717 hic
3521 665 3699 719 Medi-

278 746 469 803 solent
501 746 771 817 Origenis
815 746 1207 801 testimonium
1243 747 1396 817 quod
1441 744 1533 800 his
1566 744 1756 799 verbis
1788 743 1937 816 legi-
2046 735 2182 791 calls
2215 737 2543 797 ediderunt.
2579 764 2607 791 »
2640 743 2736 799 Sic
2776 742 2873 800 ille
2920 746 3156 801 tandem
3208 750 3495 817 concedit,
3540 755 3699 823 quod

277 841 372 892 tur
402 834 453 870 ⁰²
481 835 838 907 :«Necputo
861 836 1013 907 quod
1040 834 1260 907 culpari
1293 833 1708 906 possit,siquis
1726 833 1933 901 Deum,
2047 823 2210 879 nullo
2264 843 2527 899 unquam
2590 832 2762 887 modo
2808 848 3023 905 negare
3081 838 3323 905 poterat.
3385 838 3495 894 Sed
3528 843 3698 912 quid,

276 926 431 981 sicut
467 924 728 981 Joannes
760 924 1127 990 charitatem,
1180 926 1257 979 ita
1289 924 1411 995 ipse
1456 939 1712 979 amorem
1746 922 1932 978 nomi-
2043 916 2312 984 putas,de
2344 916 2991 979 celeberrimiHistorite
3006 923 3416 983 ecclesiasticae
3438 932 3692 1000 parentis

274 1021 390 1071 net.
430 1013 702 1086 Denique
733 1013 973 1069 memini
1023 1013 1278 1085 aliquem
1314 1018 1649 1068 sanctorum
1688 1012 1929 1081 dixisse,
2043 1004 2334 1060 sententia
2364 1009 2754 1077 pronuntiat?
2783 1012 2987 1068 Paucis
3020 1030 3139 1069 rem
3175 1015 3689 1086 absolvit,scilicet

275 1104 574 1175 ιεοαιίυω
638 1104 899 1171 ηοωίοεεν
933 1104 1003 1158 de
1054 1103 1315 1158 Christo;
1352 1102 1514 1157 Meus
1546 1118 1712 1157 amm-
1740 1103 1933 1160 (πυρί-
2039 1089 2205 1147 illum
2244 1094 2520 1164 «judicio
2557 1097 2645 1152 bis
2674 1099 2744 1154 de
2792 1099 3059 1171 epistolis
3092 1103 3301 1160 falsum
3334 1122 3482 1163 esse.
3510 1129 3537 1159 ››
3568 1110 3685 1166 Nec

278 1194 431 1248 ﬁxus
462 1199 572 1248 est.
612 1216 640 1243 »
673 1192 782 1248 Sed
820 1196 1014 1247 utrum
1045 1209 1174 1247 vere
1203 1192 1471 1263 Origenis
1513 1191 1589 1248 sit
1620 1192 1726 1247 hoc
1759 1209 1896 1263 opus

2040 1179 2254 1237 Dallazo
2286 1184 2430 1240 satis
2447 1194 2529 1241 est
2557 1186 2867 1244 Eusebium
2891 1192 3107 1247 erroris
3127 1195 3518 1253 condemnare
3543 1219 3557 1267 ;
3585 1202 3686 1255 sed

269 1282 464 1337 adhuc
495 1283 609 1337 sub
662 1281 858 1353 judice
917 1281 989 1336 lis
1020 1287 1129 1337 est.
1183 1283 1429 1350 Quidam
1462 1282 1759 1337 enimvero
1791 1298 1925 1338 cum
2037 1283 2171 1324 eum
2206 1270 2381 1326 etiam
2442 1290 2705 1333 θποτυῐη
2748 1277 3038 1349 omnium»
3070 1280 3128 1335 in
3163 1298 3311 1352 quos
3356 1282 3453 1339 alii
3487 1292 3687 1357 Ροεῖεα

270 1377 518 1427 Erasmo
536 1372 678 1427 illud
706 1389 740 1427 a
764 1376 924 1428 tanto
947 1371 1179 1426 doctore
1202 1372 1482 1441 scriptum
1508 1388 1635 1427 esse
1658 1372 1892 1427 inﬁcian

2036 1359 2295 1433 prolapsi
2324 1369 2482 1431 sunt,
2518 1381 2681 1422 reum
2713 1368 2869 1426 facit.
2894 1392 2923 1419 ‹‹
2954 1371 3687 1447 Eusebius,inquit,omnis

269 1468 385 1528 tur,
423 1466 551 1516 tum
614 1462 769 1532 quod
803 1484 830 1511 α
889 1462 945 1517 in
1006 1460 1242 1533 prologo
1276 1461 1415 1515 citat
1468 1465 1724 1528 Grmcos,
1768 1461 1926 1518 velut
2034 1452 2105 1541 de
2136 1452 2462 1523 Ignatianis
2495 1458 2707 1513 erroris
2735 1459 2885 1529 fons,
2910 1462 3010 1533 qui
3040 1462 3175 1519 hinc
3200 1465 3390 1537 primo
3422 1474 3682 1541 exortus,

268 1551 496 1607 alienos
528 1569 541 1606 :
578 1574 607 1600 »
642 1556 765 1605 tum
797 1572 823 1601 ‹‹
857 1567 924 1606 ex
956 1549 1429 1622 interpretatione
1460 1551 1699 1617 amoris,
1732 1550 1923 1605 chari-
2033 1539 2319 1597 Ῑαίίεείίηθ
2354 1550 2552 1615 Ροδΐθε
2570 1548 2814 1617 θίῩυευεν
2841 1567 2985 1621 Pene
3008 1568 3207 1608 omnes
3240 1554 3554 1612 Christiani
3583 1576 3684 1614 DO-

270 1641 427 1709 tatis,
460 1640 797 1695 dilectionis
827 1645 883 1695 et
906 1638 1221 1712 cupidinis.
1248 1662 1274 1687 ››
1301 1638 1412 1693 Alii
1439 1654 1568 1693 vero
1601 1638 1921 1711 genuinum
2032 1629 2210 1719 fuluis
2244 1634 2501 1689 eruditos
2562 1639 2840 1706 pervasit.
2878 1662 2906 1688 »
2940 1640 3055 1694 Cur
3100 1658 3236 1713 ergo
3268 1649 3385 1698 tam
3430 1647 3683 1719 turpiter

268 1728 431 1789 imus
466 1731 651 1785 fetum
686 1744 816 1785 esse
848 1730 1117 1801 probant,
1149 1746 1216 1784 ex
1235 1727 1489 1800 style,“
1522 1727 1834 1799 aucgoriis,
1868 1734 1923 1783 οι
2031 1717 2429 1778 hallucinatus
2492 1730 2581 1780 est
2614 1726 2900 1782 Eusebius
2922 1729 2949 1783 ’ἶ
3004 1731 3280 1802 Nunquid
3334 1734 3433 1789 ille
3463 1717 3682 1807 ingenii

274 1820 649 1891 ιτοροιοείοίε
703 1818 1185 1891 expositionibus,
1236 1818 1294 1872 in
1328 1834 1475 1888 quas
1507 1818 1578 1873 ab
1622 1818 1920 1873 historicis
2031 1808 2593 1881 excellentissimi,ct
2624 1831 2866 1871 summae
2882 1820 3231 1875 eruditionis
3256 1822 3362 1884 vir,
3386 1825 3459 1877 ad
3491 1825 3680 1880 discu-

276 1906 784 1977 explanationibus
842 1907 1225 1963 excurritzex
1280 1905 1591 1961 sententiis
1623 1905 1716 1961 his
1751 1905 1919 1976 plane
1953 1948 1997 1985 η
2028 1896 2253 1954 ῑίϐηάειε
2314 1902 2523 1971 lgnatii
2572 1903 2847 1975 epistolas
2884 1908 3083 1979 segnis
3114 1909 3224 1964 fuit
3274 1914 3329 1965 et
3362 1912 3539 1979 iners,
3574 1917 3676 1985 qui

271 1995 688 2051 consimilibus
715 2000 771 2051 et
796 1995 1115 2067 germanis,
1148 2011 1274 2066 qua:
1296 2011 1363 2050 ex
1381 1995 1609 2051 duabus
1634 1994 1915 2064 homiliis,
1954 1987 1998 2011 ”
2033 2002 2144 2040 non
2182 1987 2371 2043 solum
2404 2006 2604 2046 earum
2640 1997 2896 2064 tempus,
2919 2000 3090 2051 eteos
3115 1998 3213 2067 qui
3249 1998 3304 2053 in
3338 1999 3455 2055 illis
3490 2004 3673 2058 nomi-

269 2085 336 2140 ab
374 2085 735 2156 Hieronymo
785 2084 1048 2141 Latinam
1098 2086 1155 2139 in
1190 2084 1451 2155 linguam
1492 2086 1791 2140 conversis
1820 2102 1911 2141 oc-

3587 434 3703 497 ιρι

2030 2080 2267 2143 nentur,
2322 2077 2528 2135 sedulo
2578 2081 2895 2150 observat;
2952 2101 3151 2141 verum
3211 2088 3383 2144 etiam
3438 2106 3499 2145 ea
3544 2109 3672 2163 quas

265 2181 519 2230 currunt
544 2192 638 2242 ;ex
665 2176 919 2230 melioris
952 2178 1103 2229 nota:
1129 2174 1672 2245 manuscriptis,ubi
1702 2192 1912 2230 nomen

261 2266 537 2336 Origenis
566 2264 888 2337 prreﬁgitur
910 2282 923 2331 ;
940 2280 1007 2319 ex
1033 2264 1103 2319 iis
1117 2264 1331 2335 quibus
1345 2264 1619 2334 Origenes
1642 2265 1912 2335 frequens

259 2358 445 2411 utitur
476 2356 895 2411 Hebraicorum
955 2354 1253 2409 nominum
1311 2355 1909 2426 interpretationibus,

256 2450 309 2500 et
340 2447 601 2501 aliorum
650 2461 890 2515 operum
925 2460 1167 2499 suorum
1202 2443 1619 2512 citationibus;
1659 2444 1909 2515 denique

265 2535 394 2608 quia
430 2551 534 2589 eas
566 2533 812 2589 Ruﬁnus
846 2534 1043 2589 Latine
1074 2531 1347 2601 reddidit,
1387 2538 1563 2604 atque
1586 2533 1788 2588 eadem
1821 2539 1910 2588 to-

256 2640 489 2680 morum
521 2624 742 2687 decem,
767 2639 913 2694 quos
934 2622 993 2677 in
1014 2621 1317 2677 Canticum
1349 2621 1905 2695 scripsitOrigenes,

256 2721 481 2787 partem
518 2715 896 2770 constituant.
933 2714 1013 2768 Ad
1068 2712 1290 2768 Erasmi
1324 2717 1518 2767 autem
1560 2720 1906 2783 argumenta

256 2805 616 2875 respondent
646 2803 715 2858 ab
740 2802 973 2857 illarum
1008 2806 1247 2856 auctore
1280 2801 1447 2856 citari
1483 2802 1719 2873 quidem
1756 2803 1904 2858 Gras-

255 2911 374 2960 cos,
408 2894 510 2950 sed
549 2898 614 2948 ut
645 2909 805 2957 suos,
831 2908 944 2946 non
980 2897 1041 2945 ut
1072 2890 1293 2945 alienos
1331 2891 1441 2946 nisi
1485 2891 1801 2963 religione;
1837 2909 1902 2948 ac

256 2983 556 3039 nominum
585 2982 921 3037 Latinorum
954 2980 1465 3051 interpretationes
1489 2997 1521 3035 a
1542 2982 1752 3037 Ruﬁno
1779 2986 1900 3039 tex-

258 3073 344 3127 tui
404 3072 665 3143 Origenis
700 3070 876 3125 fuisse
908 3068 1158 3125 additas.
1217 3070 1497 3134 Quamvis
1548 3075 1739 3124 autem
1780 3070 1901 3126 haec

249 3161 443 3233 Opinio
471 3178 581 3216 non
618 3158 966 3232 spernendis
998 3158 1291 3213 rationum
1327 3160 1641 3214 momentis
1670 3158 1901 3216 ﬁrmata

242 3252 524 3317 videatur,
590 3252 1029 3305 observavimus
1062 3254 1260 3303 tamen
1297 3247 1437 3303 alibi
1461 3248 1508 3282 9‘
1558 3253 1743 3303 totum
1778 3250 1886 3305 hoc

2026 2169 2227 2220 auctor
2251 2167 2550 2236 citaverat,
2576 2187 2637 2225 se
2656 2174 3095 2229 accuratissime
3116 2179 3477 2235 examinasse
3502 2182 3671 2237 testi-

2024 2253 2256 2310 ﬁcatur.
2281 2256 2495 2313 Scribit
2526 2260 2677 2317 enim
2709 2262 2792 2315 κε
2826 2284 2853 2312 α
2890 2265 2951 2317 In
2976 2264 3221 2336 epistola
3246 2269 3314 2323 ad
3341 2269 3671 2343 Smyrnaaos

2026 2344 2098 2399 de
2127 2349 2426 2402 Servatore
2488 2354 2686 2406 nostro
2719 2350 2990 2423 loquens,
3043 2358 3307 2426 quaedam
3342 2361 3470 2425 ejus
3494 2363 3669 2417 verba

2023 2434 2247 2500 recitat,
2282 2453 2409 2506 qua;
2464 2440 2620 2493 unde
2647 2442 2954 2513 acceperit,
2982 2444 3199 2511 ignoro.
3237 2468 3263 2494 »
3290 2446 3538 2504 Dallazus
3566 2469 3667 2506 ne-

2019 2538 2132 2593 que
2164 2522 2492 2595 ingenium,
2519 2544 2706 2600 neque
2737 2530 3098 2601 diligentiam
3126 2534 3357 2589 Eusebii
3391 2554 3666 2608 asperna-

2018 2615 2150 2668 tur:
2185 2615 2284 2669 sed
2310 2638 2336 2664 ‹‹
2364 2616 2687 2682 hominem,
2718 2620 2909 2690 inquit
2932 2620 2998 2687 9",
3021 2623 3287 2689 geminus
3316 2627 3511 2681 animo
3535 2646 3661 2700 per-

2017 2707 2219 2771 ceptus
2251 2704 2322 2759 de
2356 2708 2569 2762 Irenaeo
2602 2724 2665 2762 ac
2719 2708 3025 2781 Polycarpo
3060 2729 3220 2767 error
3261 2720 3658 2773 transversum

2015 2791 2155 2863 egit,
2183 2798 2239 2848 et
2271 2811 2397 2865 quae
2431 2796 2611 2852 notha
2650 2805 2817 2854 erant
2852 2810 2903 2855 et
2958 2803 3285 2867 subditilia,
3316 2822 3378 2859 ea
3406 2823 3506 2876 pro
3532 2825 3660 2864 vere

2016 2882 2341 2953 Ignatianis
2400 2886 2712 2943 admittere
2758 2890 3007 2962 subegit.
3036 2915 3064 2941 ››
3123 2893 3302 2956 Quem
3365 2910 3553 2953 antem
3589 2901 3659 2954 de

2013 2970 2225 3027 Irenaeo
2254 2976 2572 3045 perceperit
2601 2992 2854 3034 errorem
2889 2980 2971 3035 sic
2992 2980 3145 3036 idem
3181 2983 3430 3040 Dallaaus
3462 2988 3658 3043 decla-

2011 3066 2133 3116 rat:
2161 3085 2189 3113 «
2216 3064 2312 3118 Ille
2327 3064 2483 3136 quod
2499 3082 2624 3138 quae
2644 3068 2929 3139 lgnatium
2945 3070 3158 3125 dixisse
3191 3075 3362 3129 refert
3390 3078 3658 3146 lrenaaus,

2010 3152 2213 3207 eadem
2247 3152 2306 3208 in
2339 3156 2600 3224 epistolis
2635 3174 2862 3229 quoque
2914 3162 3130 3233 scripta
3166 3163 3397 3233 legerat,
3433 3166 3576 3221 falsa
3609 3172 3664 3223 et

2010 3239 2172 3296 inani
2203 3242 2392 3311 specie
2444 3245 2707 3315 delusus,
2760 3249 3037 3318 epistolas
3090 3268 3323 3324 quoque
3378 3254 3658 3311 Irenaeum

242 3358 386 3413 opus
421 3340 571 3395 nihil
606 3340 763 3394 aliud
801 3338 1144 3394 Cassiodoro
1188 3338 1387 3405 videri,
1429 3355 1601 3409 quam
1633 3339 1882 3395 duarum
1918 3326 1963 3390 C
1994 3330 2295 3399 vidisse,et
2325 3332 2500 3389 etiam
2526 3337 2674 3406 quod
2700 3338 2955 3393 crassius
2995 3346 3083 3394 est
3113 3351 3165 3395 et
3200 3342 3657 3402 inexcusabilius

243 3430 511 3503 Origenis
544 3432 603 3483 in
636 3428 866 3483 Cantica
900 3427 1377 3493 bomiliarum,ab
1411 3426 1761 3499 Hieronymo
1790 3430 1894 3485 La-

246 3521 357 3576 tine
388 3519 756 3576 redditarum
781 3516 1313 3587 ampliﬁcationem.
1341 3517 1701 3589 Quapropter
1732 3534 1894 3589 aequo

243 3611 565 3683 cujuslibet
586 3609 795 3665 sinceri
823 3608 1095 3679 etintegri
1120 3606 1377 3662 hominis
1401 3608 1627 3677 judicio
1653 3609 1892 3678 permit-

240 3704 417 3759 timus
444 3703 503 3757 in
538 3717 687 3765 eam,
723 3716 895 3770 quam
931 3713 1206 3753 veriorem
1250 3697 1578 3763 crediderit,
1615 3700 1694 3754 ire
1754 3716 1891 3754 sen-

243 3794 535 3857 tentiam;
570 3806 673 3844 nec
708 3787 1106 3844 testimonium
1140 3803 1209 3841 ex
1242 3786 1330 3842 his
1372 3787 1630 3842 homiliis
1662 3788 1891 3844 desum-

244 3888 437 3955 ptum,
474 3879 625 3935 ultra
656 3895 833 3950 quam
867 3894 972 3949 par
1001 3880 1113 3941 est,
1171 3876 1494 3947 urgendum
1528 3892 1657 3932 esse
1687 3893 1889 3934 cense-

244 3989 403 4027 mus.

883 4054 1114 4111 CAPUT
1148 4056 1268 4110 VII.

238 4166 630 4208 ARGUMENTUI
660 4163 884 4203 SEXTUM
931 4163 1002 4201 EX
1031 4163 1173 4201 ALIIS
1206 4161 1507 4201 INNUIERIS
1558 4163 1889 4203 SCRIPTORI-

309 4239 442 4283 BUS.
476 4238 619 4283 QUOS
666 4234 995 4275 ADVERSARH
1054 4234 1350 4273 EPISTOLAS
1398 4234 1623 4274 IGNATIO
1653 4236 1885 4275 Αωυοι-

308 4309 485 4349 CASSE
515 4308 828 4358 FATENTUR,
862 4306 1221 4346 ῡιςεῠΜιηὍΜ.

243 4386 270 4461 §
313 4385 362 4445 Ι.
404 4386 848 4463 Argumentum
887 4399 963 4442 ex
994 4378 1248 4441 Eusebii
1275 4381 1629 4443 auctoritate
1654 4380 1886 4443 desum-

973 4472 1167 4542 ptum.

315 4561 759 4633 Disputavimus
792 4560 1075 4615 hactenus
1106 4559 1177 4613 de
1217 4559 1571 4615 testimoniis
1602 4560 1889 4632 antiquis-

243 4652 531 4708 simorum
566 4652 825 4715 Patrum,
850 4649 1063 4720 quibus
1087 4646 1362 4719 epistolas
1384 4648 1594 4719 lgnatii
1626 4650 1888 4722 incogni-

240 4746 325 4798 tas
351 4742 537 4797 fuisse
588 4740 838 4796 Dallzeus
868 4740 1117 4809 ejusque
1159 4736 1430 4792 defensor
1460 4738 1608 4794 mira
1637 4740 1892 4813 singula-

241 4838 407 4903 rique
449 4828 842 4885 obstinatione
890 4826 1268 4884 contendunt.
1321 4825 1485 4882 Nunc
1525 4828 1596 4883 de
1635 4829 1705 4884 iis
1734 4832 1887 4885 scri-

240 4920 508 4993 ptoribus
538 4919 857 4991 agendum,
891 4935 924 4973 a
975 4916 1190 4988 quibus
1220 4915 1453 4971 easdem
1487 4920 1543 4972 et
1572 4919 1803 4989 agnitas
1834 4924 1891 4975 et

240 5010 469 5083 lgnatio
485 5009 800 5065 attributas
828 5007 939 5080 ipsi
972 5024 1079 5062 sua
1107 5010 1311 5076 sponte
1334 5006 1891 5065 conﬁtetur.Horum

245 5098 671 5171 antesignanus
700 5104 789 5153 est
814 5095 1096 5152 Eusebius
1128 5094 1523 5165 Caesariensis,
1557 5096 1627 5151 de
1658 5113 1774 5167 quo
1807 5100 1891 5154 sic

244 5189 499 5245 Dallaaus
531 5188 617 5241 ’5:
646 5209 673 5238 α
698 5188 974 5244 Fatemur
1003 5185 1324 5242 Eusebium
1358 5184 1488 5240 illas
1516 5186 1634 5242 sive
1656 5204 1751 5243 sex
1774 5190 1893 5244 sive

245 5287 487 5353 septem,
523 5297 671 5353 quas
704 5282 988 5343 recenset,
1020 5276 1295 5347 epistolas
1322 5292 1656 5348 agnoscere,
1692 5295 1757 5335 ac
1788 5297 1892 5352 pro

247 5386 377 5426 vere
412 5368 728 5438 Ignatianis
745 5367 977 5422 habere.
1012 5365 1211 5434 Neque
1236 5365 1682 5423 dissimulamus
1698 5384 1797 5423 eas
1822 5370 1894 5425 de

252 5458 471 5528 quibus
500 5456 597 5512 ille
630 5457 807 5509 verba
841 5454 998 5521 facit,
1018 5452 1125 5507 has
1156 5452 1315 5524 ipsas
1339 5452 1522 5507 fuisse
1551 5454 1893 5529 videri,quaa

246 5545 337 5601 his
368 5545 542 5602 hodie
604 5544 943 5601 nominibus
975 5542 1491 5612 circumferuntur,
1526 5544 1731 5614 quales
1771 5564 1889 5605 eas.

2012 3436 2374 3477 memorasse
2403 3423 2761 3495 imaginatus
2784 3432 2928 3482 est.»
2969 3430 3043 3482 De
3068 3432 3381 3504 Polycarpo
3416 3441 3611 3490 autem
3639 3454 3651 3491 :

2005 3529 2034 3559 «
2067 3508 2289 3565 Similis
2320 3513 2451 3581 ejus
2483 3516 2774 3580 est,verba
2805 3516 3001 3572 Dallaei
3028 3525 3185 3585 sunt,
3224 3525 3447 3578 tametsi
3485 3527 3653 3582 venia

2004 3597 2232 3670 dignior
2264 3600 2324 3654 in
2376 3601 2683 3673 Polycarpo
2739 3606 3067 3671 oscitantis,
3132 3626 3246 3664 non
3292 3615 3646 3668 attendentis

2001 3685 2116 3741 duo
2147 3686 2246 3743 illa
2273 3706 2402 3759 qua}
2434 3692 2694 3747 recitavit
2726 3692 2871 3759 loca,
2907 3704 3104 3765 aperte
3149 3698 3294 3754 inter
3325 3717 3384 3753 se
3418 3718 3644 3772 pugna-

2001 3789 2081 3829 re.
2122 3798 2142 3824 ι
2177 3778 2405 3833 Atsane
2436 3784 2621 3845 tanta,
2656 3785 2719 3835 ut
2751 3788 3051 3851 putamus,
3082 3786 3369 3842 evidentia
3399 3790 3640 3845 demon-

2000 3864 2314 3920 stravimus
2340 3870 2491 3937 apud
2516 3871 2795 3924 Irenaeum
2821 3872 3058 3927 verbum
3082 3874 3228 3930 dixit
3258 3875 3411 3931 idem
3436 3894 3645 3935 sonare

1999 3969 2066 4008 ac
2098 3956 2340 4026 scripsit,
2400 3955 2738 4029 nullamque
2769 3959 2827 4013 in
2881 3961 3069 4016 verbis
3119 3963 3322 4031 Ignatii
3372 3982 3499 4022 esse
3538 3986 3645 4038 puv

1998 4058 2216 4114 gnam;
2249 4048 2308 4098 ut
2365 4044 2648 4100 Dallaium
2710 4048 2960 4121 ejusque
2994 4051 3357 4109 defensorem
3392 4055 3649 4127 duplicis

2000 4132 2318 4187 Eusebium
2353 4150 2662 4191 accusasse
2715 4137 2927 4193 erroris
2964 4139 3153 4209 pigere
3206 4142 3415 4199 debeat
3453 4151 3510 4200 et
3538 4163 3646 4217 pu-

2001 4222 2156 4276 dere.
2190 4222 2512 4290 Addamus,
2540 4224 2585 4279 si
2611 4225 2793 4293 lubet,
2817 4227 2929 4281 duo
2964 4227 3062 4282 illa
3084 4229 3234 4297 loca,
3255 4248 3379 4300 quas
3406 4233 3653 4291 Dalltsus

1999 4309 2152 4365 inter
2181 4327 2244 4366 se
2276 4328 2537 4383 pugnare
2598 4314 2875 4383 afﬁrmat,
2910 4316 2982 4371 ab
3031 4316 3287 4376 Eusebio
3332 4322 3505 4377 citata
3536 4340 3651 4380 non

1999 4398 2204 4457 fuisse.
2238 4401 2349 4455 Sed
2412 4404 2680 4472 quamvis
2738 4421 2921 4461 unum
2964 4406 3051 4462 vel
3113 4414 3425 4482 utrumque
3471 4413 3542 4467 ab
3583 4429 3650 4470 eo

2000 4488 2421 4561 transcriptum
2451 4490 2653 4558 fuerit,
2707 4494 3004 4564 probabile
3052 4500 3248 4551 tamen
3297 4514 3411 4552 non
3444 4504 3533 4554 est
3562 4501 3648 4555 vi-

2000 4595 2129 4634 rum
2153 4580 2757 4653 perspicacissimum,
2783 4584 2883 4654 qui
2916 4588 3079 4639 tanta
3110 4586 3411 4656 diligentia
3439 4589 3649 4659 episto-

2000 4666 2084 4723 las
2134 4668 2341 4737 lgnatii
2401 4671 2855 4738 examinaverat,
2919 4672 3067 4729 hanc
3132 4675 3176 4729 si
3221 4692 3346 4745 quas
3404 4678 3645 4733 essetin

2001 4757 2265 4827 ejusdem
2299 4758 2506 4829 Ignalii
2537 4760 2751 4828 verbis,
2810 4779 2841 4815 a
2872 4777 2955 4827 se,
2989 4762 3072 4817 uti
3104 4763 3333 4832 dicitur,
3373 4768 3650 4823 transcri-

2001 4846 2135 4915 ptis,
2188 4852 2450 4918 apertam
2485 4865 2598 4903 non
2654 4849 3140 4909 animadvertisse
3168 4858 3649 4927 'repugnantiam.

1999 4933 2123 4989 Imo
2155 4935 2433 4992 omnibus
2465 4941 2687 4993 certum
2722 4938 2901 4995 videri
2926 4940 3096 4997 debet
3118 4940 3216 4997 illa
3238 4944 3445 5015 Ignatii
3479 4946 3654 5001 verba

2001 5038 2201 5078 secum
2250 5024 2467 5095 optime
2527 5026 2838 5095 cohaerere,
2883 5045 3010 5100 quas
3057 5032 3347 5088 Eusebius
3398 5033 3549 5089 inter
3589 5050 3651 5090 se

2003 5127 2265 5184 pugnare
2297 5129 2412 5168 non
2448 5116 2763 5186 perspexit.

2072 5204 2312 5258 Constat
2371 5211 2645 5273 praeterea
2702 5206 3018 5263 Eusebium
3090 5224 3157 5264 ex
3211 5209 3427 5281 aliquo,
3475 5227 3650 5283 quem

2003 5305 2183 5360 penes
2215 5307 2276 5346 se
2326 5291 2633 5362 habuerat,
2681 5311 2855 5349 manu
2906 5300 3139 5351 exarata
3185 5298 3379 5354 codice
3410 5299 3655 5371 prolixa,

2003 5395 2126 5449 quae
2151 5395 2221 5434 ex
2249 5380 2515 5451 epistolis
2546 5382 2869 5452 Ignatianis
2904 5385 3213 5456 exscripsit
3242 5385 3451 5456 loca,in
3483 5404 3652 5443 suam

2002 5482 2177 5537 quam
2214 5485 2370 5523 anno
2400 5470 2525 5533 3'26,
2562 5475 2661 5524 aut
2684 5471 2856 5541 juxta
2886 5471 3167 5528 Dallaeum
3197 5474 3321 5543 330,
3350 5475 3533 5531 edidit
3564 5475 3653 5532 hi-

2004 5555 2247 5611 storiam
2312 5557 2707 5615 transtulisse.
2767 5562 2943 5632 Atqui
2974 5578 3042 5616 ex
3080 5563 3287 5618 eodem
3320 5563 3535 5622 Dallaao
3573 5565 3662 5622 bm

315 5671 362 5708 ⁹²
420 5672 673 5762 Ηοιιιὶιλη
700 5673 783 5762 in,
815 5670 972 5762 Cant.
997 5668 1403 5762 '“mAdmonit.
1457 5670 1515 5726 in
1549 5670 1650 5728 lib.
1714 5676 1980 5737 Ambros.
2015 5683 2089 5738 De
2143 5684 2298 5740 Isaac
2318 5688 2372 5740 et
2428 5686 2603 5740 anim.
2637 5686 2683 5722 "
2712 5703 2839 5760 cap.
2875 5688 2965 5755 35,
3020 5706 3076 5762 p.
3118 5689 3439 5749 £42.95lib.
3479 5709 3541 5750 ιιι
3571 5694 3666 5748 Hi-

250 5756 405 5813 stor.,
440 5761 566 5818 cap.
607 5744 696 5800 36.
739 5742 783 5780 ⁸⁷
824 5758 955 5816 pag.
988 5742 1113 5799 443.
