4062 6206
347 390 464 453 495

1371 384 1438 445 S.
1484 381 1881 444 IGNATIUS.
1927 413 2004 428 —
2055 378 2682 440 PROLEGOMENA.

3641 381 3761 440 496

350 523 558 597 Ignatii
586 521 843 595 epistolas
895 521 1051 577 circa
1082 520 1259 576 tinem
1292 518 1488 576 saeculi
1537 517 1715 586 tertii,
1761 517 1848 574 vel
1880 517 1996 572 ini-
2025 521 2079 585 Α
2110 513 2510 570 testimonium
2544 512 2777 586 Ignatii,
2832 514 2905 570 ab
2937 512 3262 571 Athanasio
3316 515 3770 588 transcriptum,

349 616 498 669 tium
523 610 735 684 quarti,
796 611 850 664 id
886 615 975 666 est
1005 609 1161 665 circa
1217 626 1439 665 annum
1472 608 1598 674 300,
1639 609 1908 663 exierunt.
1938 607 1994 662 in

349 702 562 758 lucem.
597 701 781 756 Codex
850 701 1031 771 igitur
1061 696 1180 764 ille,
1232 715 1347 769 quo
1391 715 1535 752 usus
1565 702 1657 752 est
1691 695 1999 764 Eusebius,

349 790 445 844 vix
502 791 638 841 ante
697 786 938 856 triginta
986 801 1174 840 annos
1199 789 1372 855 juxta
1413 783 1613 839 Dallasi
1663 782 1994 852 opinionem

351 883 622 933 exaratus
662 877 867 931 fuerat.
931 876 1234 942 Quomodo
1263 891 1399 947 ergo
1432 875 1520 928 vir
1572 873 1668 928 ille
1690 871 2000 945 sagacissi-

354 984 503 1029 mus,
539 966 641 1036 qui
693 970 782 1020 tot
843 965 1274 1035 manuscriptos
1313 965 1542 1020 codices
1572 961 1881 1029 evolveret,
1915 965 2002 1017 tot

351 1054 702 1110 lustraverat
760 1054 1160 1120 bibliothecas,
1215 1054 1390 1108 ﬁdem
1442 1045 1999 1124 manuscriptiltam

353 1145 610 1200 recentis
668 1147 1001 1215 suspectam
1040 1160 1154 1198 non
1212 1143 1465 1198 habuit?
1493 1146 1606 1197 Cur
1656 1141 1801 1197 alios
1831 1145 1998 1196 vetu-

357 1235 568 1289 stiores
591 1249 730 1288 cura
761 1231 931 1288 solita
979 1249 1092 1287 non
1122 1231 1434 1303 quasivit?
1479 1236 1599 1286 Cur
1627 1229 1879 1302 denique
1935 1245 2004 1286 ea

361 1322 560 1378 omnia
621 1321 943 1376 recentiora
982 1321 1273 1391 dogmata,
1333 1337 1456 1390 qua:
1504 1320 1750 1375 Dallasus
1812 1321 1868 1374 in
1910 1317 2002 1374 his

360 1411 626 1481 epistolis
677 1410 1082 1482 deprehendit,
1134 1410 1380 1465 haereses
1439 1408 1719 1464 nimirum
1780 1407 2002 1480 lgnatio

366 1499 740 1570 posteriores,
799 1499 1031 1570 aliaque
1086 1497 1434 1569 quamplura
1492 1506 1621 1569 post
1658 1513 1792 1553 eum
1843 1501 2001 1566 nata,

366 1588 583 1642 nullam
617 1587 730 1659 ipsi
762 1605 833 1643 ne
863 1587 947 1643 vel
974 1587 1280 1642 minimam
1315 1588 1550 1658 quidem
1582 1587 1654 1643 de
1675 1586 2002 1642 earumdem

362 1677 744 1748 epistolarum
775 1677 1176 1747 suppositione
1202 1679 1527 1743 injecerunt
1556 1675 1954 1746 suspicionem
1977 1672 2006 1726 ‘I

361 1764 572 1819 Nullus
606 1769 761 1820 certe
791 1764 1051 1820 sincerus
1073 1766 1336 1820 veritatis
1378 1769 1624 1832 amator,
1660 1766 1778 1820 haec
1807 1761 2006 1820 omnia

363 1851 662 1908 credibilia
695 1869 824 1908 esse
852 1853 963 1908 sibi
999 1870 1261 1924 unquam
1286 1855 1664 1925 persuadebit
1691 1869 1705 1908 :
1744 1853 1844 1909 sed
1877 1850 2004 1908 nul—

360 1941 483 1995 lum
517 1940 588 1994 ab
621 1941 869 1996 Eusebio
901 1949 1239 2012 perceptum
1261 1943 1331 1998 de
1356 1944 1568 1998 [remeo
1599 1949 1655 1998 et
1685 1942 2001 2016 Polycarpo

359 2046 613 2086 errorem
645 2035 941 2101 agnoscet,
993 2030 1218 2102 hasque
1247 2031 1518 2101 epistolas
1567 2048 1766 2087 verum
1810 2048 1876 2088 ac
1907 2047 1999 2102 ge-

362 2119 615 2172 nuinum
647 2118 859 2191 Ignatii
897 2135 1045 2190 opus
1075 2136 1204 2175 esse
1224 2119 1378 2176 ultro
1413 2121 1710 2177 fatebitur.

359 2211 390 2283 §
413 2208 485 2267 ll.
500 2207 830 2269 Secundum
853 2220 1268 2287 argumentum
1289 2229 1364 2270 ea:
1383 2209 1717 2273 Athanasii
1736 2211 1786 2272 Α
1799 2210 2002 2273 [exan-

742 2288 908 2348 drim’
934 2292 1258 2351 testimonio
1287 2290 1625 2352 deductum.

432 2388 570 2440 Cum
600 2385 876 2441 Dallaeani
927 2392 1089 2442 tanta
1137 2388 1456 2458 pertinacia
1505 2389 1862 2444 contendant
1894 2391 2003 2446 Eu-

356 2475 586 2530 sebium
616 2491 745 2530 esse
766 2476 984 2531 fontem
1023 2499 1042 2524 ι
1081 2478 1270 2533 omnis
1303 2479 1374 2533 de
1416 2479 1736 2550 Ignatianis
1767 2479 2000 2546 erroris,

359 2563 457 2634 qui
491 2580 638 2634 pene
664 2581 867 2619 omnes
889 2564 1206 2620 Christiani
1239 2567 1496 2622 nominis
1517 2568 1776 2623 eruditos
1801 2585 1998 2640 perva-

354 2655 468 2719 sit;
506 2673 534 2701 ››
569 2651 714 2706 nihil
765 2658 918 2708 certe
953 2654 1156 2710 mirum
1191 2655 1239 2710 si
1285 2671 1486 2712 omnes
1517 2656 1634 2711 fere
1666 2658 1996 2726 postEuse-

353 2740 514 2796 bium
543 2742 878 2812 scriptores,
912 2759 980 2797 ex
1013 2742 1142 2810 hoc,
1192 2760 1366 2815 quem
1399 2749 1739 2816 corruptum
1773 2747 1996 2816 dicunt,

355 2834 514 2889 fonte
536 2850 700 2888 suam
734 2834 803 2889 de
828 2835 1034 2905 Ignatii
1066 2835 1328 2906 epistolis
1361 2837 1706 2892 sententiam
1733 2837 2000 2894 hausisse

355 2939 656 2994 perperam
715 2931 1067 2978 asseverent.
1103 2924 1218 2981 Hos
1247 2925 1440 2997 ,igitur
1469 2926 1757 2997 opinionis
1789 2934 1999 2983 nostrae

353 3012 877 3083 praestantissimos
909 3019 1254 3079 assertores,
1305 3019 1478 3084 atque
1509 3016 1703 3071 omnis
1726 3017 1909 3070 atatis
1941 3024 1999 3072 et

352 3101 699 3157 eruditionis
731 3103 881 3157 viros
913 3102 1180 3158 deserere
1236 3106 1440 3174 coacti,
1486 3104 1576 3160 vix
1617 3107 1868 3160 duorum
1896 3111 1999 3161 aut.

349 3190 526 3245 trium
562 3193 850 3261 quaedam,
888 3192 968 3246 uti
1001 3192 1187 3258 aiunt,
1234 3199 1423 3249 errata
1454 3194 1738 3262 minuere,
1782 3195 1868 3250 vel
1893 3213 1992 3250 au-

2108 605 2167 658 in
2199 602 2300 657 illa
2323 602 2564 658 Eusebii
2619 602 2869 658 ilistoria
2903 620 3018 658 non
3070 605 3372 674 reperitur.
3404 603 3774 661 Athanasius

2107 691 2292 762 igitur
2322 690 2465 747 illud
2498 709 2568 747 ex
2595 691 2711 748 alio
2742 693 3046 765 scriptore,
3082 693 3167 748 vel
3200 710 3268 748 ex
3315 693 3513 764 aliquo
3546 694 3776 766 episto-

2108 779 2297 836 larum
2333 781 2545 850 Ignatii
2579 783 2973 852 manuscripto
3006 781 3202 838 codice
3225 788 3528 838 mutuatus
3554 789 3667 839 est.
3695 789 3776 840 At

2109 885 2178 924 ex
2206 875 2410 942 quovis
2431 871 2814 927 doctissimus
2845 871 2942 926 ille
2966 872 3178 942 praeui
3202 871 3346 927 illud
3370 873 3574 944 ignatii
3599 875 3770 928 testi-

2111 959 2372 1015 monium
2403 961 2713 1031 acceperit,
2746 961 2873 1030 ipse
2919 959 3268 1017 utrumlibet
3298 966 3468 1017 tantas
3501 963 3769 1033 antiqui-

2110 1048 2249 1104 tatis
2278 1054 2336 1105 et
2361 1050 2722 1106 auctoritatis
2751 1051 3126 1118 existimavit,
3153 1055 3216 1105 ut
3245 1051 3383 1106 inde
3409 1050 3765 1107 catholicam

2112 1140 2286 1195 ﬁdem
2321 1141 2602 1196 adversus
2652 1141 2998 1197 Arianorum
3034 1141 3292 1210 argutias
3319 1146 3376 1196 et
3407 1141 3766 1198 subtilitates

2111 1234 2238 1284 tuto
2272 1229 2486 1284 muniri
2519 1235 2576 1286 et
2618 1231 2852 1285 defendi
2888 1247 3054 1302 posse
3096 1247 3437 1300 persuasum
3469 1231 3763 1287 habuerit.

2115 1319 2318 1390 Liquet
2343 1319 2520 1391 igitur
2543 1324 2601 1375 et
2629 1325 2852 1376 constat
2885 1321 3271 1374 Athanasium
3293 1337 3404 1375 non
3437 1337 3506 1375 ex
3529 1320 3768 1374 Eusebii

2113 1407 2386 1476 Historia,
2419 1410 2520 1464 sed
2553 1425 2621 1463 ex
2652 1407 2850 1480 aliquo
2873 1408 3212 1465 venerandae
3244 1408 3620 1480 antiquitatis
3645 1426 3768 1464 mo-

2115 1497 2780 1570 nimento,epistolarum
2809 1498 3068 1564 illarum,
3096 1514 3241 1569 quas
3270 1498 3497 1570 lgnatio
3529 1499 3764 1567 tribuit,

2114 1587 2326 1642 citasse
2358 1587 2779 1643 testimonium.
2806 1587 3066 1658 Denique
3088 1587 3399 1642 Eusebium
3423 1587 3481 1642 in
3507 1587 3767 1643 citandis

2116 1676 2328 1746 Ignatii
2357 1676 2622 1747 epistolis
2684 1675 2845 1731 nullo
2877 1677 3050 1731 modo
3109 1691 3336 1732 errasse
3366 1677 3762 1732 ostendimus.

2116 1764 2355 1820 Frustra
2385 1765 2566 1838 igitur
2621 1765 2982 1822 Athanasius
3028 1764 3231 1821 abillo
3283 1763 3523 1821 delusus
3577 1765 3764 1822 fuisse

2115 1852 2348 1910 dicitur.

2111 1992 2141 2066 §
2173 1988 2276 2050 IlI.
2321 1988 2583 2052 Tertium
2640 1999 3046 2070 argumentum
3079 2009 3153 2050 es:
3179 1989 3435 2052 Joannis
3468 1989 3756 2071 Chrysa:-

2519 2071 2668 2132 ιονηί
2681 2071 3046 2132 auctoritate
3065 2073 3349 2132 elicitum.

2179 2211 2568 2268 Athanasium
2604 2213 2863 2284 proxime
2895 2217 3133 2269 secutus
3164 2218 3253 2270 est
3283 2214 3764 2286 Chrysostomus,

2110 2302 2208 2372 qui
2231 2302 2289 2358 in
2309 2303 2778 2374 oratione,quam
2804 2304 3123 2359 Antiochia:
3147 2305 3217 2360 de
3241 2304 3450 2377 Ignatii
3476 2307 3758 2379 martyrio

2111 2393 2336 2462 habuit,
2368 2395 2450 2450 sic
2473 2393 2738 2466 loquitur
2757 2394 2804 2428 '9
2829 2410 2842 2448 :
2863 2416 2892 2445 «
2919 2393 3080 2450 Unde
3104 2397 3209 2450 hoc
3238 2395 3303 2450 fit
3335 2396 3716 2467 perspicuum
3736 2397 3766 2453 ?

2109 2483 2190 2539 Ex
2219 2484 2410 2539 verbis
2437 2500 2564 2555 quas
2587 2485 2909 2540 moriturus
2940 2483 3305 2556 loquebatur.
3351 2490 3493 2541 Cum
3516 2487 3674 2542 enim
3699 2488 3758 2543 id

2108 2591 2292 2646 genus
2326 2574 2601 2647 supplicii
2633 2575 2744 2630 sibi
2774 2575 3146 2631 subeundum
3179 2591 3308 2632 esse
3339 2575 3756 2634 intellexisset:

2109 2664 2236 2734 Ego,
2271 2664 2478 2735 inquit,
2500 2667 2658 2734 feras
2706 2664 2836 2720 it'la:
2888 2667 3247 2734 adiuvarem:
3281 2685 3314 2718 «ι
3340 2665 3534 2722 Graece
3566 2683 3703 2722 vero
3737 2682 3754 2723 :

2110 2751 2254 2826 Ἐγὼ
2285 2756 2391 2806 τῶν
2425 2750 2636 2807 ἐκείνων
2663 2751 2908 2825 ὀναίμην,
2943 2746 3260 2827 ἔλεγεὩυω
3292 2755 3528 2826 quidem
3552 2755 3756 2812 Graeca

2106 2845 2279 2900 verba
2300 2861 2367 2900 ex
2385 2845 2595 2916 Ignatii
2618 2845 2862 2916 epistola
2885 2848 2953 2900 ad
2983 2846 3276 2900 Romanos
3290 2846 3598 2919 desumpta
3617 2863 3750 2903 esse

2107 2950 2278 2989 nemo
2310 2951 2426 2990 non
2457 2933 2634 2992 videt.
2702 2938 2974 2990 Attamen
3009 2934 3256 2990 Dallseus
3306 2936 3601 2991 contendit
3629 2936 3700 2972 ίοο
3731 2941 3749 2974 ί

2107 3023 2588 3095 Chrysostomum
2631 3045 2659 3074 ‹‹
2721 3023 2866 3078 nihil
2927 3024 3137 3095 Ignatii
3196 3023 3490 3095 proprium
3544 3034 3757 3096 praeter

2107 3115 2440 3185 passionem
2501 3113 2715 3181 dicere,
2749 3130 2816 3168 ex
2874 3130 2992 3185 qua
3041 3112 3140 3168 illa
3189 3116 3316 3184 ejus
3374 3114 3546 3169 verba
3577 3118 3759 3170 refert

2106 3212 2274 3272 atque
2304 3202 2655 3272 ampliﬁcat:
2692 3225 2720 3251 »
2744 3203 2800 3257 id
2832 3208 2941 3269 est,
2967 3203 3136 3272 juxta
3167 3202 3363 3258 Dallaei
3391 3204 3759 3274 Opinionem,

348 3279 674 3335 ctoritatem
708 3280 935 3337 elevare
969 3287 1276 3337 conantur.
1311 3282 1543 3338 Primus
1585 3285 1733 3338 inter
1760 3302 1859 3339 eos
1891 3285 1989 3341 do-
2026 3267 2068 3333 (ἶ
2100 3267 2586 3362 Chrysostomum
2617 3291 2736 3348 haec
2768 3267 2946 3346 verba
2967 3267 3089 3346 inon
3122 3309 3192 3346 ex
3221 3267 3486 3363 epistolis
3522 3267 3756 3364 lgnatii,

347 3369 534 3425 ctrina
586 3379 642 3424 et
691 3370 898 3426 merito
960 3371 1173 3427 eminet
1215 3371 1587 3439 Athanasius,
1633 3375 1988 3430 Alexandriae

346 3459 680 3530 episcopus,
704 3461 804 3530 qui
837 3459 1142 3531 epistolam
1161 3461 1370 3532 Ignatii
1413 3463 1486 3517 ad
1521 3465 1801 3536 Ephesios
1834 3465 1991 3520 hunc

345 3546 547 3602 laudat
581 3547 636 3602 in
671 3547 908 3602 modum
942 3548 1024 3602 πε
1059 3570 1087 3598 ‹‹
1120 3548 1378 3622 lgnatius
1401 3552 1845 3624 postapostolos
1869 3559 1988 3609 An-

347 3636 570 3692 tiochiae
604 3636 839 3709 praesul,
871 3645 927 3693 et
955 3644 1176 3710 martyr
1197 3640 1432 3709 Christi,
1479 3642 1538 3697 in
1563 3643 1834 3713 epistolis
1867 3643 1991 3699 suis

345 3725 416 3782 de
436 3725 684 3783 Domino
711 3729 789 3782 ita
842 3727 1071 3784 loculus
1094 3735 1221 3785 est:
1259 3730 1422 3786 Unus
1453 3736 1542 3788 est
1574 3733 1837 3789 medicus
1866 3750 1988 3788 car-

345 3816 495 3873 nalis
526 3823 584 3872 et
612 3816 915 3888 spiritalis,
966 3817 1203 3890 genitus
1226 3824 1282 3874 et
1311 3821 1630 3892 ingenitus,
1665 3824 1721 3878 in
1755 3823 1991 3878 homine

342 3909 518 3977 Deus,
546 3909 604 3964 in
630 3915 811 3965 morte
841 3910 959 3964 vita
975 3927 1128 3978 vera,
1154 3927 1222 3966 ex
1236 3911 1416 3968 Maria
1444 3917 1500 3967 et
1520 3919 1657 3968 Deo.
1691 3935 1717 3963 ››
1743 3913 1992 3970 Datianus

343 3998 444 4055 ubi
471 3999 581 4054 hoc
637 3999 944 4054 Athanasii
990 3999 1396 4055 testimonium
1449 4002 1742 4073 expendit,
1783 4003 1993 4058 fatetur

341 4088 595 4144 illumin
638 4104 706 4142 eo
761 4105 874 4143 non
932 4103 1224 4157 peccasse,
1259 4088 1416 4158 quod
1448 4091 1750 4160 egregium
1775 4090 1988 4158 locum,

342 4193 532 4232 causae
570 4191 686 4228 suae
722 4175 1133 4238 utilissimum,
1175 4190 1349 4244 quem
1382 4192 1449 4230 ex
1482 4177 1691 4245 lgnatii
1725 4176 1990 4247 epistolis

341 4268 549 4318 nactus
579 4264 742 4325 ferat,
779 4262 909 4330 ejus
933 4262 1169 4316 nomine
1201 4262 1548 4318 laudaverit.
1573 4265 1814 4336 Magnas
1837 4271 1989 4321 certe

339 4348 700 4406 Athanasius
759 4347 1011 4415 Dmllmo,
1044 4351 1200 4419 quod
1247 4367 1379 4404 eum
1432 4369 1466 4406 a
1517 4359 1771 4422 peccato,
1833 4357 1988 4427 quod

341 4440 571 4495 nullum
602 4453 730 4492 esse
763 4443 1006 4507 poterat,
1051 4440 1380 4496 urbanitate
1413 4445 1532 4497 tam
1567 4445 1853 4518 singulari
1893 4464 1988 4503 ex-

343 4543 448 4582 cus
481 4529 539 4578 et
565 4524 804 4579 haberet
829 4527 1072 4596 gratias,
1103 4527 1151 4583 si
1184 4528 1380 4600 ipsum
1400 4533 1673 4589 continuo
1689 4540 1990 4607 propterea

2101 3380 2200 3435 sed
2231 3396 2294 3435 ex
2332 3381 2594 3451 martyrii
2629 3380 2815 3451 ipsius
2846 3379 2998 3435 Actis
3028 3385 3263 3452 accepta
3297 3381 3755 3438 referre.Verum

2103 3469 2156 3524 id
2185 3469 2424 3525 omnino
2468 3469 2680 3526 falsum
2722 3487 2852 3526 esse
2884 3470 3018 3524 inde
3042 3472 3162 3541 jam
3192 3471 3749 3540 demonstravimus,

2100 3562 2253 3632 quod
2290 3559 2463 3614 verba
2514 3559 2617 3614 illa
2647 3576 2762 3614 non
2814 3559 2873 3614 in
2908 3561 3057 3616 veris
3111 3564 3169 3615 et
3198 3559 3442 3615 sinceris
3473 3562 3739 3631 martyrii

2100 3647 2388 3720 Ignatiani
2422 3650 2603 3716 Actis,
2637 3650 2738 3705 sed
2771 3650 3176 3704 tantummodo
3209 3650 3266 3703 in
3302 3648 3664 3720 interpolatis
3683 3654 3745 3706 et

2099 3737 2407 3808 corruptis,
2439 3743 2500 3792 et
2529 3736 2937 3806 Chrysostomo
2968 3737 3198 3808 penitus
3231 3737 3745 3809 incognitis,repe-

2097 3826 2344 3882 riantur.

2169 3919 2358 3971 Instat
2381 3919 2574 3969 tamen
2609 3913 2855 3970 Dallaus
2877 3915 2898 3949 ²
2924 3932 2936 3969 :
2967 3937 2991 3961 «
3023 3916 3138 3972 Cur
3168 3933 3281 3971 non
3315 3914 3544 3987 aliquas
3579 3931 3645 3971 ex
3670 3916 3745 3974 iis

2099 4005 2387 4075 epistolis,
2439 4003 2674 4060 maxime
2705 4004 3032 4060 laudabiles
3089 4005 3432 4075 sententias,
3480 4021 3646 4076 asque
3679 4024 3747 4063 ac

2097 4091 2257 4147 illam
2294 4094 2559 4164 martyris
2590 4109 2685 4148 ore
2716 4092 2995 4164 prolatam
3031 4093 3644 4161 recitat,suavissimis
3679 4112 3748 4152 ac

2100 4182 2514 4252 pulcherrimis
2538 4183 2742 4238 divinae
2782 4200 2901 4238 suae
2935 4183 3278 4256 eloquentiae
3308 4183 3552 4240 ﬂoribus
3571 4201 3749 4240 orna-

2095 4276 2185 4324 tas
2209 4275 2233 4324 ?
2258 4291 2282 4322 ν
2314 4273 2422 4327 Sed
2445 4273 2566 4327 haec
2583 4290 2616 4328 a
2646 4272 2879 4332 Dallaao.
2904 4277 3076 4328 tanta
3098 4272 3448 4329 eruditionis
3478 4274 3747 4342 viro,tam

2100 4360 2310 4433 frigide
2360 4361 2687 4432 objicienda
2737 4379 2852 4416 non
2881 4366 3059 4431 erant,
3121 4363 3336 4435 quippe
3368 4363 3467 4434 qui
3519 4365 3749 4420 nescire

2100 4466 2212 4505 non
2242 4454 2466 4519 poterat
2485 4452 2639 4524 apud
2673 4451 2943 4523 antiquos
2978 4453 3196 4518 Patres,
3232 4452 3330 4524 qui
3363 4454 3748 4525 panegyricas

2100 4541 2170 4594 de
2211 4539 2588 4612 martyribus,
2612 4541 2862 4613 aliisque
2881 4541 3021 4598 viris
3041 4541 3433 4598 sanctissimis
3449 4543 3745 4600 orationes

340 4629 454 4668 non
488 4619 813 4679 accusaret,
837 4615 989 4684 quod
1021 4617 1370 4688 gravissima
1391 4620 1790 4693 disputatione
1815 4641 1986 4681 occu-
2016 4626 2063 4692 D
2095 4628 2449 4698 habuerunt,
2482 4630 2541 4684 in
2572 4646 2732 4686 more
2783 4647 2899 4687 non
2930 4630 3112 4687 fuisse
3142 4648 3210 4688 ex
3239 4647 3441 4687 eorum
3475 4633 3746 4704 epistolis

340 4705 533 4770 patus,
584 4705 876 4758 ostentata
913 4705 1025 4759 sibi
1086 4707 1157 4761 ab
1191 4707 1436 4765 Eusebio
1471 4709 1617 4766 falsa
1649 4713 1858 4784 lgnatii
1892 4732 1990 4770 au-

338 4788 608 4844 ctoritate
652 4790 892 4847 delusus
927 4793 1027 4849 sit.
1087 4793 1304 4852 Verum
1338 4813 1451 4868 quo
1505 4799 1601 4856 ille
1642 4809 1987 4872 argumento

337 4878 768 4934 demonstrabit
801 4882 1185 4940 Athanasium
1217 4887 1287 4942 ab
1321 4889 1570 4945 Eusebio
1605 4891 1789 4948 fuisse
1819 4893 1986 4950 delu-

337 4967 518 5023 sum?
547 4968 861 5041 Postquam
896 4972 1189 5029 enimvero
1221 4975 1465 5034 historia
1495 4981 1726 5037 Eusebii
1749 4982 1987 5056 vulgata

335 5062 444 5128 est,
475 5057 673 5113 statim
710 5059 1299 5128 Athanasius,relicta
1324 5066 1690 5139 Alexandria,
1712 5070 1881 5144 longe
1913 5073 1984 5129 ab

334 5145 580 5204 Eusebio
613 5148 728 5204 fere
771 5165 1007 5222 semper
1047 5151 1255 5224 abfuit,
1289 5160 1462 5227 atque
1493 5158 1805 5215 Historiam
1834 5162 1985 5233 ejus-

330 5236 461 5294 dem
495 5238 734 5295 Eusebii
767 5238 823 5294 in
861 5255 1073 5297 manus
1103 5243 1232 5313 ejus
1265 5261 1563 5316 nunquam
1589 5248 1817 5305 venisse
1846 5267 1980 5308 vero

328 5331 418 5383 est
449 5327 841 5385 simillimum.
907 5333 1172 5387 Attamen
1205 5337 1331 5390 esto
1375 5334 1474 5391 illa
1507 5336 1564 5392 in
1609 5355 1821 5396 manus
1851 5342 1980 5413 ejus

327 5418 568 5476 venerit.
603 5417 760 5474 Nihil
822 5436 960 5476 sane
1009 5420 1146 5478 inde
1203 5423 1471 5482 conﬁciet
1521 5426 1791 5486 Dallaeus.
1826 5431 1975 5490 Nam

2098 4716 2186 4773 vel
2215 4718 2452 4789 scriptis
2484 4720 2730 4776 recitare
2759 4741 2788 4770 ‹‹
2851 4719 3178 4777 laudabiles
3227 4721 3571 4789 sententias,
3605 4737 3748 4777 sua—

2099 4805 2358 4862 vissimis
2390 4823 2456 4862 ac
2512 4807 2928 4880 pulcherrimis
2977 4808 3182 4865 divinae
3242 4826 3360 4865 sua:
3393 4809 3744 4882 eloquentiae

2099 4896 2340 4952 tloribus
2362 4901 2619 4954 ornatas.
2642 4920 2669 4947 »
2703 4902 2952 4971 Legatur
2974 4898 3322 4971 panegyrica
3354 4899 3658 4972 Augustini
3687 4900 3745 4955 in

2095 4985 2441 5060 Cyprianum
2483 4988 2688 5057 oratio,
2723 4987 2997 5061 legantur
3045 4989 3170 5044 aliae
3203 4989 3275 5044 ab
3309 4988 3439 5045 aliis
3471 4990 3748 5047 Patribus

2093 5079 2396 5148 perorata,
2449 5093 2514 5132 ac
2545 5075 2602 5131 in
2645 5077 2728 5133 eis
2781 5076 3108 5134 laudabiles
3138 5095 3341 5134 eorum
3396 5079 3745 5146 sententias,

2092 5183 2240 5238 quas
2274 5167 2330 5221 in
2389 5166 2803 5240 Chrysostomo
2857 5169 2929 5225 de
2963 5169 3192 5241 Ignatio
3241 5174 3441 5226 nostro
3482 5167 3736 5225 Dallazus

2093 5255 2407 5321 desiderat,
2456 5257 2725 5314 recitatae
2770 5258 2967 5314 nullus
3002 5259 3268 5330 reperiet.
3307 5259 3521 5314 Deinde
3551 5258 3738 5332 Chry-

2090 5349 2389 5400 sostomus
2421 5343 2572 5401 hanc
2601 5345 2783 5402 solam
2830 5363 2896 5403 ex
2927 5348 3138 5421 Ignatii
3171 5347 3434 5419 epistolis
3463 5347 3743 5420 pulcher-

2089 5432 2298 5489 rimam
2329 5435 2682 5491 sententiam
2741 5435 3142 5494 deﬂorandam
3175 5453 3300 5495 esse
3331 5436 3582 5505 censuit,
3615 5454 3740 5496 non

395 5586 970 5684 “Petriana-dicm.
1019 5597 1071 5648 et
1127 5594 1366 5666 Salsum,
1398 5614 1456 5670 p.
1514 5599 1642 5672 992,
1674 5602 1812 5660 edit.
1866 5604 1994 5661 Pari

2107 5604 2130 5640 θ
2186 5605 2392 5664 homil.
2425 5607 2513 5662 42.
2573 5610 2614 5663 t.
2646 5609 2690 5677 ι,
2723 5609 2866 5670 edit.
2910 5611 3094 5681 Paris,
3167 5628 3225 5684 p.
3280 5611 3409 5679 506,
3466 5607 3738 5680 ‘°°,‘cap.

320 5660 414 5728 35,
449 5677 508 5732 p.
543 5662 670 5717 446.
702 5663 724 5695 ι
755 5662 899 5717 Ibid.
