  <div class='ocr_page' id='page_1' title='image "/cluster/home/n/w/nwhite01/storage/ocr_20150623/5/hvd.32044073501272/258.png"; bbox 0 0 4026 6206; ppageno 0'>
   <div class='ocr_carea' id='block_1_1' title="bbox 75 17 1376 76">
    <p class='ocr_par' dir='ltr' id='par_1_1' title="bbox 87 53 374 76">
     <span class='ocr_line' id='line_1_1' title="bbox 87 53 374 76; baseline 0 -4"><span class='ocrx_word' id='word_1_1' title='bbox 87 53 374 76; x_wconf 56' lang='grc' dir='ltr'><strong>;,,-ξ..νυ-</strong></span> 
     </span>
    </p>
   </div>
   <div class='ocr_carea' id='block_1_2' title="bbox 232 469 343 530">
    <p class='ocr_par' dir='ltr' id='par_1_2' title="bbox 232 469 343 530">
     <span class='ocr_line' id='line_1_2' title="bbox 232 469 343 530; baseline 0.018 -3"><span class='ocrx_word' id='word_1_2' title='bbox 232 469 343 530; x_wconf 74' lang='grc'><strong>497</strong></span> 
     </span>
    </p>
   </div>
   <div class='ocr_carea' id='block_1_3' title="bbox 1181 465 2673 534">
    <p class='ocr_par' dir='ltr' id='par_1_3' title="bbox 1181 465 2673 534">
     <span class='ocr_line' id='line_1_3' title="bbox 1181 465 2673 534; baseline -0.001 -1"><span class='ocrx_word' id='word_1_3' title='bbox 1181 474 1254 533; x_wconf 91' lang='lat' dir='ltr'><strong>D.</strong></span> <span class='ocrx_word' id='word_1_4' title='bbox 1301 466 1635 534; x_wconf 79' lang='lat' dir='ltr'><strong>NOURRII</strong></span> <span class='ocrx_word' id='word_1_5' title='bbox 1677 465 2213 530; x_wconf 80' lang='lat' dir='ltr'><strong>DlSSERTATIO.</strong></span> <span class='ocrx_word' id='word_1_6' title='bbox 2258 502 2336 515; x_wconf 93' lang='lat'><strong><em>—</em></strong></span> <span class='ocrx_word' id='word_1_7' title='bbox 2377 469 2579 534; x_wconf 78' lang='lat' dir='ltr'><strong>PARS</strong></span> <span class='ocrx_word' id='word_1_8' title='bbox 2624 471 2673 532; x_wconf 91' lang='grc' dir='ltr'><strong>Ι.</strong></span> 
     </span>
    </p>
   </div>
   <div class='ocr_carea' id='block_1_4' title="bbox 3524 480 3646 540">
    <p class='ocr_par' dir='ltr' id='par_1_4' title="bbox 3524 480 3646 540">
     <span class='ocr_line' id='line_1_4' title="bbox 3524 480 3646 540; baseline 0.016 -2"><span class='ocrx_word' id='word_1_9' title='bbox 3524 480 3646 540; x_wconf 71' lang='grc'><strong>498</strong></span> 
     </span>
    </p>
   </div>
   <div class='ocr_carea' id='block_1_5' title="bbox 231 604 3640 677">
    <p class='ocr_par' dir='ltr' id='par_1_5' title="bbox 231 604 3640 677">
     <span class='ocr_line' id='line_1_5' title="bbox 231 604 3640 677; baseline 0.003 -16"><span class='ocrx_word' id='word_1_10' title='bbox 231 606 354 662; x_wconf 90' lang='lat' dir='ltr'><strong>ideo</strong></span> <span class='ocrx_word' id='word_1_11' title='bbox 385 608 623 661; x_wconf 88' lang='lat' dir='ltr'><strong>tantum</strong></span> <span class='ocrx_word' id='word_1_12' title='bbox 655 605 796 676; x_wconf 90' lang='lat' dir='ltr'><strong>quia</strong></span> <span class='ocrx_word' id='word_1_13' title='bbox 826 621 1122 661; x_wconf 80' lang='lat' dir='ltr'><strong>summum</strong></span> <span class='ocrx_word' id='word_1_14' title='bbox 1174 605 1304 677; x_wconf 89' lang='lat' dir='ltr'><strong>ejus</strong></span> <span class='ocrx_word' id='word_1_15' title='bbox 1336 622 1439 677; x_wconf 90' lang='lat' dir='ltr'><strong>pro</strong></span> <span class='ocrx_word' id='word_1_16' title='bbox 1481 604 1710 661; x_wconf 83' lang='lat' dir='ltr'><strong>Christo</strong></span> <span class='ocrx_word' id='word_1_17' title='bbox 1763 621 1874 675; x_wconf 92' lang='lat' dir='ltr'><strong>pa-</strong></span> <span class='ocrx_word' id='word_1_18' title='bbox 1909 606 1961 671; x_wconf 77' lang='grc' dir='ltr'><strong>Α</strong></span> <span class='ocrx_word' id='word_1_19' title='bbox 1993 605 2115 671; x_wconf 88' lang='lat' dir='ltr'><strong>Quo</strong></span> <span class='ocrx_word' id='word_1_20' title='bbox 2144 604 2300 660; x_wconf 91' lang='lat' dir='ltr'><strong>enim</strong></span> <span class='ocrx_word' id='word_1_21' title='bbox 2355 608 2518 674; x_wconf 90' lang='lat' dir='ltr'><strong>pacto</strong></span> <span class='ocrx_word' id='word_1_22' title='bbox 2550 605 2740 661; x_wconf 89' lang='lat' dir='ltr'><strong>sancti</strong></span> <span class='ocrx_word' id='word_1_23' title='bbox 2798 605 2960 662; x_wconf 90' lang='lat' dir='ltr'><strong>illius</strong></span> <span class='ocrx_word' id='word_1_24' title='bbox 2990 607 3248 666; x_wconf 89' lang='lat' dir='ltr'><strong>doctoris</strong></span> <span class='ocrx_word' id='word_1_25' title='bbox 3285 611 3345 667; x_wconf 92' lang='lat' dir='ltr'><strong>in</strong></span> <span class='ocrx_word' id='word_1_26' title='bbox 3379 618 3640 670; x_wconf 85' lang='lat' dir='ltr'><strong>mentem</strong></span> 
     </span>
    </p>
   </div>
   <div class='ocr_carea' id='block_1_6' title="bbox 229 692 3636 770">
    <p class='ocr_par' dir='ltr' id='par_1_6' title="bbox 229 692 3636 770">
     <span class='ocr_line' id='line_1_6' title="bbox 229 692 3636 770; baseline 0.002 -21"><span class='ocrx_word' id='word_1_27' title='bbox 229 695 410 750; x_wconf 90' lang='lat' dir='ltr'><strong>tiendi</strong></span> <span class='ocrx_word' id='word_1_28' title='bbox 443 696 715 750; x_wconf 89' lang='lat' dir='ltr'><strong>ardorem</strong></span> <span class='ocrx_word' id='word_1_29' title='bbox 775 694 1140 766; x_wconf 77' lang='lat' dir='ltr'><strong>apertissime</strong></span> <span class='ocrx_word' id='word_1_30' title='bbox 1181 694 1550 763; x_wconf 80' lang='lat' dir='ltr'><strong>ostendebat,</strong></span> <span class='ocrx_word' id='word_1_31' title='bbox 1609 693 1707 749; x_wconf 89' lang='lat' dir='ltr'><strong>sed</strong></span> <span class='ocrx_word' id='word_1_32' title='bbox 1744 692 1882 764; x_wconf 89' lang='lat' dir='ltr'><strong>quia</strong></span> <span class='ocrx_word' id='word_1_33' title='bbox 1989 693 2187 748; x_wconf 91' lang='lat' dir='ltr'><strong>venire</strong></span> <span class='ocrx_word' id='word_1_34' title='bbox 2218 693 2425 764; x_wconf 91' lang='lat' dir='ltr'><strong>potuit,</strong></span> <span class='ocrx_word' id='word_1_35' title='bbox 2486 701 2548 749; x_wconf 88' lang='lat' dir='ltr'><strong>ut</strong></span> <span class='ocrx_word' id='word_1_36' title='bbox 2605 693 2840 765; x_wconf 79' lang='lat' dir='ltr'><strong>scripta,</strong></span> <span class='ocrx_word' id='word_1_37' title='bbox 2873 712 3002 768; x_wconf 65' lang='lat' dir='ltr'><strong>quae</strong></span> <span class='ocrx_word' id='word_1_38' title='bbox 3052 697 3124 752; x_wconf 91' lang='lat' dir='ltr'><strong>ab</strong></span> <span class='ocrx_word' id='word_1_39' title='bbox 3184 699 3431 770; x_wconf 83' lang='lat' dir='ltr'><strong>Ignatio,</strong></span> <span class='ocrx_word' id='word_1_40' title='bbox 3473 706 3636 757; x_wconf 85' lang='lat' dir='ltr'><strong>tanto</strong></span> 
     </span>
    </p>
   </div>
   <div class='ocr_carea' id='block_1_7' title="bbox 229 782 3632 860">
    <p class='ocr_par' dir='ltr' id='par_1_7' title="bbox 229 782 3632 860">
     <span class='ocr_line' id='line_1_7' title="bbox 229 782 3632 860; baseline 0.001 -18"><span class='ocrx_word' id='word_1_41' title='bbox 229 802 355 842; x_wconf 86' lang='lat' dir='ltr'><strong>eam</strong></span> <span class='ocrx_word' id='word_1_42' title='bbox 390 802 630 857; x_wconf 89' lang='lat' dir='ltr'><strong>quoque</strong></span> <span class='ocrx_word' id='word_1_43' title='bbox 662 787 732 842; x_wconf 90' lang='lat' dir='ltr'><strong>ad</strong></span> <span class='ocrx_word' id='word_1_44' title='bbox 769 785 1149 842; x_wconf 79' lang='lat' dir='ltr'><strong>celebrandas</strong></span> <span class='ocrx_word' id='word_1_45' title='bbox 1183 787 1332 841; x_wconf 87' lang='lat' dir='ltr'><strong>tanti</strong></span> <span class='ocrx_word' id='word_1_46' title='bbox 1365 784 1638 857; x_wconf 81' lang='lat' dir='ltr'><strong>martyris</strong></span> <span class='ocrx_word' id='word_1_47' title='bbox 1677 784 1880 839; x_wconf 89' lang='lat' dir='ltr'><strong>laudes</strong></span> <span class='ocrx_word' id='word_1_48' title='bbox 1993 788 2263 853; x_wconf 79' lang='lat' dir='ltr'><strong>martyre,</strong></span> <span class='ocrx_word' id='word_1_49' title='bbox 2323 799 2498 853; x_wconf 89' lang='lat' dir='ltr'><strong>quem</strong></span> <span class='ocrx_word' id='word_1_50' title='bbox 2560 782 2778 840; x_wconf 87' lang='lat' dir='ltr'><strong>honore</strong></span> <span class='ocrx_word' id='word_1_51' title='bbox 2843 786 3096 841; x_wconf 87' lang='lat' dir='ltr'><strong>maximo</strong></span> <span class='ocrx_word' id='word_1_52' title='bbox 3147 791 3632 860; x_wconf 80' lang='lat' dir='ltr'><strong>prosequebatur,</strong></span> 
     </span>
    </p>
   </div>
   <div class='ocr_carea' id='block_1_8' title="bbox 230 873 1877 946">
    <p class='ocr_par' dir='ltr' id='par_1_8' title="bbox 230 873 1877 946">
     <span class='ocr_line' id='line_1_8' title="bbox 230 873 1877 946; baseline -0.001 -16"><span class='ocrx_word' id='word_1_53' title='bbox 230 876 419 946; x_wconf 88' lang='lat' dir='ltr'><strong>magis</strong></span> <span class='ocrx_word' id='word_1_54' title='bbox 451 877 778 932; x_wconf 88' lang='lat' dir='ltr'><strong>conducere</strong></span> <span class='ocrx_word' id='word_1_55' title='bbox 830 877 1148 932; x_wconf 82' lang='lat' dir='ltr'><strong>arbitratus</strong></span> <span class='ocrx_word' id='word_1_56' title='bbox 1177 880 1284 931; x_wconf 90' lang='lat' dir='ltr'><strong>est.</strong></span> <span class='ocrx_word' id='word_1_57' title='bbox 1333 876 1587 945; x_wconf 90' lang='lat' dir='ltr'><strong>Denique</strong></span> <span class='ocrx_word' id='word_1_58' title='bbox 1614 873 1703 930; x_wconf 83' lang='lat' dir='ltr'><strong>vel</strong></span> <span class='ocrx_word' id='word_1_59' title='bbox 1734 873 1877 940; x_wconf 85' lang='lat' dir='ltr'><strong>sola,</strong></span> 
     </span>
    </p>
   </div>
   <div class='ocr_carea' id='block_1_9' title="bbox 229 963 1877 1036">
    <p class='ocr_par' dir='ltr' id='par_1_9' title="bbox 229 963 1877 1036">
     <span class='ocr_line' id='line_1_9' title="bbox 229 963 1877 1036; baseline -0.001 -18"><span class='ocrx_word' id='word_1_60' title='bbox 229 979 405 1034; x_wconf 88' lang='lat' dir='ltr'><strong>quam</strong></span> <span class='ocrx_word' id='word_1_61' title='bbox 440 981 623 1035; x_wconf 85' lang='lat' dir='ltr'><strong>supra</strong></span> <span class='ocrx_word' id='word_1_62' title='bbox 663 964 1058 1034; x_wconf 87' lang='lat' dir='ltr'><strong>exhibuimus,</strong></span> <span class='ocrx_word' id='word_1_63' title='bbox 1082 965 1462 1035; x_wconf 83' lang='lat' dir='ltr'><strong>epistularum</strong></span> <span class='ocrx_word' id='word_1_64' title='bbox 1496 963 1702 1036; x_wconf 88' lang='lat' dir='ltr'><strong>Ignatii</strong></span> <span class='ocrx_word' id='word_1_65' title='bbox 1737 979 1877 1017; x_wconf 83' lang='lat' dir='ltr'><strong>ana-</strong></span> 
     </span>
    </p>
   </div>
   <div class='ocr_carea' id='block_1_10' title="bbox 226 1051 1876 1125">
    <p class='ocr_par' dir='ltr' id='par_1_10' title="bbox 226 1051 1876 1125">
     <span class='ocr_line' id='line_1_10' title="bbox 226 1051 1876 1125; baseline 0.001 -20"><span class='ocrx_word' id='word_1_66' title='bbox 226 1051 332 1124; x_wconf 86' lang='lat' dir='ltr'><strong>lysi</strong></span> <span class='ocrx_word' id='word_1_67' title='bbox 353 1070 473 1108; x_wconf 91' lang='lat' dir='ltr'><strong>non</strong></span> <span class='ocrx_word' id='word_1_68' title='bbox 488 1055 736 1109; x_wconf 88' lang='lat' dir='ltr'><strong>obscure-</strong></span> <span class='ocrx_word' id='word_1_69' title='bbox 752 1054 1044 1125; x_wconf 90' lang='lat' dir='ltr'><strong>colligitur</strong></span> <span class='ocrx_word' id='word_1_70' title='bbox 1074 1055 1553 1125; x_wconf 89' lang='lat' dir='ltr'><strong>Cbrysostomum</strong></span> <span class='ocrx_word' id='word_1_71' title='bbox 1573 1068 1641 1108; x_wconf 76' lang='lat' dir='ltr'><strong>ex</strong></span> <span class='ocrx_word' id='word_1_72' title='bbox 1669 1053 1876 1107; x_wconf 87' lang='lat' dir='ltr'><strong>iisdem</strong></span> 
     </span>
    </p>
   </div>
   <div class='ocr_carea' id='block_1_11' title="bbox 226 1141 1876 1214">
    <p class='ocr_par' dir='ltr' id='par_1_11' title="bbox 226 1141 1876 1214">
     <span class='ocr_line' id='line_1_11' title="bbox 226 1141 1876 1214; baseline -0.001 -17"><span class='ocrx_word' id='word_1_73' title='bbox 226 1158 286 1197; x_wconf 79' lang='lat' dir='ltr'><strong>ea</strong></span> <span class='ocrx_word' id='word_1_74' title='bbox 317 1143 754 1213; x_wconf 88' lang='lat' dir='ltr'><strong>desumpsisse,</strong></span> <span class='ocrx_word' id='word_1_75' title='bbox 809 1160 933 1214; x_wconf 67' lang='lat' dir='ltr'><strong>quae</strong></span> <span class='ocrx_word' id='word_1_76' title='bbox 967 1142 1184 1198; x_wconf 87' lang='lat' dir='ltr'><strong>ibidem</strong></span> <span class='ocrx_word' id='word_1_77' title='bbox 1219 1143 1378 1211; x_wconf 84' lang='lat' dir='ltr'><strong>dicit,</strong></span> <span class='ocrx_word' id='word_1_78' title='bbox 1418 1141 1592 1198; x_wconf 88' lang='lat' dir='ltr'><strong>urbes</strong></span> <span class='ocrx_word' id='word_1_79' title='bbox 1622 1142 1692 1198; x_wconf 90' lang='lat' dir='ltr'><strong>ad</strong></span> <span class='ocrx_word' id='word_1_80' title='bbox 1729 1157 1876 1213; x_wconf 90' lang='lat' dir='ltr'><strong>quas</strong></span> 
     </span>
    </p>
   </div>
   <div class='ocr_carea' id='block_1_12' title="bbox 222 1231 1874 1302">
    <p class='ocr_par' dir='ltr' id='par_1_12' title="bbox 222 1231 1874 1302">
     <span class='ocr_line' id='line_1_12' title="bbox 222 1231 1874 1302; baseline 0 -16"><span class='ocrx_word' id='word_1_81' title='bbox 222 1231 490 1302; x_wconf 87' lang='lat' dir='ltr'><strong>lgnatius</strong></span> <span class='ocrx_word' id='word_1_82' title='bbox 520 1249 628 1288; x_wconf 90' lang='lat' dir='ltr'><strong>suo</strong></span> <span class='ocrx_word' id='word_1_83' title='bbox 656 1234 714 1286; x_wconf 91' lang='lat' dir='ltr'><strong>in</strong></span> <span class='ocrx_word' id='word_1_84' title='bbox 740 1232 946 1288; x_wconf 89' lang='lat' dir='ltr'><strong>itinere</strong></span> <span class='ocrx_word' id='word_1_85' title='bbox 973 1233 1298 1288; x_wconf 90' lang='lat' dir='ltr'><strong>diversatus</strong></span> <span class='ocrx_word' id='word_1_86' title='bbox 1329 1235 1436 1297; x_wconf 91' lang='lat' dir='ltr'><strong>est,</strong></span> <span class='ocrx_word' id='word_1_87' title='bbox 1468 1232 1668 1286; x_wconf 91' lang='lat' dir='ltr'><strong>illum:</strong></span> <span class='ocrx_word' id='word_1_88' title='bbox 1690 1233 1874 1287; x_wconf 64' lang='lat' dir='ltr'><strong>«Cum</strong></span> 
     </span>
    </p>
   </div>
   <div class='ocr_carea' id='block_1_13' title="bbox 222 1321 1876 1395">
    <p class='ocr_par' dir='ltr' id='par_1_13' title="bbox 222 1321 1876 1395">
     <span class='ocr_line' id='line_1_13' title="bbox 222 1321 1876 1395; baseline 0.001 -19"><span class='ocrx_word' id='word_1_89' title='bbox 222 1339 433 1392; x_wconf 82' lang='lat' dir='ltr'><strong>magno</strong></span> <span class='ocrx_word' id='word_1_90' title='bbox 470 1328 801 1378; x_wconf 89' lang='lat' dir='ltr'><strong>commeatu</strong></span> <span class='ocrx_word' id='word_1_91' title='bbox 855 1323 1172 1390; x_wconf 76' lang='lat' dir='ltr'><strong>dimisisse,</strong></span> <span class='ocrx_word' id='word_1_92' title='bbox 1229 1323 1498 1394; x_wconf 81' lang='lat' dir='ltr'><strong>precibus</strong></span> <span class='ocrx_word' id='word_1_93' title='bbox 1530 1328 1588 1377; x_wconf 90' lang='lat' dir='ltr'><strong>et</strong></span> <span class='ocrx_word' id='word_1_94' title='bbox 1634 1321 1876 1395; x_wconf 89' lang='lat' dir='ltr'><strong>legatio-</strong></span> 
     </span>
    </p>
   </div>
   <div class='ocr_carea' id='block_1_14' title="bbox 225 1411 1090 1482">
    <p class='ocr_par' dir='ltr' id='par_1_14' title="bbox 225 1411 1090 1482">
     <span class='ocr_line' id='line_1_14' title="bbox 225 1411 1090 1482; baseline 0.002 -16"><span class='ocrx_word' id='word_1_95' title='bbox 225 1411 407 1466; x_wconf 82' lang='lat' dir='ltr'><strong>nibus</strong></span> <span class='ocrx_word' id='word_1_96' title='bbox 437 1412 635 1482; x_wconf 86' lang='lat' dir='ltr'><strong>ipsum</strong></span> <span class='ocrx_word' id='word_1_97' title='bbox 671 1412 1035 1482; x_wconf 77' lang='lat' dir='ltr'><strong>adjuvantes.</strong></span> <span class='ocrx_word' id='word_1_98' title='bbox 1060 1433 1090 1461; x_wconf 86' lang='lat'>»</span> 
     </span>
    </p>
   </div>
   <div class='ocr_carea' id='block_1_15' title="bbox 284 1501 1873 1573">
    <p class='ocr_par' dir='ltr' id='par_1_15' title="bbox 284 1501 1873 1573">
     <span class='ocr_line' id='line_1_15' title="bbox 284 1501 1873 1573; baseline 0.001 -19"><span class='ocrx_word' id='word_1_99' title='bbox 284 1501 661 1571; x_wconf 84' lang='lat' dir='ltr'><strong>Subjungere</strong></span> <span class='ocrx_word' id='word_1_100' title='bbox 699 1501 793 1556; x_wconf 88' lang='lat' dir='ltr'><strong>his</strong></span> <span class='ocrx_word' id='word_1_101' title='bbox 845 1517 1162 1572; x_wconf 89' lang='lat' dir='ltr'><strong>possumus</strong></span> <span class='ocrx_word' id='word_1_102' title='bbox 1195 1503 1466 1557; x_wconf 89' lang='lat' dir='ltr'><strong>eumdem</strong></span> <span class='ocrx_word' id='word_1_103' title='bbox 1524 1501 1873 1573; x_wconf 79' lang='lat' dir='ltr'><strong>Chrysosto-</strong></span> 
     </span>
    </p>
   </div>
   <div class='ocr_carea' id='block_1_16' title="bbox 220 1589 1874 1661">
    <p class='ocr_par' dir='ltr' id='par_1_16' title="bbox 220 1589 1874 1661">
     <span class='ocr_line' id='line_1_16' title="bbox 220 1589 1874 1661; baseline 0 -16"><span class='ocrx_word' id='word_1_104' title='bbox 220 1605 380 1645; x_wconf 91' lang='lat' dir='ltr'><strong>mum</strong></span> <span class='ocrx_word' id='word_1_105' title='bbox 417 1589 536 1644; x_wconf 88' lang='lat' dir='ltr'><strong>alia</strong></span> <span class='ocrx_word' id='word_1_106' title='bbox 584 1591 643 1644; x_wconf 91' lang='lat' dir='ltr'><strong>in</strong></span> <span class='ocrx_word' id='word_1_107' title='bbox 702 1592 963 1645; x_wconf 90' lang='lat' dir='ltr'><strong>oratione</strong></span> <span class='ocrx_word' id='word_1_108' title='bbox 993 1591 1167 1646; x_wconf 90' lang='lat' dir='ltr'><strong>verba</strong></span> <span class='ocrx_word' id='word_1_109' title='bbox 1219 1589 1452 1660; x_wconf 86' lang='lat' dir='ltr'><strong>Ignatii,</strong></span> <span class='ocrx_word' id='word_1_110' title='bbox 1485 1607 1615 1661; x_wconf 72' lang='lat' dir='ltr'><strong>quis</strong></span> <span class='ocrx_word' id='word_1_111' title='bbox 1646 1605 1712 1644; x_wconf 84' lang='lat' dir='ltr'><strong>ex</strong></span> <span class='ocrx_word' id='word_1_112' title='bbox 1743 1591 1874 1659; x_wconf 88' lang='lat' dir='ltr'><strong>ejus</strong></span> 
     </span>
    </p>
   </div>
   <div class='ocr_carea' id='block_1_17' title="bbox 220 1677 1875 1750">
    <p class='ocr_par' dir='ltr' id='par_1_17' title="bbox 220 1677 1875 1750">
     <span class='ocr_line' id='line_1_17' title="bbox 220 1677 1875 1750; baseline 0.001 -16"><span class='ocrx_word' id='word_1_113' title='bbox 220 1680 286 1734; x_wconf 90' lang='lat' dir='ltr'><strong>ad</strong></span> <span class='ocrx_word' id='word_1_114' title='bbox 326 1677 722 1750; x_wconf 89' lang='lat' dir='ltr'><strong>Polycarpum</strong></span> <span class='ocrx_word' id='word_1_115' title='bbox 781 1679 1031 1750; x_wconf 89' lang='lat' dir='ltr'><strong>epistola</strong></span> <span class='ocrx_word' id='word_1_116' title='bbox 1089 1684 1390 1735; x_wconf 89' lang='lat' dir='ltr'><strong>mutuatus</strong></span> <span class='ocrx_word' id='word_1_117' title='bbox 1449 1680 1656 1747; x_wconf 78' lang='lat' dir='ltr'><strong>fuerat,</strong></span> <span class='ocrx_word' id='word_1_118' title='bbox 1717 1679 1875 1735; x_wconf 89' lang='lat' dir='ltr'><strong>hunc</strong></span> 
     </span>
    </p>
   </div>
   <div class='ocr_carea' id='block_1_18' title="bbox 220 1767 1870 1840">
    <p class='ocr_par' dir='ltr' id='par_1_18' title="bbox 220 1767 1870 1840">
     <span class='ocr_line' id='line_1_18' title="bbox 220 1767 1870 1840; baseline -0.001 -18"><span class='ocrx_word' id='word_1_119' title='bbox 220 1769 567 1824; x_wconf 85' lang='lat' dir='ltr'><strong>hausissein</strong></span> <span class='ocrx_word' id='word_1_120' title='bbox 593 1769 833 1824; x_wconf 89' lang='lat' dir='ltr'><strong>modum</strong></span> <span class='ocrx_word' id='word_1_121' title='bbox 853 1767 912 1823; x_wconf 76' lang='lat'><strong>3:</strong></span> <span class='ocrx_word' id='word_1_122' title='bbox 943 1791 970 1818; x_wconf 85' lang='lat'><strong><em>«</em></strong></span> <span class='ocrx_word' id='word_1_123' title='bbox 1030 1773 1340 1840; x_wconf 86' lang='lat' dir='ltr'><strong>Propterea</strong></span> <span class='ocrx_word' id='word_1_124' title='bbox 1370 1769 1585 1824; x_wconf 82' lang='lat' dir='ltr'><strong>nobilis</strong></span> <span class='ocrx_word' id='word_1_125' title='bbox 1627 1769 1711 1823; x_wconf 89' lang='lat' dir='ltr'><strong>vir</strong></span> <span class='ocrx_word' id='word_1_126' title='bbox 1741 1769 1870 1839; x_wconf 81' lang='lat' dir='ltr'><strong>qui-</strong></span> 
     </span>
    </p>
   </div>
   <div class='ocr_carea' id='block_1_19' title="bbox 225 1857 1873 1930">
    <p class='ocr_par' dir='ltr' id='par_1_19' title="bbox 225 1857 1873 1930">
     <span class='ocr_line' id='line_1_19' title="bbox 225 1857 1873 1930; baseline 0.001 -18"><span class='ocrx_word' id='word_1_127' title='bbox 225 1862 353 1912; x_wconf 85' lang='lat' dir='ltr'><strong>dam</strong></span> <span class='ocrx_word' id='word_1_128' title='bbox 385 1874 451 1913; x_wconf 86' lang='lat' dir='ltr'><strong>ex</strong></span> <span class='ocrx_word' id='word_1_129' title='bbox 486 1858 808 1924; x_wconf 86' lang='lat' dir='ltr'><strong>veteribus,</strong></span> <span class='ocrx_word' id='word_1_130' title='bbox 843 1857 934 1913; x_wconf 92' lang='lat' dir='ltr'><strong>cui</strong></span> <span class='ocrx_word' id='word_1_131' title='bbox 971 1874 1184 1913; x_wconf 88' lang='lat' dir='ltr'><strong>nomen</strong></span> <span class='ocrx_word' id='word_1_132' title='bbox 1218 1857 1500 1929; x_wconf 90' lang='lat' dir='ltr'><strong>Ignatius,</strong></span> <span class='ocrx_word' id='word_1_133' title='bbox 1532 1859 1753 1930; x_wconf 87' lang='lat' dir='ltr'><strong>quique</strong></span> <span class='ocrx_word' id='word_1_134' title='bbox 1784 1875 1873 1914; x_wconf 87' lang='lat' dir='ltr'><strong>sa-</strong></span> 
     </span>
    </p>
   </div>
   <div class='ocr_carea' id='block_1_20' title="bbox 1991 871 3636 945">
    <p class='ocr_par' dir='ltr' id='par_1_20' title="bbox 1991 871 3636 945">
     <span class='ocr_line' id='line_1_20' title="bbox 1991 871 3636 945; baseline 0.007 -22"><span class='ocrx_word' id='word_1_135' title='bbox 1991 872 2247 941; x_wconf 87' lang='lat' dir='ltr'><strong>profecta</strong></span> <span class='ocrx_word' id='word_1_136' title='bbox 2277 886 2405 927; x_wconf 89' lang='lat' dir='ltr'><strong>esse</strong></span> <span class='ocrx_word' id='word_1_137' title='bbox 2435 871 2934 943; x_wconf 89' lang='lat' dir='ltr'><strong>sciebat,ipsemet</strong></span> <span class='ocrx_word' id='word_1_138' title='bbox 2965 880 3398 945; x_wconf 88' lang='lat' dir='ltr'><strong>aspernaretur.</strong></span> <span class='ocrx_word' id='word_1_139' title='bbox 3435 879 3636 935; x_wconf 79' lang='lat' dir='ltr'><strong>Restat</strong></span> 
     </span>
    </p>
   </div>
   <div class='ocr_carea' id='block_1_21' title="bbox 1988 959 3633 1034">
    <p class='ocr_par' dir='ltr' id='par_1_21' title="bbox 1988 959 3633 1034">
     <span class='ocr_line' id='line_1_21' title="bbox 1988 959 3633 1034; baseline 0.006 -23"><span class='ocrx_word' id='word_1_140' title='bbox 1988 959 2170 1027; x_wconf 78' lang='lat' dir='ltr'><strong>igitur</strong></span> <span class='ocrx_word' id='word_1_141' title='bbox 2199 965 2262 1013; x_wconf 92' lang='lat' dir='ltr'><strong>ut</strong></span> <span class='ocrx_word' id='word_1_142' title='bbox 2291 961 2551 1028; x_wconf 67' lang='lat' dir='ltr'><strong>epistolae</strong></span> <span class='ocrx_word' id='word_1_143' title='bbox 2583 960 2811 1030; x_wconf 77' lang='lat' dir='ltr'><strong>Ignatii,</strong></span> <span class='ocrx_word' id='word_1_144' title='bbox 2844 962 2893 1016; x_wconf 91' lang='lat' dir='ltr'><strong>si</strong></span> <span class='ocrx_word' id='word_1_145' title='bbox 2923 962 3241 1034; x_wconf 80' lang='lat' dir='ltr'><strong>aliquando</strong></span> <span class='ocrx_word' id='word_1_146' title='bbox 3287 980 3386 1020; x_wconf 89' lang='lat' dir='ltr'><strong>eas</strong></span> <span class='ocrx_word' id='word_1_147' title='bbox 3432 965 3633 1021; x_wconf 84' lang='lat' dir='ltr'><strong>Hiero-</strong></span> 
     </span>
    </p>
   </div>
   <div class='ocr_carea' id='block_1_22' title="bbox 1989 1051 3635 1126">
    <p class='ocr_par' dir='ltr' id='par_1_22' title="bbox 1989 1051 3635 1126">
     <span class='ocr_line' id='line_1_22' title="bbox 1989 1051 3635 1126; baseline 0.006 -24"><span class='ocrx_word' id='word_1_148' title='bbox 1989 1066 2202 1121; x_wconf 87' lang='lat' dir='ltr'><strong>nymus</strong></span> <span class='ocrx_word' id='word_1_149' title='bbox 2259 1067 2372 1105; x_wconf 90' lang='lat' dir='ltr'><strong>non</strong></span> <span class='ocrx_word' id='word_1_150' title='bbox 2405 1052 2710 1120; x_wconf 74' lang='lat' dir='ltr'><strong>spreverit,</strong></span> <span class='ocrx_word' id='word_1_151' title='bbox 2743 1051 2854 1122; x_wconf 89' lang='lat' dir='ltr'><strong>ipsi</strong></span> <span class='ocrx_word' id='word_1_152' title='bbox 2912 1052 3129 1108; x_wconf 88' lang='lat' dir='ltr'><strong>tuerint</strong></span> <span class='ocrx_word' id='word_1_153' title='bbox 3170 1054 3499 1126; x_wconf 68' lang='lat' dir='ltr'><strong>incognitis.</strong></span> <span class='ocrx_word' id='word_1_154' title='bbox 3559 1064 3635 1112; x_wconf 79' lang='lat' dir='ltr'><strong>At</strong></span> 
     </span>
    </p>
   </div>
   <div class='ocr_carea' id='block_1_23' title="bbox 1987 1140 3631 1214">
    <p class='ocr_par' dir='ltr' id='par_1_23' title="bbox 1987 1140 3631 1214">
     <span class='ocr_line' id='line_1_23' title="bbox 1987 1140 3631 1214; baseline 0.004 -20"><span class='ocrx_word' id='word_1_155' title='bbox 1987 1142 2280 1210; x_wconf 89' lang='lat' dir='ltr'><strong>quomodo</strong></span> <span class='ocrx_word' id='word_1_156' title='bbox 2308 1140 2424 1194; x_wconf 72' lang='grc' dir='ltr'><strong>ίιιω</strong></span> <span class='ocrx_word' id='word_1_157' title='bbox 2454 1140 2889 1211; x_wconf 81' lang='lat' dir='ltr'><strong>epistolas,quas</strong></span> <span class='ocrx_word' id='word_1_158' title='bbox 2909 1142 3112 1196; x_wconf 88' lang='lat' dir='ltr'><strong>tandiu</strong></span> <span class='ocrx_word' id='word_1_159' title='bbox 3141 1143 3212 1197; x_wconf 91' lang='lat' dir='ltr'><strong>ab</strong></span> <span class='ocrx_word' id='word_1_160' title='bbox 3247 1144 3468 1214; x_wconf 85' lang='lat' dir='ltr'><strong>lgnatio</strong></span> <span class='ocrx_word' id='word_1_161' title='bbox 3492 1147 3631 1201; x_wconf 89' lang='lat' dir='ltr'><strong>scri-</strong></span> 
     </span>
    </p>
   </div>
   <div class='ocr_carea' id='block_1_24' title="bbox 1987 1229 3630 1303">
    <p class='ocr_par' dir='ltr' id='par_1_24' title="bbox 1987 1229 3630 1303">
     <span class='ocr_line' id='line_1_24' title="bbox 1987 1229 3630 1303; baseline 0.006 -22"><span class='ocrx_word' id='word_1_162' title='bbox 1987 1233 2116 1299; x_wconf 88' lang='lat' dir='ltr'><strong>ptas</strong></span> <span class='ocrx_word' id='word_1_163' title='bbox 2148 1229 2331 1284; x_wconf 89' lang='lat' dir='ltr'><strong>fuisse</strong></span> <span class='ocrx_word' id='word_1_164' title='bbox 2351 1244 2452 1299; x_wconf 92' lang='lat' dir='ltr'><strong>pro</strong></span> <span class='ocrx_word' id='word_1_165' title='bbox 2477 1234 2632 1283; x_wconf 90' lang='lat' dir='ltr'><strong>certo</strong></span> <span class='ocrx_word' id='word_1_166' title='bbox 2665 1229 2890 1296; x_wconf 87' lang='lat' dir='ltr'><strong>habuit,</strong></span> <span class='ocrx_word' id='word_1_167' title='bbox 2936 1235 3247 1300; x_wconf 88' lang='lat' dir='ltr'><strong>potuerunt</strong></span> <span class='ocrx_word' id='word_1_168' title='bbox 3275 1232 3383 1301; x_wconf 89' lang='lat' dir='ltr'><strong>ipsi</strong></span> <span class='ocrx_word' id='word_1_169' title='bbox 3425 1240 3630 1303; x_wconf 90' lang='lat' dir='ltr'><strong>postea</strong></span> 
     </span>
    </p>
   </div>
   <div class='ocr_carea' id='block_1_25' title="bbox 1984 1317 2496 1390">
    <p class='ocr_par' dir='ltr' id='par_1_25' title="bbox 1984 1317 2496 1390">
     <span class='ocr_line' id='line_1_25' title="bbox 1984 1317 2496 1390; baseline 0 -18"><span class='ocrx_word' id='word_1_170' title='bbox 1984 1318 2109 1373; x_wconf 83' lang='lat' dir='ltr'><strong>ﬁeri</strong></span> <span class='ocrx_word' id='word_1_171' title='bbox 2140 1318 2446 1390; x_wconf 72' lang='lat' dir='ltr'><strong>incognite</strong></span> <span class='ocrx_word' id='word_1_172' title='bbox 2467 1317 2496 1372; x_wconf 80' lang='lat'><strong>?</strong></span> 
     </span>
    </p>
   </div>
   <div class='ocr_carea' id='block_1_26' title="bbox 2056 1424 3626 1498">
    <p class='ocr_par' dir='ltr' id='par_1_26' title="bbox 2056 1424 3626 1498">
     <span class='ocr_line' id='line_1_26' title="bbox 2056 1424 3626 1498; baseline 0.003 -18"><span class='ocrx_word' id='word_1_173' title='bbox 2056 1424 2332 1480; x_wconf 71' lang='lat' dir='ltr'><strong>Dallaaum</strong></span> <span class='ocrx_word' id='word_1_174' title='bbox 2397 1432 2587 1480; x_wconf 90' lang='lat' dir='ltr'><strong>tamen</strong></span> <span class='ocrx_word' id='word_1_175' title='bbox 2646 1425 2770 1481; x_wconf 72' lang='lat' dir='ltr'><strong>htrc</strong></span> <span class='ocrx_word' id='word_1_176' title='bbox 2820 1427 3108 1497; x_wconf 79' lang='lat' dir='ltr'><strong>paradoxa</strong></span> <span class='ocrx_word' id='word_1_177' title='bbox 3168 1437 3626 1498; x_wconf 79' lang='lat' dir='ltr'><strong>propugnantem</strong></span> 
     </span>
    </p>
   </div>
   <div class='ocr_carea' id='block_1_27' title="bbox 1985 1513 3630 1588">
    <p class='ocr_par' dir='ltr' id='par_1_27' title="bbox 1985 1513 3630 1588">
     <span class='ocr_line' id='line_1_27' title="bbox 1985 1513 3630 1588; baseline 0.002 -19"><span class='ocrx_word' id='word_1_178' title='bbox 1985 1529 2322 1585; x_wconf 82' lang='lat' dir='ltr'><strong>sequamur.</strong></span> <span class='ocrx_word' id='word_1_179' title='bbox 2386 1513 2668 1584; x_wconf 84' lang='lat' dir='ltr'><strong>Ignatius,</strong></span> <span class='ocrx_word' id='word_1_180' title='bbox 2702 1515 2894 1586; x_wconf 87' lang='lat' dir='ltr'><strong>inquit</strong></span> <span class='ocrx_word' id='word_1_181' title='bbox 2926 1515 3043 1580; x_wconf 90' lang='lat' dir='ltr'><strong>ille,</strong></span> <span class='ocrx_word' id='word_1_182' title='bbox 3078 1515 3171 1570; x_wconf 90' lang='lat' dir='ltr'><strong>his</strong></span> <span class='ocrx_word' id='word_1_183' title='bbox 3209 1516 3472 1586; x_wconf 83' lang='lat' dir='ltr'><strong>epistolis</strong></span> <span class='ocrx_word' id='word_1_184' title='bbox 3505 1518 3630 1588; x_wconf 88' lang='lat' dir='ltr'><strong>epi-</strong></span> 
     </span>
    </p>
   </div>
   <div class='ocr_carea' id='block_1_28' title="bbox 1984 1603 3630 1676">
    <p class='ocr_par' dir='ltr' id='par_1_28' title="bbox 1984 1603 3630 1676">
     <span class='ocr_line' id='line_1_28' title="bbox 1984 1603 3630 1676; baseline 0.002 -19"><span class='ocrx_word' id='word_1_185' title='bbox 1984 1619 2294 1674; x_wconf 91' lang='lat' dir='ltr'><strong>scoporum</strong></span> <span class='ocrx_word' id='word_1_186' title='bbox 2325 1619 2458 1657; x_wconf 90' lang='lat' dir='ltr'><strong>cum</strong></span> <span class='ocrx_word' id='word_1_187' title='bbox 2521 1603 2874 1674; x_wconf 87' lang='lat' dir='ltr'><strong>presbyteris</strong></span> <span class='ocrx_word' id='word_1_188' title='bbox 2926 1604 3168 1658; x_wconf 88' lang='lat' dir='ltr'><strong>damnat</strong></span> <span class='ocrx_word' id='word_1_189' title='bbox 3215 1604 3630 1676; x_wconf 80' lang='lat' dir='ltr'><strong>aequalitatem,</strong></span> 
     </span>
    </p>
   </div>
   <div class='ocr_carea' id='block_1_29' title="bbox 1985 1691 3624 1763">
    <p class='ocr_par' dir='ltr' id='par_1_29' title="bbox 1985 1691 3624 1763">
     <span class='ocr_line' id='line_1_29' title="bbox 1985 1691 3624 1763; baseline -0.001 -17"><span class='ocrx_word' id='word_1_190' title='bbox 1985 1708 2160 1763; x_wconf 81' lang='lat' dir='ltr'><strong>quam</strong></span> <span class='ocrx_word' id='word_1_191' title='bbox 2195 1693 2582 1762; x_wconf 81' lang='lat' dir='ltr'><strong>Hieronymus</strong></span> <span class='ocrx_word' id='word_1_192' title='bbox 2620 1715 2639 1739; x_wconf 80' lang='grc' dir='ltr'>ι</span> <span class='ocrx_word' id='word_1_193' title='bbox 2696 1691 2991 1746; x_wconf 78' lang='lat' dir='ltr'><strong>mordicus</strong></span> <span class='ocrx_word' id='word_1_194' title='bbox 3025 1692 3244 1762; x_wconf 90' lang='lat' dir='ltr'><strong>passim</strong></span> <span class='ocrx_word' id='word_1_195' title='bbox 3292 1693 3569 1751; x_wconf 81' lang='lat' dir='ltr'><strong>defendit.</strong></span> <span class='ocrx_word' id='word_1_196' title='bbox 3595 1717 3624 1745; x_wconf 86' lang='grc'><strong>››</strong></span> 
     </span>
    </p>
   </div>
   <div class='ocr_carea' id='block_1_30' title="bbox 1983 1780 3629 1851">
    <p class='ocr_par' dir='ltr' id='par_1_30' title="bbox 1983 1780 3629 1851">
     <span class='ocr_line' id='line_1_30' title="bbox 1983 1780 3629 1851; baseline 0.002 -17"><span class='ocrx_word' id='word_1_197' title='bbox 1983 1781 2061 1835; x_wconf 89' lang='lat' dir='ltr'><strong>Ex</strong></span> <span class='ocrx_word' id='word_1_198' title='bbox 2096 1798 2208 1847; x_wconf 82' lang='lat' dir='ltr'><strong>qua</strong></span> <span class='ocrx_word' id='word_1_199' title='bbox 2264 1781 2564 1850; x_wconf 88' lang='lat' dir='ltr'><strong>utriusque</strong></span> <span class='ocrx_word' id='word_1_200' title='bbox 2614 1780 3005 1851; x_wconf 84' lang='lat' dir='ltr'><strong>discrepantia</strong></span> <span class='ocrx_word' id='word_1_201' title='bbox 3060 1781 3158 1836; x_wconf 92' lang='lat' dir='ltr'><strong>ille</strong></span> <span class='ocrx_word' id='word_1_202' title='bbox 3205 1783 3400 1838; x_wconf 83' lang='lat' dir='ltr'><strong>statim</strong></span> <span class='ocrx_word' id='word_1_203' title='bbox 3455 1784 3629 1839; x_wconf 78' lang='lat' dir='ltr'><strong>infert</strong></span> 
     </span>
    </p>
   </div>
   <div class='ocr_carea' id='block_1_31' title="bbox 1985 1869 3626 1943">
    <p class='ocr_par' dir='ltr' id='par_1_31' title="bbox 1985 1869 3626 1943">
     <span class='ocr_line' id='line_1_31' title="bbox 1985 1869 3626 1943; baseline 0.002 -19"><span class='ocrx_word' id='word_1_204' title='bbox 1985 1871 2404 1943; x_wconf 82' lang='lat' dir='ltr'><strong>Hieronymum</strong></span> <span class='ocrx_word' id='word_1_205' title='bbox 2462 1870 2568 1924; x_wconf 88' lang='lat' dir='ltr'><strong>has</strong></span> <span class='ocrx_word' id='word_1_206' title='bbox 2629 1869 2908 1939; x_wconf 86' lang='lat' dir='ltr'><strong>epistolas</strong></span> <span class='ocrx_word' id='word_1_207' title='bbox 2968 1885 3082 1924; x_wconf 88' lang='lat' dir='ltr'><strong>non</strong></span> <span class='ocrx_word' id='word_1_208' title='bbox 3117 1870 3408 1938; x_wconf 81' lang='lat' dir='ltr'><strong>habuisse,</strong></span> <span class='ocrx_word' id='word_1_209' title='bbox 3447 1892 3475 1920; x_wconf 92' lang='grc'><strong>‹‹</strong></span> <span class='ocrx_word' id='word_1_210' title='bbox 3523 1889 3626 1941; x_wconf 86' lang='lat' dir='ltr'><strong>pro</strong></span> 
     </span>
    </p>
   </div>
   <div class='ocr_carea' id='block_1_32' title="bbox 225 1947 3620 2032">
    <p class='ocr_par' dir='ltr' id='par_1_32' title="bbox 225 1947 3620 2032">
     <span class='ocr_line' id='line_1_32' title="bbox 225 1947 3620 2032; baseline 0.003 -26"><span class='ocrx_word' id='word_1_211' title='bbox 225 1947 477 2002; x_wconf 75' lang='lat' dir='ltr'><strong>cerdotio</strong></span> <span class='ocrx_word' id='word_1_212' title='bbox 499 1947 680 2002; x_wconf 83' lang='lat' dir='ltr'><strong>simul</strong></span> <span class='ocrx_word' id='word_1_213' title='bbox 714 1953 770 2003; x_wconf 76' lang='lat' dir='ltr'><strong>et</strong></span> <span class='ocrx_word' id='word_1_214' title='bbox 789 1948 1060 2019; x_wconf 81' lang='lat' dir='ltr'><strong>martyrio</strong></span> <span class='ocrx_word' id='word_1_215' title='bbox 1082 1948 1389 2004; x_wconf 66' lang='lat' dir='ltr'><strong>decoratus</strong></span> <span class='ocrx_word' id='word_1_216' title='bbox 1409 1949 1540 2014; x_wconf 73' lang='grc' dir='ltr'><strong>Γυὶι,</strong></span> <span class='ocrx_word' id='word_1_217' title='bbox 1575 1950 1646 2003; x_wconf 73' lang='lat' dir='ltr'><strong>ad</strong></span> <span class='ocrx_word' id='word_1_218' title='bbox 1674 1965 1868 2004; x_wconf 67' lang='grc'><strong>88061⁵⁸</strong></span> <span class='ocrx_word' id='word_1_219' title='bbox 1901 1966 1950 2032; x_wconf 83' lang='grc' dir='ltr'><strong>Β</strong></span> <span class='ocrx_word' id='word_1_220' title='bbox 1981 1976 2111 2014; x_wconf 90' lang='lat' dir='ltr'><strong>vero</strong></span> <span class='ocrx_word' id='word_1_221' title='bbox 2137 1960 2244 2014; x_wconf 91' lang='lat' dir='ltr'><strong>viri</strong></span> <span class='ocrx_word' id='word_1_222' title='bbox 2277 1959 2576 2031; x_wconf 86' lang='lat' dir='ltr'><strong>apostolici</strong></span> <span class='ocrx_word' id='word_1_223' title='bbox 2609 1958 2749 2025; x_wconf 83' lang='lat' dir='ltr'><strong>fetu,</strong></span> <span class='ocrx_word' id='word_1_224' title='bbox 2786 1959 2871 2013; x_wconf 88' lang='lat' dir='ltr'><strong>vel</strong></span> <span class='ocrx_word' id='word_1_225' title='bbox 2905 1959 3158 2012; x_wconf 91' lang='lat' dir='ltr'><strong>nondum</strong></span> <span class='ocrx_word' id='word_1_226' title='bbox 3183 1958 3241 2012; x_wconf 88' lang='lat' dir='ltr'><strong>in</strong></span> <span class='ocrx_word' id='word_1_227' title='bbox 3265 1960 3336 2014; x_wconf 92' lang='lat' dir='ltr'><strong>iis</strong></span> <span class='ocrx_word' id='word_1_228' title='bbox 3368 1960 3480 2015; x_wconf 91' lang='lat' dir='ltr'><strong>ista</strong></span> <span class='ocrx_word' id='word_1_229' title='bbox 3503 1964 3620 2015; x_wconf 89' lang='lat' dir='ltr'><strong>tam</strong></span> 
     </span>
    </p>
   </div>
   <div class='ocr_carea' id='block_1_33' title="bbox 218 2037 1872 2108">
    <p class='ocr_par' dir='ltr' id='par_1_33' title="bbox 218 2037 1872 2108">
     <span class='ocr_line' id='line_1_33' title="bbox 218 2037 1872 2108; baseline 0.002 -17"><span class='ocrx_word' id='word_1_230' title='bbox 218 2039 409 2093; x_wconf 88' lang='lat' dir='ltr'><strong>dotem</strong></span> <span class='ocrx_word' id='word_1_231' title='bbox 434 2038 754 2108; x_wconf 86' lang='lat' dir='ltr'><strong>quemdam</strong></span> <span class='ocrx_word' id='word_1_232' title='bbox 796 2037 1082 2104; x_wconf 88' lang='lat' dir='ltr'><strong>scribens,</strong></span> <span class='ocrx_word' id='word_1_233' title='bbox 1112 2037 1341 2093; x_wconf 89' lang='lat' dir='ltr'><strong>dicebat</strong></span> <span class='ocrx_word' id='word_1_234' title='bbox 1365 2054 1378 2093; x_wconf 94' lang='lat'><strong>:</strong></span> <span class='ocrx_word' id='word_1_235' title='bbox 1399 2037 1599 2092; x_wconf 84' lang='lat' dir='ltr'><strong>«Nihil</strong></span> <span class='ocrx_word' id='word_1_236' title='bbox 1622 2040 1748 2094; x_wconf 92' lang='lat' dir='ltr'><strong>sine</strong></span> <span class='ocrx_word' id='word_1_237' title='bbox 1770 2043 1872 2094; x_wconf 90' lang='lat' dir='ltr'><strong>tua</strong></span> 
     </span>
    </p>
   </div>
   <div class='ocr_carea' id='block_1_34' title="bbox 1984 2047 3620 2118">
    <p class='ocr_par' dir='ltr' id='par_1_34' title="bbox 1984 2047 3620 2118">
     <span class='ocr_line' id='line_1_34' title="bbox 1984 2047 3620 2118; baseline 0.001 -16"><span class='ocrx_word' id='word_1_238' title='bbox 1984 2047 2169 2103; x_wconf 91' lang='lat' dir='ltr'><strong>multa</strong></span> <span class='ocrx_word' id='word_1_239' title='bbox 2200 2047 2541 2118; x_wconf 74' lang='lat' dir='ltr'><strong>fuisse,qute</strong></span> <span class='ocrx_word' id='word_1_240' title='bbox 2568 2048 2740 2102; x_wconf 85' lang='lat' dir='ltr'><strong>hodie</strong></span> <span class='ocrx_word' id='word_1_241' title='bbox 2763 2047 2833 2101; x_wconf 93' lang='lat' dir='ltr'><strong>de</strong></span> <span class='ocrx_word' id='word_1_242' title='bbox 2853 2047 3222 2117; x_wconf 88' lang='lat' dir='ltr'><strong>episcopatus</strong></span> <span class='ocrx_word' id='word_1_243' title='bbox 3253 2049 3620 2117; x_wconf 74' lang='lat' dir='ltr'><strong>necessitate,</strong></span> 
     </span>
    </p>
   </div>
   <div class='ocr_carea' id='block_1_35' title="bbox 212 2126 3619 2209">
    <p class='ocr_par' dir='ltr' id='par_1_35' title="bbox 212 2126 3619 2209">
     <span class='ocr_line' id='line_1_35' title="bbox 212 2126 3619 2209; baseline 0.003 -29"><span class='ocrx_word' id='word_1_244' title='bbox 212 2126 514 2182; x_wconf 83' lang='lat' dir='ltr'><strong>voluntate</strong></span> <span class='ocrx_word' id='word_1_245' title='bbox 563 2131 819 2198; x_wconf 82' lang='lat' dir='ltr'><strong>geratur,</strong></span> <span class='ocrx_word' id='word_1_246' title='bbox 856 2143 1046 2198; x_wconf 84' lang='lat' dir='ltr'><strong>neque</strong></span> <span class='ocrx_word' id='word_1_247' title='bbox 1102 2127 1239 2182; x_wconf 90' lang='lat' dir='ltr'><strong>item</strong></span> <span class='ocrx_word' id='word_1_248' title='bbox 1273 2127 1596 2197; x_wconf 86' lang='lat' dir='ltr'><strong>quidquam</strong></span> <span class='ocrx_word' id='word_1_249' title='bbox 1643 2127 1877 2198; x_wconf 81' lang='lat' dir='ltr'><strong>absque</strong></span> <span class='ocrx_word' id='word_1_250' title='bbox 1980 2147 2029 2193; x_wconf 89' lang='lat' dir='ltr'><strong>et</strong></span> <span class='ocrx_word' id='word_1_251' title='bbox 2061 2155 2177 2209; x_wconf 67' lang='lat' dir='ltr'><strong>prae</strong></span> <span class='ocrx_word' id='word_1_252' title='bbox 2227 2137 2632 2208; x_wconf 83' lang='lat' dir='ltr'><strong>presbyteratu</strong></span> <span class='ocrx_word' id='word_1_253' title='bbox 2666 2134 3007 2191; x_wconf 79' lang='lat' dir='ltr'><strong>excellentia</strong></span> <span class='ocrx_word' id='word_1_254' title='bbox 3031 2134 3298 2206; x_wconf 88' lang='lat' dir='ltr'><strong>legimus.</strong></span> <span class='ocrx_word' id='word_1_255' title='bbox 3333 2157 3360 2184; x_wconf 69' lang='grc' dir='ltr'><strong>ν»</strong></span> <span class='ocrx_word' id='word_1_256' title='bbox 3404 2135 3619 2191; x_wconf 90' lang='lat' dir='ltr'><strong>Verum</strong></span> 
     </span>
    </p>
   </div>
   <div class='ocr_carea' id='block_1_36' title="bbox 211 2215 1868 2282">
    <p class='ocr_par' dir='ltr' id='par_1_36' title="bbox 211 2215 1868 2282">
     <span class='ocr_line' id='line_1_36' title="bbox 211 2215 1868 2282; baseline 0.001 -11"><span class='ocrx_word' id='word_1_257' title='bbox 211 2216 307 2271; x_wconf 89' lang='lat' dir='ltr'><strong>Dei</strong></span> <span class='ocrx_word' id='word_1_258' title='bbox 370 2216 557 2272; x_wconf 85' lang='lat' dir='ltr'><strong>facias</strong></span> <span class='ocrx_word' id='word_1_259' title='bbox 613 2215 932 2271; x_wconf 85' lang='lat' dir='ltr'><strong>voluntate.</strong></span> <span class='ocrx_word' id='word_1_260' title='bbox 977 2238 1006 2266; x_wconf 85' lang='lat'><strong>»</strong></span> <span class='ocrx_word' id='word_1_261' title='bbox 1065 2215 1188 2270; x_wconf 87' lang='lat' dir='ltr'><strong>Non</strong></span> <span class='ocrx_word' id='word_1_262' title='bbox 1243 2217 1567 2271; x_wconf 80' lang='lat' dir='ltr'><strong>difﬁtemur</strong></span> <span class='ocrx_word' id='word_1_263' title='bbox 1622 2231 1868 2282; x_wconf 71' lang='lat' dir='ltr'><strong>negasse</strong></span> 
     </span>
    </p>
   </div>
   <div class='ocr_carea' id='block_1_37' title="bbox 213 2305 1872 2376">
    <p class='ocr_par' dir='ltr' id='par_1_37' title="bbox 213 2305 1872 2376">
     <span class='ocr_line' id='line_1_37' title="bbox 213 2305 1872 2376; baseline 0 -15"><span class='ocrx_word' id='word_1_264' title='bbox 213 2306 534 2362; x_wconf 89' lang='lat' dir='ltr'><strong>nonnullos</strong></span> <span class='ocrx_word' id='word_1_265' title='bbox 593 2305 744 2361; x_wconf 91' lang='lat' dir='ltr'><strong>hanc</strong></span> <span class='ocrx_word' id='word_1_266' title='bbox 803 2306 1122 2361; x_wconf 91' lang='lat' dir='ltr'><strong>orationem</strong></span> <span class='ocrx_word' id='word_1_267' title='bbox 1183 2305 1421 2360; x_wconf 75' lang='lat' dir='ltr'><strong>fuisses</strong></span> <span class='ocrx_word' id='word_1_268' title='bbox 1461 2305 1872 2376; x_wconf 85' lang='lat' dir='ltr'><strong>Chrysostomo</strong></span> 
     </span>
    </p>
   </div>
   <div class='ocr_carea' id='block_1_38' title="bbox 212 2395 1872 2465">
    <p class='ocr_par' dir='ltr' id='par_1_38' title="bbox 212 2395 1872 2465">
     <span class='ocr_line' id='line_1_38' title="bbox 212 2395 1872 2465; baseline -0.001 -14"><span class='ocrx_word' id='word_1_269' title='bbox 212 2399 552 2465; x_wconf 85' lang='lat' dir='ltr'><strong>profectam.</strong></span> <span class='ocrx_word' id='word_1_270' title='bbox 614 2395 829 2450; x_wconf 89' lang='lat' dir='ltr'><strong>Verum</strong></span> <span class='ocrx_word' id='word_1_271' title='bbox 892 2395 1014 2450; x_wconf 76' lang='lat' dir='ltr'><strong>haec</strong></span> <span class='ocrx_word' id='word_1_272' title='bbox 1068 2395 1155 2450; x_wconf 92' lang='lat' dir='ltr'><strong>illi</strong></span> <span class='ocrx_word' id='word_1_273' title='bbox 1211 2395 1496 2449; x_wconf 89' lang='lat' dir='ltr'><strong>tribuitur</strong></span> <span class='ocrx_word' id='word_1_274' title='bbox 1551 2411 1583 2448; x_wconf 89' lang='lat' dir='ltr'><strong>a</strong></span> <span class='ocrx_word' id='word_1_275' title='bbox 1644 2395 1872 2462; x_wconf 88' lang='lat' dir='ltr'><strong>Photio,</strong></span> 
     </span>
    </p>
   </div>
   <div class='ocr_carea' id='block_1_39' title="bbox 210 2483 1868 2556">
    <p class='ocr_par' dir='ltr' id='par_1_39' title="bbox 210 2483 1868 2556">
     <span class='ocr_line' id='line_1_39' title="bbox 210 2483 1868 2556; baseline -0.002 -14"><span class='ocrx_word' id='word_1_276' title='bbox 210 2487 468 2542; x_wconf 81' lang='lat' dir='ltr'><strong>Adriano</strong></span> <span class='ocrx_word' id='word_1_277' title='bbox 502 2485 688 2556; x_wconf 88' lang='lat' dir='ltr'><strong>primo</strong></span> <span class='ocrx_word' id='word_1_278' title='bbox 719 2500 946 2539; x_wconf 89' lang='lat' dir='ltr'><strong>summo</strong></span> <span class='ocrx_word' id='word_1_279' title='bbox 973 2484 1266 2554; x_wconf 83' lang='lat' dir='ltr'><strong>pontifice,</strong></span> <span class='ocrx_word' id='word_1_280' title='bbox 1303 2483 1620 2555; x_wconf 88' lang='lat' dir='ltr'><strong>Epiphanio</strong></span> <span class='ocrx_word' id='word_1_281' title='bbox 1671 2485 1868 2538; x_wconf 81' lang='lat' dir='ltr'><strong>diaco-</strong></span> 
     </span>
    </p>
   </div>
   <div class='ocr_carea' id='block_1_40' title="bbox 213 2572 1866 2647">
    <p class='ocr_par' dir='ltr' id='par_1_40' title="bbox 213 2572 1866 2647">
     <span class='ocr_line' id='line_1_40' title="bbox 213 2572 1866 2647; baseline -0.001 -18"><span class='ocrx_word' id='word_1_282' title='bbox 213 2592 309 2641; x_wconf 89' lang='lat' dir='ltr'><strong>no,</strong></span> <span class='ocrx_word' id='word_1_283' title='bbox 332 2580 390 2628; x_wconf 86' lang='lat' dir='ltr'><strong>et</strong></span> <span class='ocrx_word' id='word_1_284' title='bbox 432 2574 694 2629; x_wconf 88' lang='lat' dir='ltr'><strong>secundo</strong></span> <span class='ocrx_word' id='word_1_285' title='bbox 725 2573 970 2628; x_wconf 91' lang='lat' dir='ltr'><strong>concilio</strong></span> <span class='ocrx_word' id='word_1_286' title='bbox 1003 2572 1272 2640; x_wconf 71' lang='lat' dir='ltr'><strong>Nicaeae;</strong></span> <span class='ocrx_word' id='word_1_287' title='bbox 1309 2588 1374 2627; x_wconf 91' lang='lat' dir='ltr'><strong>ac</strong></span> <span class='ocrx_word' id='word_1_288' title='bbox 1404 2578 1680 2644; x_wconf 67' lang='lat' dir='ltr'><strong>praeterea</strong></span> <span class='ocrx_word' id='word_1_289' title='bbox 1718 2573 1866 2647; x_wconf 87' lang='lat' dir='ltr'><strong>Chy-</strong></span> 
     </span>
    </p>
   </div>
   <div class='ocr_carea' id='block_1_41' title="bbox 212 2661 1867 2734">
    <p class='ocr_par' dir='ltr' id='par_1_41' title="bbox 212 2661 1867 2734">
     <span class='ocr_line' id='line_1_41' title="bbox 212 2661 1867 2734; baseline 0.001 -16"><span class='ocrx_word' id='word_1_290' title='bbox 212 2663 464 2719; x_wconf 87' lang='lat' dir='ltr'><strong>sostomi</strong></span> <span class='ocrx_word' id='word_1_291' title='bbox 499 2661 689 2734; x_wconf 86' lang='lat' dir='ltr'><strong>stylus</strong></span> <span class='ocrx_word' id='word_1_292' title='bbox 719 2661 776 2716; x_wconf 88' lang='lat' dir='ltr'><strong>in</strong></span> <span class='ocrx_word' id='word_1_293' title='bbox 811 2677 878 2716; x_wconf 90' lang='lat' dir='ltr'><strong>ea</strong></span> <span class='ocrx_word' id='word_1_294' title='bbox 910 2661 1089 2717; x_wconf 88' lang='lat' dir='ltr'><strong>micat</strong></span> <span class='ocrx_word' id='word_1_295' title='bbox 1133 2667 1192 2715; x_wconf 82' lang='lat' dir='ltr'><strong>et</strong></span> <span class='ocrx_word' id='word_1_296' title='bbox 1212 2661 1572 2732; x_wconf 82' lang='lat' dir='ltr'><strong>agnoscitur.</strong></span> <span class='ocrx_word' id='word_1_297' title='bbox 1606 2661 1867 2734; x_wconf 89' lang='lat' dir='ltr'><strong>Denique</strong></span> 
     </span>
    </p>
   </div>
   <div class='ocr_carea' id='block_1_42' title="bbox 211 2749 1864 2823">
    <p class='ocr_par' dir='ltr' id='par_1_42' title="bbox 211 2749 1864 2823">
     <span class='ocr_line' id='line_1_42' title="bbox 211 2749 1864 2823; baseline 0 -17"><span class='ocrx_word' id='word_1_298' title='bbox 211 2753 266 2806; x_wconf 89' lang='lat' dir='ltr'><strong>id</strong></span> <span class='ocrx_word' id='word_1_299' title='bbox 301 2753 523 2807; x_wconf 89' lang='lat' dir='ltr'><strong>certius</strong></span> <span class='ocrx_word' id='word_1_300' title='bbox 555 2751 735 2805; x_wconf 86' lang='lat' dir='ltr'><strong>asseri</strong></span> <span class='ocrx_word' id='word_1_301' title='bbox 769 2756 974 2822; x_wconf 86' lang='lat' dir='ltr'><strong>potest,</strong></span> <span class='ocrx_word' id='word_1_302' title='bbox 1016 2766 1085 2804; x_wconf 86' lang='lat' dir='ltr'><strong>ex</strong></span> <span class='ocrx_word' id='word_1_303' title='bbox 1115 2766 1227 2820; x_wconf 92' lang='lat' dir='ltr'><strong>quo</strong></span> <span class='ocrx_word' id='word_1_304' title='bbox 1272 2749 1390 2805; x_wconf 68' lang='lat' dir='ltr'><strong>hinc</strong></span> <span class='ocrx_word' id='word_1_305' title='bbox 1420 2750 1605 2805; x_wconf 87' lang='lat' dir='ltr'><strong>oratio</strong></span> <span class='ocrx_word' id='word_1_306' title='bbox 1639 2751 1864 2823; x_wconf 86' lang='lat' dir='ltr'><strong>absque</strong></span> 
     </span>
    </p>
   </div>
   <div class='ocr_carea' id='block_1_43' title="bbox 210 2837 1864 2910">
    <p class='ocr_par' dir='ltr' id='par_1_43' title="bbox 210 2837 1864 2910">
     <span class='ocr_line' id='line_1_43' title="bbox 210 2837 1864 2910; baseline -0.001 -14"><span class='ocrx_word' id='word_1_307' title='bbox 210 2841 440 2896; x_wconf 82' lang='lat' dir='ltr'><strong>lacunis</strong></span> <span class='ocrx_word' id='word_1_308' title='bbox 463 2844 520 2894; x_wconf 90' lang='lat' dir='ltr'><strong>et</strong></span> <span class='ocrx_word' id='word_1_309' title='bbox 542 2839 802 2894; x_wconf 86' lang='lat' dir='ltr'><strong>hiatibus</strong></span> <span class='ocrx_word' id='word_1_310' title='bbox 829 2840 884 2894; x_wconf 91' lang='lat' dir='ltr'><strong>in</strong></span> <span class='ocrx_word' id='word_1_311' title='bbox 922 2839 1119 2894; x_wconf 89' lang='lat' dir='ltr'><strong>Savilii</strong></span> <span class='ocrx_word' id='word_1_312' title='bbox 1166 2838 1422 2894; x_wconf 89' lang='lat' dir='ltr'><strong>editione</strong></span> <span class='ocrx_word' id='word_1_313' title='bbox 1443 2837 1666 2909; x_wconf 84' lang='lat' dir='ltr'><strong>integra</strong></span> <span class='ocrx_word' id='word_1_314' title='bbox 1697 2840 1864 2910; x_wconf 83' lang='lat' dir='ltr'><strong>prod-</strong></span> 
     </span>
    </p>
   </div>
   <div class='ocr_carea' id='block_1_44' title="bbox 208 2929 605 2985">
    <p class='ocr_par' dir='ltr' id='par_1_44' title="bbox 208 2929 605 2985">
     <span class='ocr_line' id='line_1_44' title="bbox 208 2929 605 2985; baseline 0 -1"><span class='ocrx_word' id='word_1_315' title='bbox 208 2931 276 2984; x_wconf 89' lang='lat' dir='ltr'><strong>iit</strong></span> <span class='ocrx_word' id='word_1_316' title='bbox 293 2930 355 2984; x_wconf 91' lang='lat' dir='ltr'><strong>in</strong></span> <span class='ocrx_word' id='word_1_317' title='bbox 387 2929 605 2985; x_wconf 89' lang='lat' dir='ltr'><strong>lucem.</strong></span> 
     </span>
    </p>
   </div>
   <div class='ocr_carea' id='block_1_45' title="bbox 210 3055 1859 3136">
    <p class='ocr_par' dir='ltr' id='par_1_45' title="bbox 210 3055 1859 3136">
     <span class='ocr_line' id='line_1_45' title="bbox 210 3055 1859 3136; baseline 0.003 -27"><span class='ocrx_word' id='word_1_318' title='bbox 210 3057 242 3124; x_wconf 85' lang='lat'>§</span> <span class='ocrx_word' id='word_1_319' title='bbox 279 3055 368 3110; x_wconf 81' lang='lat' dir='ltr'><strong>IV.</strong></span> <span class='ocrx_word' id='word_1_320' title='bbox 399 3060 675 3127; x_wconf 79' lang='lat' dir='ltr'><strong>Quartum</strong></span> <span class='ocrx_word' id='word_1_321' title='bbox 717 3063 1102 3136; x_wconf 66' lang='lat' dir='ltr'><strong>argumentum</strong></span> <span class='ocrx_word' id='word_1_322' title='bbox 1129 3069 1198 3110; x_wconf 78' lang='lat' dir='ltr'><strong>ex</strong></span> <span class='ocrx_word' id='word_1_323' title='bbox 1247 3055 1572 3128; x_wconf 77' lang='lat' dir='ltr'><strong>Hieronymi</strong></span> <span class='ocrx_word' id='word_1_324' title='bbox 1617 3056 1859 3114; x_wconf 79' lang='lat' dir='ltr'><strong>testimo-</strong></span> 
     </span>
    </p>
   </div>
   <div class='ocr_carea' id='block_1_46' title="bbox 839 3129 1224 3198">
    <p class='ocr_par' dir='ltr' id='par_1_46' title="bbox 839 3129 1224 3198">
     <span class='ocr_line' id='line_1_46' title="bbox 839 3129 1224 3198; baseline -0.003 -16"><span class='ocrx_word' id='word_1_325' title='bbox 839 3129 934 3183; x_wconf 83' lang='lat' dir='ltr'><strong>nio</strong></span> <span class='ocrx_word' id='word_1_326' title='bbox 970 3129 1224 3198; x_wconf 75' lang='lat' dir='ltr'><strong>petitum.</strong></span> 
     </span>
    </p>
   </div>
   <div class='ocr_carea' id='block_1_47' title="bbox 273 3252 1849 3328">
    <p class='ocr_par' dir='ltr' id='par_1_47' title="bbox 273 3252 1849 3328">
     <span class='ocr_line' id='line_1_47' title="bbox 273 3252 1849 3328; baseline 0.003 -18"><span class='ocrx_word' id='word_1_327' title='bbox 273 3253 354 3310; x_wconf 87' lang='lat' dir='ltr'><strong>De</strong></span> <span class='ocrx_word' id='word_1_328' title='bbox 385 3253 714 3326; x_wconf 82' lang='lat' dir='ltr'><strong>Hieronymi</strong></span> <span class='ocrx_word' id='word_1_329' title='bbox 732 3252 1130 3310; x_wconf 89' lang='lat' dir='ltr'><strong>circaeasdem</strong></span> <span class='ocrx_word' id='word_1_330' title='bbox 1166 3253 1375 3325; x_wconf 86' lang='lat' dir='ltr'><strong>lgnatii</strong></span> <span class='ocrx_word' id='word_1_331' title='bbox 1412 3255 1598 3311; x_wconf 87' lang='lat' dir='ltr'><strong>nostri</strong></span> <span class='ocrx_word' id='word_1_332' title='bbox 1629 3256 1849 3328; x_wconf 84' lang='lat' dir='ltr'><strong>episto-</strong></span> 
     </span>
    </p>
   </div>
   <div class='ocr_carea' id='block_1_48' title="bbox 208 3341 1853 3409">
    <p class='ocr_par' dir='ltr' id='par_1_48' title="bbox 208 3341 1853 3409">
     <span class='ocr_line' id='line_1_48' title="bbox 208 3341 1853 3409; baseline 0.002 -9"><span class='ocrx_word' id='word_1_333' title='bbox 208 3343 295 3400; x_wconf 86' lang='lat' dir='ltr'><strong>las</strong></span> <span class='ocrx_word' id='word_1_334' title='bbox 316 3343 611 3399; x_wconf 86' lang='lat' dir='ltr'><strong>sententia</strong></span> <span class='ocrx_word' id='word_1_335' title='bbox 631 3360 737 3399; x_wconf 91' lang='lat' dir='ltr'><strong>cur</strong></span> <span class='ocrx_word' id='word_1_336' title='bbox 765 3342 926 3398; x_wconf 86' lang='lat' dir='ltr'><strong>litem</strong></span> <span class='ocrx_word' id='word_1_337' title='bbox 951 3347 1180 3398; x_wconf 86' lang='lat' dir='ltr'><strong>moveat</strong></span> <span class='ocrx_word' id='word_1_338' title='bbox 1196 3341 1465 3409; x_wconf 74' lang='lat' dir='ltr'><strong>Dallaaus,</strong></span> <span class='ocrx_word' id='word_1_339' title='bbox 1485 3344 1627 3400; x_wconf 82' lang='lat' dir='ltr'><strong>satis</strong></span> <span class='ocrx_word' id='word_1_340' title='bbox 1653 3347 1853 3404; x_wconf 89' lang='lat' dir='ltr'><strong>mirari</strong></span> 
     </span>
    </p>
   </div>
   <div class='ocr_carea' id='block_1_49' title="bbox 207 3430 1861 3505">
    <p class='ocr_par' dir='ltr' id='par_1_49' title="bbox 207 3430 1861 3505">
     <span class='ocr_line' id='line_1_49' title="bbox 207 3430 1861 3505; baseline 0.001 -15"><span class='ocrx_word' id='word_1_341' title='bbox 207 3450 321 3490; x_wconf 91' lang='lat' dir='ltr'><strong>non</strong></span> <span class='ocrx_word' id='word_1_342' title='bbox 356 3431 870 3505; x_wconf 86' lang='lat' dir='ltr'><strong>possumus.0uid</strong></span> <span class='ocrx_word' id='word_1_343' title='bbox 905 3430 1058 3487; x_wconf 91' lang='lat' dir='ltr'><strong>enim</strong></span> <span class='ocrx_word' id='word_1_344' title='bbox 1093 3432 1163 3486; x_wconf 95' lang='lat' dir='ltr'><strong>de</strong></span> <span class='ocrx_word' id='word_1_345' title='bbox 1186 3430 1258 3487; x_wconf 91' lang='lat' dir='ltr'><strong>iis</strong></span> <span class='ocrx_word' id='word_1_346' title='bbox 1290 3431 1376 3487; x_wconf 85' lang='lat' dir='ltr'><strong>vir</strong></span> <span class='ocrx_word' id='word_1_347' title='bbox 1403 3432 1499 3489; x_wconf 88' lang='lat' dir='ltr'><strong>ille</strong></span> <span class='ocrx_word' id='word_1_348' title='bbox 1527 3435 1861 3493; x_wconf 85' lang='lat' dir='ltr'><strong>eruditissi-</strong></span> 
     </span>
    </p>
   </div>
   <div class='ocr_carea' id='block_1_50' title="bbox 203 3519 1857 3592">
    <p class='ocr_par' dir='ltr' id='par_1_50' title="bbox 203 3519 1857 3592">
     <span class='ocr_line' id='line_1_50' title="bbox 203 3519 1857 3592; baseline 0.004 -14"><span class='ocrx_word' id='word_1_349' title='bbox 203 3539 336 3578; x_wconf 89' lang='lat' dir='ltr'><strong>mus</strong></span> <span class='ocrx_word' id='word_1_350' title='bbox 366 3521 643 3589; x_wconf 88' lang='lat' dir='ltr'><strong>senserit,</strong></span> <span class='ocrx_word' id='word_1_351' title='bbox 678 3527 793 3576; x_wconf 88' lang='lat' dir='ltr'><strong>tam</strong></span> <span class='ocrx_word' id='word_1_352' title='bbox 826 3526 1023 3592; x_wconf 86' lang='lat' dir='ltr'><strong>aperte</strong></span> <span class='ocrx_word' id='word_1_353' title='bbox 1046 3519 1318 3588; x_wconf 88' lang='lat' dir='ltr'><strong>declarat,</strong></span> <span class='ocrx_word' id='word_1_354' title='bbox 1355 3526 1420 3577; x_wconf 91' lang='lat' dir='ltr'><strong>ut</strong></span> <span class='ocrx_word' id='word_1_355' title='bbox 1452 3521 1600 3579; x_wconf 90' lang='lat' dir='ltr'><strong>nihil</strong></span> <span class='ocrx_word' id='word_1_356' title='bbox 1637 3524 1857 3584; x_wconf 88' lang='lat' dir='ltr'><strong>clarius</strong></span> 
     </span>
    </p>
   </div>
   <div class='ocr_carea' id='block_1_51' title="bbox 205 3608 1857 3688">
    <p class='ocr_par' dir='ltr' id='par_1_51' title="bbox 205 3608 1857 3688">
     <span class='ocr_line' id='line_1_51' title="bbox 205 3608 1857 3688; baseline 0.002 -22"><span class='ocrx_word' id='word_1_357' title='bbox 205 3611 528 3668; x_wconf 86' lang='lat' dir='ltr'><strong>desiderari</strong></span> <span class='ocrx_word' id='word_1_358' title='bbox 551 3627 723 3682; x_wconf 89' lang='lat' dir='ltr'><strong>posse</strong></span> <span class='ocrx_word' id='word_1_359' title='bbox 754 3608 1002 3665; x_wconf 76' lang='lat' dir='ltr'><strong>Dallaeus</strong></span> <span class='ocrx_word' id='word_1_360' title='bbox 1033 3612 1158 3681; x_wconf 88' lang='lat' dir='ltr'><strong>ipse</strong></span> <span class='ocrx_word' id='word_1_361' title='bbox 1191 3609 1478 3666; x_wconf 87' lang='lat' dir='ltr'><strong>fateatur:</strong></span> <span class='ocrx_word' id='word_1_362' title='bbox 1512 3634 1541 3664; x_wconf 85' lang='lat'>«</span> <span class='ocrx_word' id='word_1_363' title='bbox 1576 3612 1857 3688; x_wconf 88' lang='lat' dir='ltr'><strong>Hierony-</strong></span> 
     </span>
    </p>
   </div>
   <div class='ocr_carea' id='block_1_52' title="bbox 212 3699 1860 3772">
    <p class='ocr_par' dir='ltr' id='par_1_52' title="bbox 212 3699 1860 3772">
     <span class='ocr_line' id='line_1_52' title="bbox 212 3699 1860 3772; baseline 0.004 -15"><span class='ocrx_word' id='word_1_364' title='bbox 212 3700 652 3772; x_wconf 75' lang='lat' dir='ltr'><strong>mus,inquit‘,</strong></span> <span class='ocrx_word' id='word_1_365' title='bbox 683 3699 782 3771; x_wconf 92' lang='lat' dir='ltr'><strong>qui</strong></span> <span class='ocrx_word' id='word_1_366' title='bbox 813 3704 1102 3756; x_wconf 90' lang='lat' dir='ltr'><strong>errantem</strong></span> <span class='ocrx_word' id='word_1_367' title='bbox 1152 3699 1464 3756; x_wconf 85' lang='lat' dir='ltr'><strong>Eusebium</strong></span> <span class='ocrx_word' id='word_1_368' title='bbox 1516 3719 1630 3760; x_wconf 91' lang='lat' dir='ltr'><strong>non</strong></span> <span class='ocrx_word' id='word_1_369' title='bbox 1679 3707 1860 3763; x_wconf 87' lang='lat' dir='ltr'><strong>semel</strong></span> 
     </span>
    </p>
   </div>
   <div class='ocr_carea' id='block_1_53' title="bbox 209 3788 1859 3864">
    <p class='ocr_par' dir='ltr' id='par_1_53' title="bbox 209 3788 1859 3864">
     <span class='ocr_line' id='line_1_53' title="bbox 209 3788 1859 3864; baseline 0.003 -17"><span class='ocrx_word' id='word_1_370' title='bbox 209 3795 450 3847; x_wconf 83' lang='lat' dir='ltr'><strong>secutus</strong></span> <span class='ocrx_word' id='word_1_371' title='bbox 481 3792 592 3858; x_wconf 89' lang='lat' dir='ltr'><strong>est,</strong></span> <span class='ocrx_word' id='word_1_372' title='bbox 619 3788 822 3845; x_wconf 85' lang='lat' dir='ltr'><strong>eadem</strong></span> <span class='ocrx_word' id='word_1_373' title='bbox 872 3804 1100 3860; x_wconf 89' lang='lat' dir='ltr'><strong>quoque</strong></span> <span class='ocrx_word' id='word_1_374' title='bbox 1148 3788 1219 3845; x_wconf 91' lang='lat' dir='ltr'><strong>de</strong></span> <span class='ocrx_word' id='word_1_375' title='bbox 1251 3788 1476 3862; x_wconf 89' lang='lat' dir='ltr'><strong>Ignatio</strong></span> <span class='ocrx_word' id='word_1_376' title='bbox 1505 3797 1564 3847; x_wconf 93' lang='lat' dir='ltr'><strong>et</strong></span> <span class='ocrx_word' id='word_1_377' title='bbox 1593 3793 1859 3864; x_wconf 87' lang='lat' dir='ltr'><strong>epistolis</strong></span> 
     </span>
    </p>
   </div>
   <div class='ocr_carea' id='block_1_54' title="bbox 203 3877 1858 3954">
    <p class='ocr_par' dir='ltr' id='par_1_54' title="bbox 203 3877 1858 3954">
     <span class='ocr_line' id='line_1_54' title="bbox 203 3877 1858 3954; baseline 0.002 -18"><span class='ocrx_word' id='word_1_378' title='bbox 203 3882 333 3952; x_wconf 87' lang='lat' dir='ltr'><strong>ejus</strong></span> <span class='ocrx_word' id='word_1_379' title='bbox 367 3879 537 3935; x_wconf 81' lang='lat' dir='ltr'><strong>dixit.</strong></span> <span class='ocrx_word' id='word_1_380' title='bbox 575 3899 597 3928; x_wconf 75' lang='grc' dir='ltr'><strong><em>ι</em></strong></span> <span class='ocrx_word' id='word_1_381' title='bbox 642 3883 709 3933; x_wconf 81' lang='lat' dir='ltr'><strong>Et</strong></span> <span class='ocrx_word' id='word_1_382' title='bbox 743 3877 916 3950; x_wconf 90' lang='lat' dir='ltr'><strong>paulo</strong></span> <span class='ocrx_word' id='word_1_383' title='bbox 948 3881 1110 3950; x_wconf 88' lang='lat' dir='ltr'><strong>post:</strong></span> <span class='ocrx_word' id='word_1_384' title='bbox 1146 3900 1175 3928; x_wconf 80' lang='grc' dir='ltr'><strong><em>α</em></strong></span> <span class='ocrx_word' id='word_1_385' title='bbox 1211 3878 1442 3934; x_wconf 80' lang='lat' dir='ltr'><strong>Eusebii</strong></span> <span class='ocrx_word' id='word_1_386' title='bbox 1470 3884 1858 3954; x_wconf 84' lang='lat' dir='ltr'><strong>omnesjudi-</strong></span> 
     </span>
    </p>
   </div>
   <div class='ocr_carea' id='block_1_55' title="bbox 202 3969 1860 4040">
    <p class='ocr_par' dir='ltr' id='par_1_55' title="bbox 202 3969 1860 4040">
     <span class='ocr_line' id='line_1_55' title="bbox 202 3969 1860 4040; baseline -0.002 -14"><span class='ocrx_word' id='word_1_387' title='bbox 202 3971 385 4039; x_wconf 87' lang='lat' dir='ltr'><strong>cium,</strong></span> <span class='ocrx_word' id='word_1_388' title='bbox 424 3969 808 4040; x_wconf 86' lang='lat' dir='ltr'><strong>Hieronymus</strong></span> <span class='ocrx_word' id='word_1_389' title='bbox 831 3969 1002 4022; x_wconf 90' lang='lat' dir='ltr'><strong>etiam</strong></span> <span class='ocrx_word' id='word_1_390' title='bbox 1038 3970 1212 4022; x_wconf 78' lang='lat' dir='ltr'><strong>verba</strong></span> <span class='ocrx_word' id='word_1_391' title='bbox 1243 3973 1483 4026; x_wconf 88' lang='lat' dir='ltr'><strong>secutus</strong></span> <span class='ocrx_word' id='word_1_392' title='bbox 1510 3978 1616 4026; x_wconf 90' lang='lat' dir='ltr'><strong>est.</strong></span> <span class='ocrx_word' id='word_1_393' title='bbox 1652 3995 1679 4023; x_wconf 85' lang='grc'><strong>››</strong></span> <span class='ocrx_word' id='word_1_394' title='bbox 1708 3977 1860 4032; x_wconf 67' lang='lat' dir='ltr'><strong>Loca</strong></span> 
     </span>
    </p>
   </div>
   <div class='ocr_carea' id='block_1_56' title="bbox 202 4056 1856 4132">
    <p class='ocr_par' dir='ltr' id='par_1_56' title="bbox 202 4056 1856 4132">
     <span class='ocr_line' id='line_1_56' title="bbox 202 4056 1856 4132; baseline 0.003 -16"><span class='ocrx_word' id='word_1_395' title='bbox 202 4067 396 4117; x_wconf 86' lang='lat' dir='ltr'><strong>autem</strong></span> <span class='ocrx_word' id='word_1_396' title='bbox 421 4059 776 4129; x_wconf 89' lang='lat' dir='ltr'><strong>scriptorum</strong></span> <span class='ocrx_word' id='word_1_397' title='bbox 800 4056 1158 4129; x_wconf 80' lang='lat' dir='ltr'><strong>Hieronymi,</strong></span> <span class='ocrx_word' id='word_1_398' title='bbox 1194 4057 1290 4112; x_wconf 92' lang='lat' dir='ltr'><strong>ubi</strong></span> <span class='ocrx_word' id='word_1_399' title='bbox 1317 4057 1856 4132; x_wconf 88' lang='lat' dir='ltr'><strong>Eusebiijudicium</strong></span> 
     </span>
    </p>
   </div>
   <div class='ocr_carea' id='block_1_57' title="bbox 200 4146 1858 4216">
    <p class='ocr_par' dir='ltr' id='par_1_57' title="bbox 200 4146 1858 4216">
     <span class='ocr_line' id='line_1_57' title="bbox 200 4146 1858 4216; baseline 0.002 -11"><span class='ocrx_word' id='word_1_400' title='bbox 200 4159 250 4205; x_wconf 89' lang='lat' dir='ltr'><strong>et</strong></span> <span class='ocrx_word' id='word_1_401' title='bbox 279 4150 484 4214; x_wconf 88' lang='lat' dir='ltr'><strong>verba,</strong></span> <span class='ocrx_word' id='word_1_402' title='bbox 535 4152 685 4202; x_wconf 85' lang='lat' dir='ltr'><strong>teste</strong></span> <span class='ocrx_word' id='word_1_403' title='bbox 716 4146 951 4213; x_wconf 73' lang='lat' dir='ltr'><strong>Dallaeo,</strong></span> <span class='ocrx_word' id='word_1_404' title='bbox 997 4150 1236 4201; x_wconf 87' lang='lat' dir='ltr'><strong>secutus</strong></span> <span class='ocrx_word' id='word_1_405' title='bbox 1267 4151 1375 4216; x_wconf 90' lang='lat' dir='ltr'><strong>est,</strong></span> <span class='ocrx_word' id='word_1_406' title='bbox 1400 4146 1495 4204; x_wconf 94' lang='lat' dir='ltr'><strong>hic</strong></span> <span class='ocrx_word' id='word_1_407' title='bbox 1527 4150 1858 4210; x_wconf 90' lang='lat' dir='ltr'><strong>describere</strong></span> 
     </span>
    </p>
   </div>
   <div class='ocr_carea' id='block_1_58' title="bbox 200 4234 1856 4311">
    <p class='ocr_par' dir='ltr' id='par_1_58' title="bbox 200 4234 1856 4311">
     <span class='ocr_line' id='line_1_58' title="bbox 200 4234 1856 4311; baseline 0.003 -16"><span class='ocrx_word' id='word_1_408' title='bbox 200 4256 311 4295; x_wconf 92' lang='lat' dir='ltr'><strong>non</strong></span> <span class='ocrx_word' id='word_1_409' title='bbox 346 4244 440 4294; x_wconf 86' lang='lat' dir='ltr'><strong>est</strong></span> <span class='ocrx_word' id='word_1_410' title='bbox 499 4251 758 4303; x_wconf 86' lang='lat' dir='ltr'><strong>necesse,</strong></span> <span class='ocrx_word' id='word_1_411' title='bbox 794 4239 916 4290; x_wconf 89' lang='lat' dir='ltr'><strong>tum</strong></span> <span class='ocrx_word' id='word_1_412' title='bbox 961 4235 1102 4306; x_wconf 90' lang='lat' dir='ltr'><strong>quia</strong></span> <span class='ocrx_word' id='word_1_413' title='bbox 1160 4234 1475 4307; x_wconf 87' lang='lat' dir='ltr'><strong>prolixiora</strong></span> <span class='ocrx_word' id='word_1_414' title='bbox 1526 4244 1686 4311; x_wconf 87' lang='lat' dir='ltr'><strong>sunt,</strong></span> <span class='ocrx_word' id='word_1_415' title='bbox 1733 4245 1856 4300; x_wconf 88' lang='lat' dir='ltr'><strong>tum</strong></span> 
     </span>
    </p>
   </div>
   <div class='ocr_carea' id='block_1_59' title="bbox 202 4323 1859 4400">
    <p class='ocr_par' dir='ltr' id='par_1_59' title="bbox 202 4323 1859 4400">
     <span class='ocr_line' id='line_1_59' title="bbox 202 4323 1859 4400; baseline 0.003 -17"><span class='ocrx_word' id='word_1_416' title='bbox 202 4329 340 4400; x_wconf 86' lang='lat' dir='ltr'><strong>quia</strong></span> <span class='ocrx_word' id='word_1_417' title='bbox 373 4328 446 4382; x_wconf 89' lang='lat' dir='ltr'><strong>de</strong></span> <span class='ocrx_word' id='word_1_418' title='bbox 496 4326 588 4381; x_wconf 93' lang='lat' dir='ltr'><strong>his</strong></span> <span class='ocrx_word' id='word_1_419' title='bbox 621 4325 895 4381; x_wconf 88' lang='lat' dir='ltr'><strong>fatentem</strong></span> <span class='ocrx_word' id='word_1_420' title='bbox 947 4323 1224 4381; x_wconf 70' lang='lat' dir='ltr'><strong>Dallszum</strong></span> <span class='ocrx_word' id='word_1_421' title='bbox 1256 4323 1562 4384; x_wconf 90' lang='lat' dir='ltr'><strong>habemus.</strong></span> <span class='ocrx_word' id='word_1_422' title='bbox 1595 4329 1859 4388; x_wconf 82' lang='lat' dir='ltr'><strong>Sufficiet</strong></span> 
     </span>
    </p>
   </div>
   <div class='ocr_carea' id='block_1_60' title="bbox 200 4411 1850 4489">
    <p class='ocr_par' dir='ltr' id='par_1_60' title="bbox 200 4411 1850 4489">
     <span class='ocr_line' id='line_1_60' title="bbox 200 4411 1850 4489; baseline 0.002 -17"><span class='ocrx_word' id='word_1_423' title='bbox 200 4415 399 4488; x_wconf 88' lang='lat' dir='ltr'><strong>itaque</strong></span> <span class='ocrx_word' id='word_1_424' title='bbox 451 4415 768 4469; x_wconf 86' lang='lat' dir='ltr'><strong>adnotasse</strong></span> <span class='ocrx_word' id='word_1_425' title='bbox 796 4429 864 4468; x_wconf 89' lang='lat' dir='ltr'><strong>ea</strong></span> <span class='ocrx_word' id='word_1_426' title='bbox 895 4411 1133 4484; x_wconf 90' lang='lat' dir='ltr'><strong>reperiri</strong></span> <span class='ocrx_word' id='word_1_427' title='bbox 1170 4411 1424 4484; x_wconf 90' lang='lat' dir='ltr'><strong>primum</strong></span> <span class='ocrx_word' id='word_1_428' title='bbox 1453 4414 1513 4470; x_wconf 93' lang='lat' dir='ltr'><strong>in</strong></span> <span class='ocrx_word' id='word_1_429' title='bbox 1544 4415 1696 4473; x_wconf 90' lang='lat' dir='ltr'><strong>libro</strong></span> <span class='ocrx_word' id='word_1_430' title='bbox 1725 4420 1850 4489; x_wconf 90' lang='lat' dir='ltr'><strong>ejus</strong></span> 
     </span>
    </p>
   </div>
   <div class='ocr_carea' id='block_1_61' title="bbox 201 4498 1855 4570">
    <p class='ocr_par' dir='ltr' id='par_1_61' title="bbox 201 4498 1855 4570">
     <span class='ocr_line' id='line_1_61' title="bbox 201 4498 1855 4570; baseline 0.002 -12"><span class='ocrx_word' id='word_1_431' title='bbox 201 4504 488 4559; x_wconf 87' lang='lat' dir='ltr'><strong>adversus</strong></span> <span class='ocrx_word' id='word_1_432' title='bbox 537 4498 894 4567; x_wconf 84' lang='lat' dir='ltr'><strong>Helvidium,</strong></span> <span class='ocrx_word' id='word_1_433' title='bbox 926 4515 1094 4570; x_wconf 86' lang='lat' dir='ltr'><strong>quem</strong></span> <span class='ocrx_word' id='word_1_434' title='bbox 1130 4517 1283 4556; x_wconf 90' lang='lat' dir='ltr'><strong>anno</strong></span> <span class='ocrx_word' id='word_1_435' title='bbox 1341 4501 1447 4557; x_wconf 87' lang='lat'><strong>383</strong></span> <span class='ocrx_word' id='word_1_436' title='bbox 1494 4507 1596 4560; x_wconf 88' lang='lat' dir='ltr'><strong>aut</strong></span> <span class='ocrx_word' id='word_1_437' title='bbox 1622 4505 1728 4560; x_wconf 79' lang='grc'><strong>384</strong></span> <span class='ocrx_word' id='word_1_438' title='bbox 1760 4506 1855 4563; x_wconf 91' lang='lat' dir='ltr'><strong>ille</strong></span> 
     </span>
    </p>
   </div>
   <div class='ocr_carea' id='block_1_62' title="bbox 199 4587 1852 4664">
    <p class='ocr_par' dir='ltr' id='par_1_62' title="bbox 199 4587 1852 4664">
     <span class='ocr_line' id='line_1_62' title="bbox 199 4587 1852 4664; baseline 0.002 -17"><span class='ocrx_word' id='word_1_439' title='bbox 199 4590 535 4664; x_wconf 89' lang='lat' dir='ltr'><strong>composuit</strong></span> <span class='ocrx_word' id='word_1_440' title='bbox 568 4589 814 4645; x_wconf 90' lang='lat' dir='ltr'><strong>:deinde</strong></span> <span class='ocrx_word' id='word_1_441' title='bbox 863 4589 920 4643; x_wconf 91' lang='lat' dir='ltr'><strong>in</strong></span> <span class='ocrx_word' id='word_1_442' title='bbox 974 4587 1246 4661; x_wconf 87' lang='lat' dir='ltr'><strong>Catalogo</strong></span> <span class='ocrx_word' id='word_1_443' title='bbox 1279 4589 1630 4663; x_wconf 87' lang='lat' dir='ltr'><strong>scriptorum</strong></span> <span class='ocrx_word' id='word_1_444' title='bbox 1671 4595 1852 4650; x_wconf 84' lang='lat' dir='ltr'><strong>eccle-</strong></span> 
     </span>
    </p>
   </div>
   <div class='ocr_carea' id='block_1_63' title="bbox 1980 2224 3616 2296">
    <p class='ocr_par' dir='ltr' id='par_1_63' title="bbox 1980 2224 3616 2296">
     <span class='ocr_line' id='line_1_63' title="bbox 1980 2224 3616 2296; baseline -0.001 -14"><span class='ocrx_word' id='word_1_445' title='bbox 1980 2227 2166 2282; x_wconf 68' lang='lat' dir='ltr'><strong>ambis</strong></span> <span class='ocrx_word' id='word_1_446' title='bbox 2200 2226 2444 2296; x_wconf 91' lang='lat' dir='ltr'><strong>hujusce</strong></span> <span class='ocrx_word' id='word_1_447' title='bbox 2484 2225 3008 2296; x_wconf 85' lang='lat' dir='ltr'><strong>argumentationis</strong></span> <span class='ocrx_word' id='word_1_448' title='bbox 3050 2230 3244 2295; x_wconf 84' lang='lat' dir='ltr'><strong>partes</strong></span> <span class='ocrx_word' id='word_1_449' title='bbox 3268 2224 3425 2279; x_wconf 67' lang='lat' dir='ltr'><strong>falsae</strong></span> <span class='ocrx_word' id='word_1_450' title='bbox 3457 2230 3616 2292; x_wconf 88' lang='lat' dir='ltr'><strong>sunt,</strong></span> 
     </span>
    </p>
   </div>
   <div class='ocr_carea' id='block_1_64' title="bbox 1977 2313 3614 2386">
    <p class='ocr_par' dir='ltr' id='par_1_64' title="bbox 1977 2313 3614 2386">
     <span class='ocr_line' id='line_1_64' title="bbox 1977 2313 3614 2386; baseline -0.001 -16"><span class='ocrx_word' id='word_1_451' title='bbox 1977 2322 2034 2370; x_wconf 90' lang='lat' dir='ltr'><strong>et</strong></span> <span class='ocrx_word' id='word_1_452' title='bbox 2065 2317 2134 2372; x_wconf 88' lang='lat' dir='ltr'><strong>ad</strong></span> <span class='ocrx_word' id='word_1_453' title='bbox 2196 2316 2495 2386; x_wconf 90' lang='lat' dir='ltr'><strong>probanda</strong></span> <span class='ocrx_word' id='word_1_454' title='bbox 2553 2314 2749 2370; x_wconf 70' lang='lat' dir='ltr'><strong>Dallaai</strong></span> <span class='ocrx_word' id='word_1_455' title='bbox 2784 2315 3075 2385; x_wconf 86' lang='lat' dir='ltr'><strong>paradoxa</strong></span> <span class='ocrx_word' id='word_1_456' title='bbox 3105 2314 3344 2368; x_wconf 90' lang='lat' dir='ltr'><strong>omnino</strong></span> <span class='ocrx_word' id='word_1_457' title='bbox 3385 2313 3614 2384; x_wconf 71' lang='lat' dir='ltr'><strong>ineptis.</strong></span> 
     </span>
    </p>
   </div>
   <div class='ocr_carea' id='block_1_65' title="bbox 1974 2401 3619 2476">
    <p class='ocr_par' dir='ltr' id='par_1_65' title="bbox 1974 2401 3619 2476">
     <span class='ocr_line' id='line_1_65' title="bbox 1974 2401 3619 2476; baseline -0.001 -17"><span class='ocrx_word' id='word_1_458' title='bbox 1974 2409 2051 2460; x_wconf 87' lang='lat' dir='ltr'><strong>Ac</strong></span> <span class='ocrx_word' id='word_1_459' title='bbox 2085 2405 2340 2476; x_wconf 88' lang='lat' dir='ltr'><strong>primum</strong></span> <span class='ocrx_word' id='word_1_460' title='bbox 2391 2405 2628 2474; x_wconf 91' lang='lat' dir='ltr'><strong>quidem</strong></span> <span class='ocrx_word' id='word_1_461' title='bbox 2687 2403 3116 2474; x_wconf 62' lang='lat' dir='ltr'><strong>consequentia</strong></span> <span class='ocrx_word' id='word_1_462' title='bbox 3153 2401 3375 2457; x_wconf 80' lang='lat' dir='ltr'><strong>falsitas</strong></span> <span class='ocrx_word' id='word_1_463' title='bbox 3423 2418 3488 2457; x_wconf 89' lang='lat' dir='ltr'><strong>eo</strong></span> <span class='ocrx_word' id='word_1_464' title='bbox 3515 2403 3619 2458; x_wconf 89' lang='lat' dir='ltr'><strong>de-</strong></span> 
     </span>
    </p>
   </div>
   <div class='ocr_carea' id='block_1_66' title="bbox 1978 2492 3617 2564">
    <p class='ocr_par' dir='ltr' id='par_1_66' title="bbox 1978 2492 3617 2564">
     <span class='ocr_line' id='line_1_66' title="bbox 1978 2492 3617 2564; baseline 0 -18"><span class='ocrx_word' id='word_1_465' title='bbox 1978 2494 2512 2564; x_wconf 81' lang='lat' dir='ltr'><strong>monstratur,quod</strong></span> <span class='ocrx_word' id='word_1_466' title='bbox 2547 2494 2750 2550; x_wconf 88' lang='lat' dir='ltr'><strong>eodem</strong></span> <span class='ocrx_word' id='word_1_467' title='bbox 2783 2498 3126 2564; x_wconf 83' lang='lat' dir='ltr'><strong>argumento</strong></span> <span class='ocrx_word' id='word_1_468' title='bbox 3140 2492 3370 2564; x_wconf 83' lang='lat' dir='ltr'><strong>probari</strong></span> <span class='ocrx_word' id='word_1_469' title='bbox 3397 2497 3617 2562; x_wconf 85' lang='lat' dir='ltr'><strong>posset,</strong></span> 
     </span>
    </p>
   </div>
   <div class='ocr_carea' id='block_1_67' title="bbox 1974 2581 3617 2656">
    <p class='ocr_par' dir='ltr' id='par_1_67' title="bbox 1974 2581 3617 2656">
     <span class='ocr_line' id='line_1_67' title="bbox 1974 2581 3617 2656; baseline -0.001 -19"><span class='ocrx_word' id='word_1_470' title='bbox 1974 2598 2039 2637; x_wconf 89' lang='lat' dir='ltr'><strong>ea</strong></span> <span class='ocrx_word' id='word_1_471' title='bbox 2071 2583 2265 2638; x_wconf 87' lang='lat' dir='ltr'><strong>omnia</strong></span> <span class='ocrx_word' id='word_1_472' title='bbox 2287 2583 2668 2654; x_wconf 89' lang='lat' dir='ltr'><strong>antiquorum</strong></span> <span class='ocrx_word' id='word_1_473' title='bbox 2700 2587 2936 2656; x_wconf 80' lang='lat' dir='ltr'><strong>Patrum</strong></span> <span class='ocrx_word' id='word_1_474' title='bbox 2964 2583 3182 2652; x_wconf 90' lang='lat' dir='ltr'><strong>scripta</strong></span> <span class='ocrx_word' id='word_1_475' title='bbox 3210 2582 3397 2638; x_wconf 90' lang='lat' dir='ltr'><strong>eidem</strong></span> <span class='ocrx_word' id='word_1_476' title='bbox 3419 2581 3617 2636; x_wconf 86' lang='lat' dir='ltr'><strong>Hiero-</strong></span> 
     </span>
    </p>
   </div>
   <div class='ocr_carea' id='block_1_68' title="bbox 1973 2680 3617 2753">
    <p class='ocr_par' dir='ltr' id='par_1_68' title="bbox 1973 2680 3617 2753">
     <span class='ocr_line' id='line_1_68' title="bbox 1973 2680 3617 2753; baseline -0.001 -18"><span class='ocrx_word' id='word_1_477' title='bbox 1973 2697 2146 2752; x_wconf 90' lang='lat' dir='ltr'><strong>nymo</strong></span> <span class='ocrx_word' id='word_1_478' title='bbox 2206 2683 2402 2750; x_wconf 88' lang='lat' dir='ltr'><strong>ignota</strong></span> <span class='ocrx_word' id='word_1_479' title='bbox 2434 2686 2533 2736; x_wconf 90' lang='lat' dir='ltr'><strong>aut</strong></span> <span class='ocrx_word' id='word_1_480' title='bbox 2589 2687 2784 2752; x_wconf 86' lang='lat' dir='ltr'><strong>spreta</strong></span> <span class='ocrx_word' id='word_1_481' title='bbox 2816 2680 3014 2743; x_wconf 86' lang='lat' dir='ltr'><strong>fuisse.</strong></span> <span class='ocrx_word' id='word_1_482' title='bbox 3050 2681 3108 2735; x_wconf 89' lang='lat' dir='ltr'><strong>in</strong></span> <span class='ocrx_word' id='word_1_483' title='bbox 3169 2681 3385 2752; x_wconf 91' lang='lat' dir='ltr'><strong>quibus</strong></span> <span class='ocrx_word' id='word_1_484' title='bbox 3418 2681 3617 2753; x_wconf 84' lang='lat' dir='ltr'><strong>aliqua</strong></span> 
     </span>
    </p>
   </div>
   <div class='ocr_carea' id='block_1_69' title="bbox 1970 2768 3611 2840">
    <p class='ocr_par' dir='ltr' id='par_1_69' title="bbox 1970 2768 3611 2840">
     <span class='ocr_line' id='line_1_69' title="bbox 1970 2768 3611 2840; baseline -0.003 -17"><span class='ocrx_word' id='word_1_485' title='bbox 1970 2769 2178 2840; x_wconf 85' lang='lat' dir='ltr'><strong>Opinio,</strong></span> <span class='ocrx_word' id='word_1_486' title='bbox 2233 2785 2408 2840; x_wconf 86' lang='lat' dir='ltr'><strong>quam</strong></span> <span class='ocrx_word' id='word_1_487' title='bbox 2464 2768 2559 2823; x_wconf 90' lang='lat' dir='ltr'><strong>ille</strong></span> <span class='ocrx_word' id='word_1_488' title='bbox 2608 2790 2638 2818; x_wconf 88' lang='lat'><strong>«</strong></span> <span class='ocrx_word' id='word_1_489' title='bbox 2673 2769 2972 2824; x_wconf 90' lang='lat' dir='ltr'><strong>mordicus</strong></span> <span class='ocrx_word' id='word_1_490' title='bbox 3003 2768 3224 2839; x_wconf 87' lang='lat' dir='ltr'><strong>passim</strong></span> <span class='ocrx_word' id='word_1_491' title='bbox 3272 2769 3552 2836; x_wconf 89' lang='lat' dir='ltr'><strong>defendit,</strong></span> <span class='ocrx_word' id='word_1_492' title='bbox 3583 2785 3611 2818; x_wconf 74' lang='grc' dir='ltr'>ι</span> 
     </span>
    </p>
   </div>
   <div class='ocr_carea' id='block_1_70' title="bbox 1969 2857 3617 2929">
    <p class='ocr_par' dir='ltr' id='par_1_70' title="bbox 1969 2857 3617 2929">
     <span class='ocr_line' id='line_1_70' title="bbox 1969 2857 3617 2929; baseline 0.001 -16"><span class='ocrx_word' id='word_1_493' title='bbox 1969 2859 2247 2913; x_wconf 88' lang='lat' dir='ltr'><strong>damnata</strong></span> <span class='ocrx_word' id='word_1_494' title='bbox 2267 2857 2667 2929; x_wconf 88' lang='lat' dir='ltr'><strong>legitur.Quod</strong></span> <span class='ocrx_word' id='word_1_495' title='bbox 2693 2873 2835 2912; x_wconf 88' lang='lat' dir='ltr'><strong>sane</strong></span> <span class='ocrx_word' id='word_1_496' title='bbox 2864 2857 3247 2913; x_wconf 87' lang='lat' dir='ltr'><strong>falsissimum</strong></span> <span class='ocrx_word' id='word_1_497' title='bbox 3273 2873 3401 2914; x_wconf 90' lang='lat' dir='ltr'><strong>esse</strong></span> <span class='ocrx_word' id='word_1_498' title='bbox 3423 2875 3617 2927; x_wconf 89' lang='lat' dir='ltr'><strong>nemo,</strong></span> 
     </span>
    </p>
   </div>
   <div class='ocr_carea' id='block_1_71' title="bbox 1969 2946 3618 3020">
    <p class='ocr_par' dir='ltr' id='par_1_71' title="bbox 1969 2946 3618 3020">
     <span class='ocr_line' id='line_1_71' title="bbox 1969 2946 3618 3020; baseline 0.001 -19"><span class='ocrx_word' id='word_1_499' title='bbox 1969 2963 2041 3002; x_wconf 92' lang='lat' dir='ltr'><strong>ne</strong></span> <span class='ocrx_word' id='word_1_500' title='bbox 2074 2947 2194 3020; x_wconf 87' lang='lat' dir='ltr'><strong>ipse</strong></span> <span class='ocrx_word' id='word_1_501' title='bbox 2219 2947 2458 3020; x_wconf 92' lang='lat' dir='ltr'><strong>quidem</strong></span> <span class='ocrx_word' id='word_1_502' title='bbox 2491 2946 2765 3012; x_wconf 71' lang='lat' dir='ltr'><strong>Dallaaus,</strong></span> <span class='ocrx_word' id='word_1_503' title='bbox 2799 2947 3112 3018; x_wconf 86' lang='lat' dir='ltr'><strong>negaverit.</strong></span> <span class='ocrx_word' id='word_1_504' title='bbox 3139 2948 3284 3012; x_wconf 89' lang='lat' dir='ltr'><strong>Quot</strong></span> <span class='ocrx_word' id='word_1_505' title='bbox 3309 2947 3463 3003; x_wconf 90' lang='lat' dir='ltr'><strong>enim</strong></span> <span class='ocrx_word' id='word_1_506' title='bbox 3493 2963 3618 3003; x_wconf 85' lang='lat' dir='ltr'><strong>ver-</strong></span> 
     </span>
    </p>
   </div>
   <div class='ocr_carea' id='block_1_72' title="bbox 1966 3033 3619 3107">
    <p class='ocr_par' dir='ltr' id='par_1_72' title="bbox 1966 3033 3619 3107">
     <span class='ocr_line' id='line_1_72' title="bbox 1966 3033 3619 3107; baseline -0.001 -18"><span class='ocrx_word' id='word_1_507' title='bbox 1966 3033 2024 3089; x_wconf 92' lang='lat' dir='ltr'><strong>bi</strong></span> <span class='ocrx_word' id='word_1_508' title='bbox 2055 3037 2236 3106; x_wconf 83' lang='lat' dir='ltr'><strong>gratia</strong></span> <span class='ocrx_word' id='word_1_509' title='bbox 2294 3033 2574 3105; x_wconf 83' lang='lat' dir='ltr'><strong>Origenes</strong></span> <span class='ocrx_word' id='word_1_510' title='bbox 2606 3034 2665 3088; x_wconf 90' lang='lat' dir='ltr'><strong>in</strong></span> <span class='ocrx_word' id='word_1_511' title='bbox 2725 3034 2998 3104; x_wconf 87' lang='lat' dir='ltr'><strong>operibus</strong></span> <span class='ocrx_word' id='word_1_512' title='bbox 3057 3034 3182 3089; x_wconf 93' lang='lat' dir='ltr'><strong>suis</strong></span> <span class='ocrx_word' id='word_1_513' title='bbox 3226 3035 3468 3090; x_wconf 87' lang='lat' dir='ltr'><strong>damnat</strong></span> <span class='ocrx_word' id='word_1_514' title='bbox 3497 3035 3619 3107; x_wconf 88' lang='lat' dir='ltr'><strong>opi-</strong></span> 
     </span>
    </p>
   </div>
   <div class='ocr_carea' id='block_1_73' title="bbox 1965 3122 3616 3194">
    <p class='ocr_par' dir='ltr' id='par_1_73' title="bbox 1965 3122 3616 3194">
     <span class='ocr_line' id='line_1_73' title="bbox 1965 3122 3616 3194; baseline 0 -16"><span class='ocrx_word' id='word_1_515' title='bbox 1965 3123 2190 3189; x_wconf 91' lang='lat' dir='ltr'><strong>niones,</strong></span> <span class='ocrx_word' id='word_1_516' title='bbox 2223 3140 2370 3194; x_wconf 89' lang='lat' dir='ltr'><strong>quas</strong></span> <span class='ocrx_word' id='word_1_517' title='bbox 2397 3123 2785 3194; x_wconf 87' lang='lat' dir='ltr'><strong>Hieronymus</strong></span> <span class='ocrx_word' id='word_1_518' title='bbox 2807 3145 2834 3172; x_wconf 90' lang='grc'><strong>‹‹</strong></span> <span class='ocrx_word' id='word_1_519' title='bbox 2861 3122 3157 3177; x_wconf 90' lang='lat' dir='ltr'><strong>mordicus</strong></span> <span class='ocrx_word' id='word_1_520' title='bbox 3179 3123 3394 3194; x_wconf 88' lang='lat' dir='ltr'><strong>passim</strong></span> <span class='ocrx_word' id='word_1_521' title='bbox 3413 3123 3616 3179; x_wconf 86' lang='lat' dir='ltr'><strong>defen-</strong></span> 
     </span>
    </p>
   </div>
   <div class='ocr_carea' id='block_1_74' title="bbox 1964 3213 3615 3287">
    <p class='ocr_par' dir='ltr' id='par_1_74' title="bbox 1964 3213 3615 3287">
     <span class='ocr_line' id='line_1_74' title="bbox 1964 3213 3615 3287; baseline -0.001 -16"><span class='ocrx_word' id='word_1_522' title='bbox 1964 3216 2053 3272; x_wconf 90' lang='lat' dir='ltr'><strong>dit</strong></span> <span class='ocrx_word' id='word_1_523' title='bbox 2085 3215 2114 3270; x_wconf 71' lang='lat' dir='ltr'><strong>‘P</strong></span> <span class='ocrx_word' id='word_1_524' title='bbox 2164 3237 2192 3265; x_wconf 83' lang='lat'>»</span> <span class='ocrx_word' id='word_1_525' title='bbox 2242 3215 2518 3287; x_wconf 91' lang='lat' dir='ltr'><strong>Nunquid</strong></span> <span class='ocrx_word' id='word_1_526' title='bbox 2551 3213 2804 3269; x_wconf 77' lang='lat' dir='ltr'><strong>Dallaeus</strong></span> <span class='ocrx_word' id='word_1_527' title='bbox 2834 3218 2988 3270; x_wconf 87' lang='lat' dir='ltr'><strong>recte</strong></span> <span class='ocrx_word' id='word_1_528' title='bbox 3018 3215 3154 3269; x_wconf 90' lang='lat' dir='ltr'><strong>inde</strong></span> <span class='ocrx_word' id='word_1_529' title='bbox 3199 3213 3506 3270; x_wconf 78' lang='lat' dir='ltr'><strong>concludat</strong></span> <span class='ocrx_word' id='word_1_530' title='bbox 3546 3231 3615 3272; x_wconf 89' lang='lat' dir='ltr'><strong>ea</strong></span> 
     </span>
    </p>
   </div>
   <div class='ocr_carea' id='block_1_75' title="bbox 1883 3303 3612 3401">
    <p class='ocr_par' dir='ltr' id='par_1_75' title="bbox 1883 3303 3612 3401">
     <span class='ocr_line' id='line_1_75' title="bbox 1883 3303 3612 3401; baseline -0.001 -40"><span class='ocrx_word' id='word_1_531' title='bbox 1883 3338 1928 3401; x_wconf 67' lang='grc' dir='ltr'><strong>ρ</strong></span> <span class='ocrx_word' id='word_1_532' title='bbox 1969 3304 2238 3378; x_wconf 83' lang='lat' dir='ltr'><strong>Origenis</strong></span> <span class='ocrx_word' id='word_1_533' title='bbox 2256 3319 2430 3376; x_wconf 86' lang='lat' dir='ltr'><strong>Opera</strong></span> <span class='ocrx_word' id='word_1_534' title='bbox 2444 3303 2793 3372; x_wconf 82' lang='lat' dir='ltr'><strong>Hieronymo</strong></span> <span class='ocrx_word' id='word_1_535' title='bbox 2815 3303 3065 3376; x_wconf 85' lang='lat' dir='ltr'><strong>«ignota</strong></span> <span class='ocrx_word' id='word_1_536' title='bbox 3086 3312 3178 3358; x_wconf 89' lang='lat' dir='ltr'><strong>aut</strong></span> <span class='ocrx_word' id='word_1_537' title='bbox 3196 3308 3392 3373; x_wconf 89' lang='lat' dir='ltr'><strong>spreta</strong></span> <span class='ocrx_word' id='word_1_538' title='bbox 3410 3305 3612 3371; x_wconf 89' lang='lat' dir='ltr'><strong>fuisse,</strong></span> 
     </span>
    </p>
   </div>
   <div class='ocr_carea' id='block_1_76' title="bbox 1975 3391 3612 3465">
    <p class='ocr_par' dir='ltr' id='par_1_76' title="bbox 1975 3391 3612 3465">
     <span class='ocr_line' id='line_1_76' title="bbox 1975 3391 3612 3465; baseline -0.001 -14"><span class='ocrx_word' id='word_1_539' title='bbox 1975 3393 2064 3451; x_wconf 89' lang='lat' dir='ltr'><strong>vel</strong></span> <span class='ocrx_word' id='word_1_540' title='bbox 2079 3395 2334 3451; x_wconf 90' lang='lat' dir='ltr'><strong>nondum</strong></span> <span class='ocrx_word' id='word_1_541' title='bbox 2350 3393 2410 3448; x_wconf 90' lang='lat' dir='ltr'><strong>in</strong></span> <span class='ocrx_word' id='word_1_542' title='bbox 2429 3393 2629 3449; x_wconf 91' lang='lat' dir='ltr'><strong>iisista</strong></span> <span class='ocrx_word' id='word_1_543' title='bbox 2641 3396 2761 3448; x_wconf 90' lang='lat' dir='ltr'><strong>tam</strong></span> <span class='ocrx_word' id='word_1_544' title='bbox 2778 3391 2958 3447; x_wconf 86' lang='lat' dir='ltr'><strong>multa</strong></span> <span class='ocrx_word' id='word_1_545' title='bbox 2972 3408 3098 3464; x_wconf 67' lang='lat' dir='ltr'><strong>quae</strong></span> <span class='ocrx_word' id='word_1_546' title='bbox 3111 3391 3282 3448; x_wconf 87' lang='lat' dir='ltr'><strong>hodie</strong></span> <span class='ocrx_word' id='word_1_547' title='bbox 3297 3392 3612 3465; x_wconf 84' lang='lat' dir='ltr'><strong>legimus?»</strong></span> 
     </span>
    </p>
   </div>
   <div class='ocr_carea' id='block_1_77' title="bbox 2048 3499 3614 3574">
    <p class='ocr_par' dir='ltr' id='par_1_77' title="bbox 2048 3499 3614 3574">
     <span class='ocr_line' id='line_1_77' title="bbox 2048 3499 3614 3574; baseline -0.003 -15"><span class='ocrx_word' id='word_1_548' title='bbox 2048 3508 2142 3570; x_wconf 79' lang='lat' dir='ltr'><strong>At,</strong></span> <span class='ocrx_word' id='word_1_549' title='bbox 2176 3501 2428 3574; x_wconf 88' lang='lat' dir='ltr'><strong>inquies,</strong></span> <span class='ocrx_word' id='word_1_550' title='bbox 2451 3516 2550 3558; x_wconf 89' lang='lat' dir='ltr'><strong>eas</strong></span> <span class='ocrx_word' id='word_1_551' title='bbox 2581 3499 2785 3555; x_wconf 88' lang='lat' dir='ltr'><strong>saltem</strong></span> <span class='ocrx_word' id='word_1_552' title='bbox 2816 3499 3120 3569; x_wconf 84' lang='lat' dir='ltr'><strong>Opiniones</strong></span> <span class='ocrx_word' id='word_1_553' title='bbox 3150 3500 3221 3554; x_wconf 91' lang='lat' dir='ltr'><strong>de</strong></span> <span class='ocrx_word' id='word_1_554' title='bbox 3241 3499 3614 3572; x_wconf 87' lang='lat' dir='ltr'><strong>episcopatus</strong></span> 
     </span>
    </p>
   </div>
   <div class='ocr_carea' id='block_1_78' title="bbox 1975 3587 3612 3661">
    <p class='ocr_par' dir='ltr' id='par_1_78' title="bbox 1975 3587 3612 3661">
     <span class='ocr_line' id='line_1_78' title="bbox 1975 3587 3612 3661; baseline -0.003 -11"><span class='ocrx_word' id='word_1_555' title='bbox 1975 3591 2339 3660; x_wconf 87' lang='lat' dir='ltr'><strong>necessitate,</strong></span> <span class='ocrx_word' id='word_1_556' title='bbox 2397 3593 2453 3646; x_wconf 89' lang='lat' dir='ltr'><strong>et</strong></span> <span class='ocrx_word' id='word_1_557' title='bbox 2512 3606 2626 3661; x_wconf 72' lang='lat' dir='ltr'><strong>prae</strong></span> <span class='ocrx_word' id='word_1_558' title='bbox 2688 3589 3090 3660; x_wconf 85' lang='lat' dir='ltr'><strong>presbyteratu</strong></span> <span class='ocrx_word' id='word_1_559' title='bbox 3146 3587 3486 3644; x_wconf 87' lang='lat' dir='ltr'><strong>excellentia</strong></span> <span class='ocrx_word' id='word_1_560' title='bbox 3553 3589 3612 3645; x_wconf 93' lang='lat' dir='ltr'><strong>in</strong></span> 
     </span>
    </p>
   </div>
   <div class='ocr_carea' id='block_1_79' title="bbox 1974 3675 3613 3754">
    <p class='ocr_par' dir='ltr' id='par_1_79' title="bbox 1974 3675 3613 3754">
     <span class='ocr_line' id='line_1_79' title="bbox 1974 3675 3613 3754; baseline -0.003 -17"><span class='ocrx_word' id='word_1_561' title='bbox 1974 3679 2187 3754; x_wconf 86' lang='lat' dir='ltr'><strong>Ignatii</strong></span> <span class='ocrx_word' id='word_1_562' title='bbox 2218 3676 2484 3750; x_wconf 89' lang='lat' dir='ltr'><strong>epistolis</strong></span> <span class='ocrx_word' id='word_1_563' title='bbox 2526 3679 2909 3748; x_wconf 87' lang='lat' dir='ltr'><strong>Hieronymus</strong></span> <span class='ocrx_word' id='word_1_564' title='bbox 2940 3675 3176 3748; x_wconf 88' lang='lat' dir='ltr'><strong>sprevit,</strong></span> <span class='ocrx_word' id='word_1_565' title='bbox 3199 3676 3286 3731; x_wconf 89' lang='lat' dir='ltr'><strong>vel</strong></span> <span class='ocrx_word' id='word_1_566' title='bbox 3313 3678 3425 3732; x_wconf 71' lang='lat' dir='ltr'><strong>illis</strong></span> <span class='ocrx_word' id='word_1_567' title='bbox 3457 3693 3613 3732; x_wconf 90' lang='lat' dir='ltr'><strong>non-</strong></span> 
     </span>
    </p>
   </div>
   <div class='ocr_carea' id='block_1_80' title="bbox 1973 3762 3616 3838">
    <p class='ocr_par' dir='ltr' id='par_1_80' title="bbox 1973 3762 3616 3838">
     <span class='ocr_line' id='line_1_80' title="bbox 1973 3762 3616 3838; baseline -0.004 -13"><span class='ocrx_word' id='word_1_568' title='bbox 1973 3771 2114 3825; x_wconf 90' lang='lat' dir='ltr'><strong>dum</strong></span> <span class='ocrx_word' id='word_1_569' title='bbox 2146 3767 2225 3822; x_wconf 92' lang='lat' dir='ltr'><strong>ibi</strong></span> <span class='ocrx_word' id='word_1_570' title='bbox 2271 3766 2627 3838; x_wconf 88' lang='lat' dir='ltr'><strong>legebantur.</strong></span> <span class='ocrx_word' id='word_1_571' title='bbox 2692 3765 2850 3833; x_wconf 90' lang='lat' dir='ltr'><strong>Esto,</strong></span> <span class='ocrx_word' id='word_1_572' title='bbox 2907 3762 3211 3835; x_wconf 88' lang='lat' dir='ltr'><strong>spreverit.</strong></span> <span class='ocrx_word' id='word_1_573' title='bbox 3270 3763 3416 3826; x_wconf 88' lang='lat' dir='ltr'><strong>Quid</strong></span> <span class='ocrx_word' id='word_1_574' title='bbox 3477 3764 3616 3819; x_wconf 87' lang='lat' dir='ltr'><strong>inde</strong></span> 
     </span>
    </p>
   </div>
   <div class='ocr_carea' id='block_1_81' title="bbox 1972 3853 3613 3923">
    <p class='ocr_par' dir='ltr' id='par_1_81' title="bbox 1972 3853 3613 3923">
     <span class='ocr_line' id='line_1_81' title="bbox 1972 3853 3613 3923; baseline -0.007 -5"><span class='ocrx_word' id='word_1_575' title='bbox 1972 3857 2241 3918; x_wconf 80' lang='lat' dir='ltr'><strong>conﬁciet</strong></span> <span class='ocrx_word' id='word_1_576' title='bbox 2300 3855 2543 3912; x_wconf 72' lang='lat' dir='ltr'><strong>Dallaaus</strong></span> <span class='ocrx_word' id='word_1_577' title='bbox 2573 3854 2602 3909; x_wconf 67' lang='grc' dir='ltr'>τ</span> <span class='ocrx_word' id='word_1_578' title='bbox 2639 3853 2790 3908; x_wconf 89' lang='lat' dir='ltr'><strong>Num</strong></span> <span class='ocrx_word' id='word_1_579' title='bbox 2852 3854 3068 3908; x_wconf 90' lang='lat' dir='ltr'><strong>idcirco</strong></span> <span class='ocrx_word' id='word_1_580' title='bbox 3125 3853 3238 3908; x_wconf 86' lang='lat' dir='ltr'><strong>alia</strong></span> <span class='ocrx_word' id='word_1_581' title='bbox 3264 3853 3451 3908; x_wconf 75' lang='lat' dir='ltr'><strong>omnia</strong></span> <span class='ocrx_word' id='word_1_582' title='bbox 3486 3869 3613 3923; x_wconf 64' lang='lat' dir='ltr'><strong>qua;</strong></span> 
     </span>
    </p>
   </div>
   <div class='ocr_carea' id='block_1_82' title="bbox 1971 3942 3616 4022">
    <p class='ocr_par' dir='ltr' id='par_1_82' title="bbox 1971 3942 3616 4022">
     <span class='ocr_line' id='line_1_82' title="bbox 1971 3942 3616 4022; baseline -0.007 -15"><span class='ocrx_word' id='word_1_583' title='bbox 1971 3949 2359 4022; x_wconf 87' lang='lat' dir='ltr'><strong>Hieronymus</strong></span> <span class='ocrx_word' id='word_1_584' title='bbox 2397 3945 2457 4001; x_wconf 90' lang='lat' dir='ltr'><strong>in</strong></span> <span class='ocrx_word' id='word_1_585' title='bbox 2490 3943 2702 4016; x_wconf 90' lang='lat' dir='ltr'><strong>Ignatii</strong></span> <span class='ocrx_word' id='word_1_586' title='bbox 2734 3942 3019 4015; x_wconf 89' lang='lat' dir='ltr'><strong>epistolis,</strong></span> <span class='ocrx_word' id='word_1_587' title='bbox 3052 3944 3205 4000; x_wconf 89' lang='lat' dir='ltr'><strong>sicut</strong></span> <span class='ocrx_word' id='word_1_588' title='bbox 3233 3948 3291 3999; x_wconf 92' lang='lat' dir='ltr'><strong>et</strong></span> <span class='ocrx_word' id='word_1_589' title='bbox 3322 3943 3377 3997; x_wconf 91' lang='lat' dir='ltr'><strong>in</strong></span> <span class='ocrx_word' id='word_1_590' title='bbox 3411 3942 3616 4014; x_wconf 89' lang='lat' dir='ltr'><strong>Orige-</strong></span> 
     </span>
    </p>
   </div>
   <div class='ocr_carea' id='block_1_83' title="bbox 1973 4031 3612 4112">
    <p class='ocr_par' dir='ltr' id='par_1_83' title="bbox 1973 4031 3612 4112">
     <span class='ocr_line' id='line_1_83' title="bbox 1973 4031 3612 4112; baseline -0.005 -16"><span class='ocrx_word' id='word_1_591' title='bbox 1973 4039 2063 4096; x_wconf 91' lang='lat' dir='ltr'><strong>nis</strong></span> <span class='ocrx_word' id='word_1_592' title='bbox 2095 4038 2371 4112; x_wconf 89' lang='lat' dir='ltr'><strong>operibus</strong></span> <span class='ocrx_word' id='word_1_593' title='bbox 2403 4049 2702 4105; x_wconf 88' lang='lat' dir='ltr'><strong>nunquam</strong></span> <span class='ocrx_word' id='word_1_594' title='bbox 2745 4031 2957 4106; x_wconf 87' lang='lat' dir='ltr'><strong>arguit,</strong></span> <span class='ocrx_word' id='word_1_595' title='bbox 2989 4032 3200 4088; x_wconf 90' lang='lat' dir='ltr'><strong>ibidem</strong></span> <span class='ocrx_word' id='word_1_596' title='bbox 3235 4048 3464 4103; x_wconf 87' lang='lat' dir='ltr'><strong>semper</strong></span> <span class='ocrx_word' id='word_1_597' title='bbox 3497 4048 3612 4087; x_wconf 89' lang='lat' dir='ltr'><strong>non</strong></span> 
     </span>
    </p>
   </div>
   <div class='ocr_carea' id='block_1_84' title="bbox 1971 4121 3612 4196">
    <p class='ocr_par' dir='ltr' id='par_1_84' title="bbox 1971 4121 3612 4196">
     <span class='ocr_line' id='line_1_84' title="bbox 1971 4121 3612 4196; baseline -0.006 -8"><span class='ocrx_word' id='word_1_598' title='bbox 1971 4129 2284 4193; x_wconf 86' lang='lat' dir='ltr'><strong>exstitisse,</strong></span> <span class='ocrx_word' id='word_1_599' title='bbox 2317 4126 2404 4182; x_wconf 89' lang='lat' dir='ltr'><strong>vel</strong></span> <span class='ocrx_word' id='word_1_600' title='bbox 2436 4141 2499 4182; x_wconf 89' lang='lat' dir='ltr'><strong>ea</strong></span> <span class='ocrx_word' id='word_1_601' title='bbox 2533 4123 2850 4196; x_wconf 87' lang='lat' dir='ltr'><strong>aliquando</strong></span> <span class='ocrx_word' id='word_1_602' title='bbox 2882 4139 2984 4195; x_wconf 93' lang='lat' dir='ltr'><strong>pro</strong></span> <span class='ocrx_word' id='word_1_603' title='bbox 3016 4122 3261 4178; x_wconf 90' lang='lat' dir='ltr'><strong>minime</strong></span> <span class='ocrx_word' id='word_1_604' title='bbox 3295 4121 3612 4194; x_wconf 87' lang='lat' dir='ltr'><strong>ignatianis</strong></span> 
     </span>
    </p>
   </div>
   <div class='ocr_carea' id='block_1_85' title="bbox 1969 4212 3614 4292">
    <p class='ocr_par' dir='ltr' id='par_1_85' title="bbox 1969 4212 3614 4292">
     <span class='ocr_line' id='line_1_85' title="bbox 1969 4212 3614 4292; baseline -0.006 -15"><span class='ocrx_word' id='word_1_605' title='bbox 1969 4225 2024 4278; x_wconf 90' lang='lat' dir='ltr'><strong>et</strong></span> <span class='ocrx_word' id='word_1_606' title='bbox 2051 4217 2420 4292; x_wconf 85' lang='lat' dir='ltr'><strong>Origenianis</strong></span> <span class='ocrx_word' id='word_1_607' title='bbox 2467 4215 2539 4271; x_wconf 88' lang='lat' dir='ltr'><strong>ab</strong></span> <span class='ocrx_word' id='word_1_608' title='bbox 2565 4215 2918 4286; x_wconf 84' lang='lat' dir='ltr'><strong>Hieronymo</strong></span> <span class='ocrx_word' id='word_1_609' title='bbox 2952 4212 3168 4283; x_wconf 88' lang='lat' dir='ltr'><strong>rejecta</strong></span> <span class='ocrx_word' id='word_1_610' title='bbox 3199 4212 3380 4268; x_wconf 90' lang='lat' dir='ltr'><strong>fuisse</strong></span> <span class='ocrx_word' id='word_1_611' title='bbox 3412 4213 3614 4269; x_wconf 92' lang='lat' dir='ltr'><strong>dicen-</strong></span> 
     </span>
    </p>
   </div>
   <div class='ocr_carea' id='block_1_86' title="bbox 1969 4304 3611 4378">
    <p class='ocr_par' dir='ltr' id='par_1_86' title="bbox 1969 4304 3611 4378">
     <span class='ocr_line' id='line_1_86' title="bbox 1969 4304 3611 4378; baseline -0.003 -12"><span class='ocrx_word' id='word_1_612' title='bbox 1969 4311 2105 4367; x_wconf 90' lang='lat' dir='ltr'><strong>dum</strong></span> <span class='ocrx_word' id='word_1_613' title='bbox 2122 4309 2250 4368; x_wconf 79' lang='lat' dir='ltr'><strong>est?</strong></span> <span class='ocrx_word' id='word_1_614' title='bbox 2271 4306 2484 4365; x_wconf 89' lang='lat' dir='ltr'><strong>Nullus</strong></span> <span class='ocrx_word' id='word_1_615' title='bbox 2509 4321 2648 4362; x_wconf 88' lang='lat' dir='ltr'><strong>sane</strong></span> <span class='ocrx_word' id='word_1_616' title='bbox 2678 4309 2890 4378; x_wconf 79' lang='lat' dir='ltr'><strong>praeter</strong></span> <span class='ocrx_word' id='word_1_617' title='bbox 2905 4304 3230 4361; x_wconf 69' lang='lat' dir='ltr'><strong>Dallaeanos</strong></span> <span class='ocrx_word' id='word_1_618' title='bbox 3253 4304 3332 4360; x_wconf 88' lang='lat' dir='ltr'><strong>ita</strong></span> <span class='ocrx_word' id='word_1_619' title='bbox 3353 4321 3611 4377; x_wconf 87' lang='lat' dir='ltr'><strong>unquam</strong></span> 
     </span>
    </p>
   </div>
   <div class='ocr_carea' id='block_1_87' title="bbox 1968 4396 2489 4473">
    <p class='ocr_par' dir='ltr' id='par_1_87' title="bbox 1968 4396 2489 4473">
     <span class='ocr_line' id='line_1_87' title="bbox 1968 4396 2489 4473; baseline -0.013 -16"><span class='ocrx_word' id='word_1_620' title='bbox 1968 4396 2489 4473; x_wconf 83' lang='lat' dir='ltr'><strong>argumentabitur.</strong></span> 
     </span>
    </p>
   </div>
   <div class='ocr_carea' id='block_1_88' title="bbox 2038 4499 3609 4574">
    <p class='ocr_par' dir='ltr' id='par_1_88' title="bbox 2038 4499 3609 4574">
     <span class='ocr_line' id='line_1_88' title="bbox 2038 4499 3609 4574; baseline -0.005 -10"><span class='ocrx_word' id='word_1_621' title='bbox 2038 4507 2256 4564; x_wconf 90' lang='lat' dir='ltr'><strong>Deinde</strong></span> <span class='ocrx_word' id='word_1_622' title='bbox 2286 4503 2499 4561; x_wconf 85' lang='lat' dir='ltr'><strong>falsum</strong></span> <span class='ocrx_word' id='word_1_623' title='bbox 2525 4509 2612 4559; x_wconf 88' lang='lat' dir='ltr'><strong>est</strong></span> <span class='ocrx_word' id='word_1_624' title='bbox 2642 4501 2804 4558; x_wconf 89' lang='lat' dir='ltr'><strong>illam</strong></span> <span class='ocrx_word' id='word_1_625' title='bbox 2834 4501 3169 4574; x_wconf 91' lang='lat' dir='ltr'><strong>opinionem</strong></span> <span class='ocrx_word' id='word_1_626' title='bbox 3203 4499 3273 4556; x_wconf 92' lang='lat' dir='ltr'><strong>de</strong></span> <span class='ocrx_word' id='word_1_627' title='bbox 3312 4500 3609 4572; x_wconf 84' lang='lat' dir='ltr'><strong>episcOpa—</strong></span> 
     </span>
    </p>
   </div>
   <div class='ocr_carea' id='block_1_89' title="bbox 1965 4589 3606 4664">
    <p class='ocr_par' dir='ltr' id='par_1_89' title="bbox 1965 4589 3606 4664">
     <span class='ocr_line' id='line_1_89' title="bbox 1965 4589 3606 4664; baseline -0.004 -11"><span class='ocrx_word' id='word_1_628' title='bbox 1965 4601 2062 4653; x_wconf 90' lang='lat' dir='ltr'><strong>tus</strong></span> <span class='ocrx_word' id='word_1_629' title='bbox 2124 4595 2490 4660; x_wconf 88' lang='lat' dir='ltr'><strong>necessitate,</strong></span> <span class='ocrx_word' id='word_1_630' title='bbox 2551 4595 2608 4648; x_wconf 89' lang='lat' dir='ltr'><strong>et</strong></span> <span class='ocrx_word' id='word_1_631' title='bbox 2659 4609 2770 4664; x_wconf 72' lang='lat' dir='ltr'><strong>prae</strong></span> <span class='ocrx_word' id='word_1_632' title='bbox 2825 4592 3221 4663; x_wconf 78' lang='lat' dir='ltr'><strong>presbyteratu</strong></span> <span class='ocrx_word' id='word_1_633' title='bbox 3270 4589 3606 4646; x_wconf 86' lang='lat' dir='ltr'><strong>excellentia</strong></span> 
     </span>
    </p>
   </div>
   <div class='ocr_carea' id='block_1_90' title="bbox 199 4678 3604 4766">
    <p class='ocr_par' dir='ltr' id='par_1_90' title="bbox 199 4678 3604 4766">
     <span class='ocr_line' id='line_1_90' title="bbox 199 4678 3604 4766; baseline -0 -30"><span class='ocrx_word' id='word_1_634' title='bbox 199 4681 590 4747; x_wconf 87' lang='lat' dir='ltr'><strong>siasticorum,</strong></span> <span class='ocrx_word' id='word_1_635' title='bbox 623 4695 796 4750; x_wconf 90' lang='lat' dir='ltr'><strong>quem</strong></span> <span class='ocrx_word' id='word_1_636' title='bbox 812 4694 966 4734; x_wconf 91' lang='lat' dir='ltr'><strong>anno</strong></span> <span class='ocrx_word' id='word_1_637' title='bbox 986 4678 1266 4748; x_wconf 84' lang='lat' dir='ltr'><strong>392juris</strong></span> <span class='ocrx_word' id='word_1_638' title='bbox 1287 4679 1422 4735; x_wconf 83' lang='lat' dir='ltr'><strong>fecit</strong></span> <span class='ocrx_word' id='word_1_639' title='bbox 1454 4697 1584 4739; x_wconf 88' lang='lat' dir='ltr'><strong>esse</strong></span> <span class='ocrx_word' id='word_1_640' title='bbox 1610 4684 1855 4755; x_wconf 91' lang='lat' dir='ltr'><strong>publici,</strong></span> <span class='ocrx_word' id='word_1_641' title='bbox 1884 4699 1934 4766; x_wconf 69' lang='grc' dir='ltr'><strong>ι)</strong></span> <span class='ocrx_word' id='word_1_642' title='bbox 1964 4703 2091 4758; x_wconf 72' lang='lat' dir='ltr'><strong>quae</strong></span> <span class='ocrx_word' id='word_1_643' title='bbox 2128 4685 2318 4758; x_wconf 89' lang='lat' dir='ltr'><strong>prima</strong></span> <span class='ocrx_word' id='word_1_644' title='bbox 2373 4681 2674 4739; x_wconf 69' lang='lat' dir='ltr'><strong>Dallaaauze</strong></span> <span class='ocrx_word' id='word_1_645' title='bbox 2731 4679 3256 4753; x_wconf 85' lang='lat' dir='ltr'><strong>argumentationis</strong></span> <span class='ocrx_word' id='word_1_646' title='bbox 3306 4695 3441 4750; x_wconf 87' lang='lat' dir='ltr'><strong>pars</strong></span> <span class='ocrx_word' id='word_1_647' title='bbox 3496 4684 3604 4751; x_wconf 90' lang='lat' dir='ltr'><strong>est,</strong></span> 
     </span>
    </p>
   </div>
   <div class='ocr_carea' id='block_1_91' title="bbox 199 4767 3606 4844">
    <p class='ocr_par' dir='ltr' id='par_1_91' title="bbox 199 4767 3606 4844">
     <span class='ocr_line' id='line_1_91' title="bbox 199 4767 3606 4844; baseline -0 -19"><span class='ocrx_word' id='word_1_648' title='bbox 199 4771 452 4842; x_wconf 88' lang='lat' dir='ltr'><strong>denique</strong></span> <span class='ocrx_word' id='word_1_649' title='bbox 511 4770 568 4823; x_wconf 90' lang='lat' dir='ltr'><strong>in</strong></span> <span class='ocrx_word' id='word_1_650' title='bbox 629 4768 928 4825; x_wconf 65' lang='lat' dir='ltr'><strong>Comment.</strong></span> <span class='ocrx_word' id='word_1_651' title='bbox 960 4770 1016 4824; x_wconf 82' lang='lat' dir='ltr'><strong>in</strong></span> <span class='ocrx_word' id='word_1_652' title='bbox 1050 4769 1248 4824; x_wconf 78' lang='lat' dir='ltr'><strong>Matth.</strong></span> <span class='ocrx_word' id='word_1_653' title='bbox 1295 4767 1340 4836; x_wconf 76' lang='grc'><strong>⁵,</strong></span> <span class='ocrx_word' id='word_1_654' title='bbox 1375 4787 1523 4841; x_wconf 90' lang='lat' dir='ltr'><strong>quos</strong></span> <span class='ocrx_word' id='word_1_655' title='bbox 1571 4789 1682 4828; x_wconf 91' lang='lat' dir='ltr'><strong>non</strong></span> <span class='ocrx_word' id='word_1_656' title='bbox 1718 4779 1852 4830; x_wconf 89' lang='lat' dir='ltr'><strong>ante</strong></span> <span class='ocrx_word' id='word_1_657' title='bbox 1964 4775 2129 4832; x_wconf 85' lang='lat' dir='ltr'><strong>aliter</strong></span> <span class='ocrx_word' id='word_1_658' title='bbox 2158 4779 2231 4830; x_wconf 91' lang='lat' dir='ltr'><strong>ab</strong></span> <span class='ocrx_word' id='word_1_659' title='bbox 2266 4773 2633 4844; x_wconf 81' lang='lat' dir='ltr'><strong>Hieronymo,</strong></span> <span class='ocrx_word' id='word_1_660' title='bbox 2667 4785 2844 4841; x_wconf 89' lang='lat' dir='ltr'><strong>quam</strong></span> <span class='ocrx_word' id='word_1_661' title='bbox 2876 4769 2946 4824; x_wconf 92' lang='lat' dir='ltr'><strong>ab</strong></span> <span class='ocrx_word' id='word_1_662' title='bbox 2997 4768 3217 4840; x_wconf 83' lang='lat' dir='ltr'><strong>Ignatio</strong></span> <span class='ocrx_word' id='word_1_663' title='bbox 3250 4772 3447 4823; x_wconf 90' lang='lat' dir='ltr'><strong>nostro</strong></span> <span class='ocrx_word' id='word_1_664' title='bbox 3491 4772 3606 4824; x_wconf 86' lang='lat' dir='ltr'><strong>tra-</strong></span> 
     </span>
    </p>
   </div>
   <div class='ocr_carea' id='block_1_92' title="bbox 201 4856 3608 4933">
    <p class='ocr_par' dir='ltr' id='par_1_92' title="bbox 201 4856 3608 4933">
     <span class='ocr_line' id='line_1_92' title="bbox 201 4856 3608 4933; baseline 0 -20"><span class='ocrx_word' id='word_1_665' title='bbox 201 4877 419 4916; x_wconf 86' lang='lat' dir='ltr'><strong>annum</strong></span> <span class='ocrx_word' id='word_1_666' title='bbox 469 4858 576 4913; x_wconf 84' lang='lat'><strong>398</strong></span> <span class='ocrx_word' id='word_1_667' title='bbox 599 4859 722 4930; x_wconf 76' lang='lat' dir='ltr'><strong>ipse</strong></span> <span class='ocrx_word' id='word_1_668' title='bbox 749 4872 981 4928; x_wconf 90' lang='lat' dir='ltr'><strong>quoque</strong></span> <span class='ocrx_word' id='word_1_669' title='bbox 1004 4857 1060 4911; x_wconf 92' lang='lat' dir='ltr'><strong>in</strong></span> <span class='ocrx_word' id='word_1_670' title='bbox 1086 4856 1273 4914; x_wconf 89' lang='lat' dir='ltr'><strong>lucem</strong></span> <span class='ocrx_word' id='word_1_671' title='bbox 1308 4857 1610 4916; x_wconf 84' lang='lat' dir='ltr'><strong>emisit.Ex</strong></span> <span class='ocrx_word' id='word_1_672' title='bbox 1639 4861 1852 4933; x_wconf 91' lang='lat' dir='ltr'><strong>quibus</strong></span> <span class='ocrx_word' id='word_1_673' title='bbox 1958 4863 2128 4920; x_wconf 88' lang='lat' dir='ltr'><strong>etari.</strong></span> <span class='ocrx_word' id='word_1_674' title='bbox 2160 4862 2221 4917; x_wconf 92' lang='lat' dir='ltr'><strong>Id</strong></span> <span class='ocrx_word' id='word_1_675' title='bbox 2255 4877 2396 4917; x_wconf 90' lang='lat' dir='ltr'><strong>sane</strong></span> <span class='ocrx_word' id='word_1_676' title='bbox 2469 4859 2782 4931; x_wconf 90' lang='lat' dir='ltr'><strong>scriptores</strong></span> <span class='ocrx_word' id='word_1_677' title='bbox 2813 4857 3132 4913; x_wconf 79' lang='lat' dir='ltr'><strong>doctissimi</strong></span> <span class='ocrx_word' id='word_1_678' title='bbox 3157 4872 3287 4913; x_wconf 91' lang='lat' dir='ltr'><strong>cum</strong></span> <span class='ocrx_word' id='word_1_679' title='bbox 3339 4856 3608 4914; x_wconf 88' lang='lat' dir='ltr'><strong>catholici</strong></span> 
     </span>
    </p>
   </div>
   <div class='ocr_carea' id='block_1_93' title="bbox 201 4945 3607 5024">
    <p class='ocr_par' dir='ltr' id='par_1_93' title="bbox 201 4945 3607 5024">
     <span class='ocr_line' id='line_1_93' title="bbox 201 4945 3607 5024; baseline 0.001 -22"><span class='ocrx_word' id='word_1_680' title='bbox 201 4955 399 5019; x_wconf 88' lang='lat' dir='ltr'><strong>aperte</strong></span> <span class='ocrx_word' id='word_1_681' title='bbox 426 4953 487 5004; x_wconf 90' lang='lat' dir='ltr'><strong>et</strong></span> <span class='ocrx_word' id='word_1_682' title='bbox 542 4947 849 5019; x_wconf 83' lang='lat' dir='ltr'><strong>perspicue</strong></span> <span class='ocrx_word' id='word_1_683' title='bbox 904 4945 1287 5016; x_wconf 85' lang='lat' dir='ltr'><strong>intelligimus</strong></span> <span class='ocrx_word' id='word_1_684' title='bbox 1315 4963 1488 5019; x_wconf 92' lang='lat' dir='ltr'><strong>quam</strong></span> <span class='ocrx_word' id='word_1_685' title='bbox 1517 4957 1855 5008; x_wconf 87' lang='lat' dir='ltr'><strong>constanter</strong></span> <span class='ocrx_word' id='word_1_686' title='bbox 1959 4960 2078 5009; x_wconf 88' lang='lat' dir='ltr'><strong>tum</strong></span> <span class='ocrx_word' id='word_1_687' title='bbox 2104 4954 2496 5024; x_wconf 90' lang='lat' dir='ltr'><strong>protestantes</strong></span> <span class='ocrx_word' id='word_1_688' title='bbox 2545 4946 2719 5004; x_wconf 85' lang='lat' dir='ltr'><strong>variis</strong></span> <span class='ocrx_word' id='word_1_689' title='bbox 2750 4946 3290 5016; x_wconf 87' lang='lat' dir='ltr'><strong>dissertationibus,</strong></span> <span class='ocrx_word' id='word_1_690' title='bbox 3327 4946 3607 5004; x_wconf 88' lang='lat' dir='ltr'><strong>adversus</strong></span> 
     </span>
    </p>
   </div>
   <div class='ocr_carea' id='block_1_94' title="bbox 201 5032 3604 5108">
    <p class='ocr_par' dir='ltr' id='par_1_94' title="bbox 201 5032 3604 5108">
     <span class='ocr_line' id='line_1_94' title="bbox 201 5032 3604 5108; baseline 0 -19"><span class='ocrx_word' id='word_1_691' title='bbox 201 5036 589 5108; x_wconf 81' lang='lat' dir='ltr'><strong>Hieronymus</strong></span> <span class='ocrx_word' id='word_1_692' title='bbox 648 5033 706 5088; x_wconf 91' lang='lat' dir='ltr'><strong>in</strong></span> <span class='ocrx_word' id='word_1_693' title='bbox 741 5050 846 5089; x_wconf 91' lang='lat' dir='ltr'><strong>sua</strong></span> <span class='ocrx_word' id='word_1_694' title='bbox 877 5032 947 5089; x_wconf 90' lang='lat' dir='ltr'><strong>de</strong></span> <span class='ocrx_word' id='word_1_695' title='bbox 996 5033 1326 5091; x_wconf 86' lang='lat' dir='ltr'><strong>tribuendis</strong></span> <span class='ocrx_word' id='word_1_696' title='bbox 1375 5035 1601 5107; x_wconf 89' lang='lat' dir='ltr'><strong>Ignatio</strong></span> <span class='ocrx_word' id='word_1_697' title='bbox 1651 5044 1850 5096; x_wconf 92' lang='lat' dir='ltr'><strong>nostro</strong></span> <span class='ocrx_word' id='word_1_698' title='bbox 1957 5040 2325 5097; x_wconf 87' lang='lat' dir='ltr'><strong>Blondellum</strong></span> <span class='ocrx_word' id='word_1_699' title='bbox 2373 5037 2752 5094; x_wconf 89' lang='lat' dir='ltr'><strong>Calvinistam</strong></span> <span class='ocrx_word' id='word_1_700' title='bbox 2812 5035 3008 5105; x_wconf 89' lang='lat' dir='ltr'><strong>editis,</strong></span> <span class='ocrx_word' id='word_1_701' title='bbox 3070 5034 3450 5092; x_wconf 89' lang='lat' dir='ltr'><strong>invictissime</strong></span> <span class='ocrx_word' id='word_1_702' title='bbox 3506 5037 3604 5090; x_wconf 82' lang='lat' dir='ltr'><strong>de-</strong></span> 
     </span>
    </p>
   </div>
   <div class='ocr_carea' id='block_1_95' title="bbox 200 5122 3608 5199">
    <p class='ocr_par' dir='ltr' id='par_1_95' title="bbox 200 5122 3608 5199">
     <span class='ocr_line' id='line_1_95' title="bbox 200 5122 3608 5199; baseline -0.001 -17"><span class='ocrx_word' id='word_1_703' title='bbox 200 5127 461 5199; x_wconf 86' lang='lat' dir='ltr'><strong>epistolis</strong></span> <span class='ocrx_word' id='word_1_704' title='bbox 484 5127 776 5184; x_wconf 89' lang='lat' dir='ltr'><strong>sententia</strong></span> <span class='ocrx_word' id='word_1_705' title='bbox 807 5127 1276 5198; x_wconf 88' lang='lat' dir='ltr'><strong>perseveraverit.</strong></span> <span class='ocrx_word' id='word_1_706' title='bbox 1957 5135 2376 5187; x_wconf 76' lang='lat' dir='ltr'><strong>monstrarunt.</strong></span> <span class='ocrx_word' id='word_1_707' title='bbox 2418 5126 2644 5192; x_wconf 89' lang='lat' dir='ltr'><strong>Quibus</strong></span> <span class='ocrx_word' id='word_1_708' title='bbox 2703 5142 2836 5182; x_wconf 88' lang='lat' dir='ltr'><strong>vero</strong></span> <span class='ocrx_word' id='word_1_709' title='bbox 2865 5142 2965 5198; x_wconf 91' lang='lat' dir='ltr'><strong>per</strong></span> <span class='ocrx_word' id='word_1_710' title='bbox 3021 5125 3204 5181; x_wconf 90' lang='lat' dir='ltr'><strong>otium</strong></span> <span class='ocrx_word' id='word_1_711' title='bbox 3261 5141 3376 5180; x_wconf 90' lang='lat' dir='ltr'><strong>non</strong></span> <span class='ocrx_word' id='word_1_712' title='bbox 3409 5122 3608 5179; x_wconf 90' lang='lat' dir='ltr'><strong>licebit</strong></span> 
     </span>
    </p>
   </div>
   <div class='ocr_carea' id='block_1_96' title="bbox 276 5213 3609 5288">
    <p class='ocr_par' dir='ltr' id='par_1_96' title="bbox 276 5213 3609 5288">
     <span class='ocr_line' id='line_1_96' title="bbox 276 5213 3609 5288; baseline -0.002 -16"><span class='ocrx_word' id='word_1_713' title='bbox 276 5220 344 5272; x_wconf 82' lang='lat' dir='ltr'><strong>At</strong></span> <span class='ocrx_word' id='word_1_714' title='bbox 391 5217 642 5274; x_wconf 64' lang='lat' dir='ltr'><strong>Dallaus</strong></span> <span class='ocrx_word' id='word_1_715' title='bbox 675 5216 774 5288; x_wconf 90' lang='lat' dir='ltr'><strong>qui</strong></span> <span class='ocrx_word' id='word_1_716' title='bbox 827 5216 948 5272; x_wconf 69' lang='lat' dir='ltr'><strong>haec</strong></span> <span class='ocrx_word' id='word_1_717' title='bbox 979 5233 1113 5272; x_wconf 84' lang='lat' dir='ltr'><strong>vera</strong></span> <span class='ocrx_word' id='word_1_718' title='bbox 1168 5233 1293 5274; x_wconf 89' lang='lat' dir='ltr'><strong>esse</strong></span> <span class='ocrx_word' id='word_1_719' title='bbox 1322 5219 1612 5288; x_wconf 90' lang='lat' dir='ltr'><strong>concedit,</strong></span> <span class='ocrx_word' id='word_1_720' title='bbox 1642 5220 1846 5276; x_wconf 89' lang='lat' dir='ltr'><strong>eodem</strong></span> <span class='ocrx_word' id='word_1_721' title='bbox 1953 5219 2392 5278; x_wconf 88' lang='lat' dir='ltr'><strong>lucubrationes</strong></span> <span class='ocrx_word' id='word_1_722' title='bbox 2424 5216 2557 5274; x_wconf 89' lang='lat' dir='ltr'><strong>illas</strong></span> <span class='ocrx_word' id='word_1_723' title='bbox 2587 5215 3088 5282; x_wconf 87' lang='lat' dir='ltr'><strong>evolvere,adeant</strong></span> <span class='ocrx_word' id='word_1_724' title='bbox 3111 5215 3300 5286; x_wconf 83' lang='lat' dir='ltr'><strong>ipsum</strong></span> <span class='ocrx_word' id='word_1_725' title='bbox 3333 5213 3609 5288; x_wconf 89' lang='lat' dir='ltr'><strong>Hierony-</strong></span> 
     </span>
    </p>
   </div>
   <div class='ocr_carea' id='block_1_97' title="bbox 202 5306 1850 5382">
    <p class='ocr_par' dir='ltr' id='par_1_97' title="bbox 202 5306 1850 5382">
     <span class='ocr_line' id='line_1_97' title="bbox 202 5306 1850 5382; baseline 0.004 -22"><span class='ocrx_word' id='word_1_726' title='bbox 202 5307 474 5363; x_wconf 86' lang='lat' dir='ltr'><strong>tamenin</strong></span> <span class='ocrx_word' id='word_1_727' title='bbox 510 5306 661 5362; x_wconf 90' lang='lat' dir='ltr'><strong>libro</strong></span> <span class='ocrx_word' id='word_1_728' title='bbox 694 5307 989 5362; x_wconf 84' lang='lat' dir='ltr'><strong>affirmare</strong></span> <span class='ocrx_word' id='word_1_729' title='bbox 1020 5323 1136 5361; x_wconf 92' lang='lat' dir='ltr'><strong>non</strong></span> <span class='ocrx_word' id='word_1_730' title='bbox 1169 5308 1397 5364; x_wconf 90' lang='lat' dir='ltr'><strong>dubitat</strong></span> <span class='ocrx_word' id='word_1_731' title='bbox 1424 5309 1446 5344; x_wconf 82' lang='grc'><strong>⁸</strong></span> <span class='ocrx_word' id='word_1_732' title='bbox 1479 5326 1492 5365; x_wconf 92' lang='lat'>:</span> <span class='ocrx_word' id='word_1_733' title='bbox 1528 5327 1552 5352; x_wconf 79' lang='grc' dir='ltr'><strong>α</strong></span> <span class='ocrx_word' id='word_1_734' title='bbox 1584 5309 1701 5382; x_wconf 90' lang='lat' dir='ltr'><strong>Ipsi</strong></span> <span class='ocrx_word' id='word_1_735' title='bbox 1725 5309 1850 5366; x_wconf 84' lang='lat' dir='ltr'><strong>Hie-</strong></span> 
     </span>
    </p>
   </div>
   <div class='ocr_carea' id='block_1_98' title="bbox 200 5395 1844 5468">
    <p class='ocr_par' dir='ltr' id='par_1_98' title="bbox 200 5395 1844 5468">
     <span class='ocr_line' id='line_1_98' title="bbox 200 5395 1844 5468; baseline 0.002 -18"><span class='ocrx_word' id='word_1_736' title='bbox 200 5412 439 5468; x_wconf 87' lang='lat' dir='ltr'><strong>ronymo</strong></span> <span class='ocrx_word' id='word_1_737' title='bbox 494 5405 592 5453; x_wconf 85' lang='lat' dir='ltr'><strong>aut</strong></span> <span class='ocrx_word' id='word_1_738' title='bbox 628 5395 828 5468; x_wconf 86' lang='lat' dir='ltr'><strong>ignota</strong></span> <span class='ocrx_word' id='word_1_739' title='bbox 885 5401 991 5452; x_wconf 86' lang='lat' dir='ltr'><strong>aut</strong></span> <span class='ocrx_word' id='word_1_740' title='bbox 1021 5400 1213 5466; x_wconf 87' lang='lat' dir='ltr'><strong>spreta</strong></span> <span class='ocrx_word' id='word_1_741' title='bbox 1271 5397 1451 5454; x_wconf 90' lang='lat' dir='ltr'><strong>fuisse</strong></span> <span class='ocrx_word' id='word_1_742' title='bbox 1490 5398 1671 5456; x_wconf 89' lang='lat' dir='ltr'><strong>videri</strong></span> <span class='ocrx_word' id='word_1_743' title='bbox 1707 5399 1844 5468; x_wconf 64' lang='lat' dir='ltr'><strong>haec,</strong></span> 
     </span>
    </p>
   </div>
   <div class='ocr_carea' id='block_1_99' title="bbox 204 5486 1846 5556">
    <p class='ocr_par' dir='ltr' id='par_1_99' title="bbox 204 5486 1846 5556">
     <span class='ocr_line' id='line_1_99' title="bbox 204 5486 1846 5556; baseline 0.003 -17"><span class='ocrx_word' id='word_1_744' title='bbox 204 5501 325 5555; x_wconf 65' lang='lat' dir='ltr'><strong>qua:</strong></span> <span class='ocrx_word' id='word_1_745' title='bbox 353 5486 526 5542; x_wconf 90' lang='lat' dir='ltr'><strong>hodie</strong></span> <span class='ocrx_word' id='word_1_746' title='bbox 585 5489 816 5542; x_wconf 89' lang='lat' dir='ltr'><strong>exstant</strong></span> <span class='ocrx_word' id='word_1_747' title='bbox 842 5486 1164 5556; x_wconf 88' lang='lat' dir='ltr'><strong>Ignatiana.</strong></span> <span class='ocrx_word' id='word_1_748' title='bbox 1205 5507 1234 5536; x_wconf 73' lang='grc' dir='ltr'><strong>ιο</strong></span> <span class='ocrx_word' id='word_1_749' title='bbox 1289 5486 1696 5545; x_wconf 87' lang='lat' dir='ltr'><strong>Verumtamen</strong></span> <span class='ocrx_word' id='word_1_750' title='bbox 1723 5505 1846 5547; x_wconf 84' lang='lat' dir='ltr'><strong>cer-</strong></span> 
     </span>
    </p>
   </div>
   <div class='ocr_carea' id='block_1_100' title="bbox 204 5572 1846 5651">
    <p class='ocr_par' dir='ltr' id='par_1_100' title="bbox 204 5572 1846 5651">
     <span class='ocr_line' id='line_1_100' title="bbox 204 5572 1846 5651; baseline 0.005 -23"><span class='ocrx_word' id='word_1_751' title='bbox 204 5572 495 5632; x_wconf 88' lang='lat' dir='ltr'><strong>tissimum</strong></span> <span class='ocrx_word' id='word_1_752' title='bbox 527 5579 619 5632; x_wconf 91' lang='lat' dir='ltr'><strong>est</strong></span> <span class='ocrx_word' id='word_1_753' title='bbox 666 5574 877 5646; x_wconf 88' lang='lat' dir='ltr'><strong>Ignatii</strong></span> <span class='ocrx_word' id='word_1_754' title='bbox 917 5574 1198 5646; x_wconf 86' lang='lat' dir='ltr'><strong>epistolas</strong></span> <span class='ocrx_word' id='word_1_755' title='bbox 1255 5575 1326 5631; x_wconf 90' lang='lat' dir='ltr'><strong>ab</strong></span> <span class='ocrx_word' id='word_1_756' title='bbox 1370 5575 1742 5651; x_wconf 86' lang='lat' dir='ltr'><strong>Hieronymo,</strong></span> <span class='ocrx_word' id='word_1_757' title='bbox 1794 5579 1846 5636; x_wconf 88' lang='lat' dir='ltr'><strong>si</strong></span> 
     </span>
    </p>
   </div>
   <div class='ocr_carea' id='block_1_101' title="bbox 203 5664 1842 5738">
    <p class='ocr_par' dir='ltr' id='par_1_101' title="bbox 203 5664 1842 5738">
     <span class='ocr_line' id='line_1_101' title="bbox 203 5664 1842 5738; baseline 0.001 -17"><span class='ocrx_word' id='word_1_758' title='bbox 203 5679 333 5722; x_wconf 81' lang='lat' dir='ltr'><strong>vere</strong></span> <span class='ocrx_word' id='word_1_759' title='bbox 358 5681 454 5722; x_wconf 83' lang='lat' dir='ltr'><strong>eas</strong></span> <span class='ocrx_word' id='word_1_760' title='bbox 485 5664 694 5738; x_wconf 87' lang='lat' dir='ltr'><strong>Ignatii</strong></span> <span class='ocrx_word' id='word_1_761' title='bbox 725 5680 855 5720; x_wconf 87' lang='lat' dir='ltr'><strong>esse</strong></span> <span class='ocrx_word' id='word_1_762' title='bbox 907 5664 1194 5735; x_wconf 87' lang='lat' dir='ltr'><strong>cognovit,</strong></span> <span class='ocrx_word' id='word_1_763' title='bbox 1227 5669 1451 5736; x_wconf 88' lang='lat' dir='ltr'><strong>spretas</strong></span> <span class='ocrx_word' id='word_1_764' title='bbox 1489 5683 1603 5722; x_wconf 92' lang='lat' dir='ltr'><strong>non</strong></span> <span class='ocrx_word' id='word_1_765' title='bbox 1636 5668 1842 5725; x_wconf 88' lang='lat' dir='ltr'><strong>fuisse.</strong></span> 
     </span>
    </p>
   </div>
   <div class='ocr_carea' id='block_1_102' title="bbox 1955 5301 3603 5382">
    <p class='ocr_par' dir='ltr' id='par_1_102' title="bbox 1955 5301 3603 5382">
     <span class='ocr_line' id='line_1_102' title="bbox 1955 5301 3603 5382; baseline -0.005 -17"><span class='ocrx_word' id='word_1_766' title='bbox 1955 5327 2120 5366; x_wconf 90' lang='lat' dir='ltr'><strong>mum</strong></span> <span class='ocrx_word' id='word_1_767' title='bbox 2152 5309 2325 5382; x_wconf 89' lang='lat' dir='ltr'><strong>epist.</strong></span> <span class='ocrx_word' id='word_1_768' title='bbox 2381 5311 2430 5376; x_wconf 87' lang='grc'><strong>1,</strong></span> <span class='ocrx_word' id='word_1_769' title='bbox 2465 5305 2533 5362; x_wconf 86' lang='lat' dir='ltr'><strong>ad</strong></span> <span class='ocrx_word' id='word_1_770' title='bbox 2571 5304 2967 5372; x_wconf 77' lang='lat' dir='ltr'><strong>Heliodorum;</strong></span> <span class='ocrx_word' id='word_1_771' title='bbox 2993 5303 3162 5375; x_wconf 91' lang='lat' dir='ltr'><strong>epist.</strong></span> <span class='ocrx_word' id='word_1_772' title='bbox 3193 5303 3226 5356; x_wconf 90' lang='lat'><strong>3</strong></span> <span class='ocrx_word' id='word_1_773' title='bbox 3253 5301 3322 5358; x_wconf 88' lang='lat' dir='ltr'><strong>ad</strong></span> <span class='ocrx_word' id='word_1_774' title='bbox 3350 5303 3603 5374; x_wconf 76' lang='lat' dir='ltr'><strong>Nepotia-</strong></span> 
     </span>
    </p>
   </div>
   <div class='ocr_carea' id='block_1_103' title="bbox 1953 5392 3603 5471">
    <p class='ocr_par' dir='ltr' id='par_1_103' title="bbox 1953 5392 3603 5471">
     <span class='ocr_line' id='line_1_103' title="bbox 1953 5392 3603 5471; baseline -0.004 -15"><span class='ocrx_word' id='word_1_775' title='bbox 1953 5417 2123 5467; x_wconf 77' lang='lat' dir='ltr'><strong>num;</strong></span> <span class='ocrx_word' id='word_1_776' title='bbox 2153 5400 2324 5471; x_wconf 91' lang='lat' dir='ltr'><strong>epist.</strong></span> <span class='ocrx_word' id='word_1_777' title='bbox 2374 5399 2467 5463; x_wconf 89' lang='lat'><strong>27,</strong></span> <span class='ocrx_word' id='word_1_778' title='bbox 2499 5395 2570 5451; x_wconf 84' lang='lat' dir='ltr'><strong>ad</strong></span> <span class='ocrx_word' id='word_1_779' title='bbox 2601 5394 2949 5450; x_wconf 75' lang='lat' dir='ltr'><strong>Eustochium</strong></span> <span class='ocrx_word' id='word_1_780' title='bbox 2985 5392 3158 5463; x_wconf 87' lang='lat' dir='ltr'><strong>epist.</strong></span> <span class='ocrx_word' id='word_1_781' title='bbox 3192 5393 3284 5462; x_wconf 80' lang='lat'><strong>6&#39;2,</strong></span> <span class='ocrx_word' id='word_1_782' title='bbox 3330 5392 3404 5447; x_wconf 84' lang='lat' dir='ltr'><strong>ad</strong></span> <span class='ocrx_word' id='word_1_783' title='bbox 3438 5393 3603 5449; x_wconf 85' lang='lat' dir='ltr'><strong>Theo-</strong></span> 
     </span>
    </p>
   </div>
   <div class='ocr_carea' id='block_1_104' title="bbox 1951 5481 3606 5561">
    <p class='ocr_par' dir='ltr' id='par_1_104' title="bbox 1951 5481 3606 5561">
     <span class='ocr_line' id='line_1_104' title="bbox 1951 5481 3606 5561; baseline -0.004 -16"><span class='ocrx_word' id='word_1_784' title='bbox 1951 5489 2188 5561; x_wconf 80' lang='lat' dir='ltr'><strong>philum,</strong></span> <span class='ocrx_word' id='word_1_785' title='bbox 2250 5489 2616 5543; x_wconf 78' lang='lat' dir='ltr'><strong>Commentar.</strong></span> <span class='ocrx_word' id='word_1_786' title='bbox 2641 5485 2702 5540; x_wconf 80' lang='lat' dir='ltr'><strong>in</strong></span> <span class='ocrx_word' id='word_1_787' title='bbox 2729 5500 2847 5554; x_wconf 85' lang='lat' dir='ltr'><strong>cap.</strong></span> <span class='ocrx_word' id='word_1_788' title='bbox 2897 5498 2975 5537; x_wconf 81' lang='lat' dir='ltr'><strong>vn</strong></span> <span class='ocrx_word' id='word_1_789' title='bbox 3010 5481 3262 5550; x_wconf 68' lang='lat' dir='ltr'><strong>Milo/ceae,</strong></span> <span class='ocrx_word' id='word_1_790' title='bbox 3291 5486 3350 5537; x_wconf 93' lang='lat' dir='ltr'><strong>et</strong></span> <span class='ocrx_word' id='word_1_791' title='bbox 3379 5498 3497 5554; x_wconf 84' lang='lat' dir='ltr'><strong>cap.</strong></span> <span class='ocrx_word' id='word_1_792' title='bbox 3536 5499 3606 5538; x_wconf 76' lang='grc' dir='ltr'><strong>ιι</strong></span> 
     </span>
    </p>
   </div>
   <div class='ocr_carea' id='block_1_105' title="bbox 1951 5569 3606 5648">
    <p class='ocr_par' dir='ltr' id='par_1_105' title="bbox 1951 5569 3606 5648">
     <span class='ocr_line' id='line_1_105' title="bbox 1951 5569 3606 5648; baseline -0.003 -12"><span class='ocrx_word' id='word_1_793' title='bbox 1951 5579 2134 5645; x_wconf 55' lang='lat' dir='ltr'><strong>Isaia,</strong></span> <span class='ocrx_word' id='word_1_794' title='bbox 2185 5577 2395 5648; x_wconf 79' lang='lat' dir='ltr'><strong>Dialog.</strong></span> <span class='ocrx_word' id='word_1_795' title='bbox 2427 5575 2681 5631; x_wconf 71' lang='lat' dir='ltr'><strong>adversus</strong></span> <span class='ocrx_word' id='word_1_796' title='bbox 2737 5572 2986 5642; x_wconf 78' lang='lat' dir='ltr'><strong>Lucifer.</strong></span> <span class='ocrx_word' id='word_1_797' title='bbox 3039 5574 3097 5626; x_wconf 91' lang='lat' dir='ltr'><strong>et</strong></span> <span class='ocrx_word' id='word_1_798' title='bbox 3135 5569 3238 5627; x_wconf 92' lang='lat' dir='ltr'><strong>lib.</strong></span> <span class='ocrx_word' id='word_1_799' title='bbox 3270 5590 3289 5627; x_wconf 85' lang='lat'>1</span> <span class='ocrx_word' id='word_1_800' title='bbox 3347 5572 3606 5631; x_wconf 70' lang='lat' dir='ltr'><strong>adversus</strong></span> 
     </span>
    </p>
   </div>
   <div class='ocr_carea' id='block_1_106' title="bbox 1947 5658 3604 5737">
    <p class='ocr_par' dir='ltr' id='par_1_106' title="bbox 1947 5658 3604 5737">
     <span class='ocr_line' id='line_1_106' title="bbox 1947 5658 3604 5737; baseline 0.001 -14"><span class='ocrx_word' id='word_1_801' title='bbox 1947 5665 2256 5732; x_wconf 71' lang='lat' dir='ltr'><strong>Joviaian.,</strong></span> <span class='ocrx_word' id='word_1_802' title='bbox 2290 5661 2629 5737; x_wconf 90' lang='lat' dir='ltr'><strong>atqueiisin</strong></span> <span class='ocrx_word' id='word_1_803' title='bbox 2655 5659 2797 5715; x_wconf 85' lang='lat' dir='ltr'><strong>locis</strong></span> <span class='ocrx_word' id='word_1_804' title='bbox 2829 5658 3273 5716; x_wconf 88' lang='lat' dir='ltr'><strong>sanctissimum</strong></span> <span class='ocrx_word' id='word_1_805' title='bbox 3306 5659 3604 5724; x_wconf 86' lang='lat' dir='ltr'><strong>doctorem</strong></span> 
     </span>
    </p>
   </div>
   <div class='ocr_carea' id='block_1_107' title="bbox 269 5775 2626 5855">
    <p class='ocr_par' dir='ltr' id='par_1_107' title="bbox 269 5775 2626 5855">
     <span class='ocr_line' id='line_1_107' title="bbox 269 5775 2626 5855; baseline -0.003 -16"><span class='ocrx_word' id='word_1_806' title='bbox 269 5779 290 5816; x_wconf 85' lang='grc'>⁸</span> <span class='ocrx_word' id='word_1_807' title='bbox 317 5779 514 5839; x_wconf 85' lang='lat' dir='ltr'><strong>homil.</strong></span> <span class='ocrx_word' id='word_1_808' title='bbox 542 5780 617 5838; x_wconf 74' lang='lat' dir='ltr'><strong>De</strong></span> <span class='ocrx_word' id='word_1_809' title='bbox 646 5793 756 5837; x_wconf 80' lang='lat' dir='ltr'><strong>uno</strong></span> <span class='ocrx_word' id='word_1_810' title='bbox 783 5777 1139 5852; x_wconf 72' lang='lat' dir='ltr'><strong>chislatore.</strong></span> <span class='ocrx_word' id='word_1_811' title='bbox 1174 5775 1198 5811; x_wconf 86' lang='grc'><strong>⁴</strong></span> <span class='ocrx_word' id='word_1_812' title='bbox 1225 5793 1353 5850; x_wconf 83' lang='lat' dir='ltr'><strong>cap.</strong></span> <span class='ocrx_word' id='word_1_813' title='bbox 1381 5778 1470 5849; x_wconf 88' lang='lat'><strong>35,</strong></span> <span class='ocrx_word' id='word_1_814' title='bbox 1503 5795 1561 5852; x_wconf 89' lang='lat' dir='ltr'><strong>p.</strong></span> <span class='ocrx_word' id='word_1_815' title='bbox 1592 5779 1718 5837; x_wconf 76' lang='grc'><strong>446.</strong></span> <span class='ocrx_word' id='word_1_816' title='bbox 1749 5781 1774 5816; x_wconf 80' lang='grc'>⁵</span> <span class='ocrx_word' id='word_1_817' title='bbox 1803 5797 1932 5855; x_wconf 89' lang='lat' dir='ltr'><strong>cap.</strong></span> <span class='ocrx_word' id='word_1_818' title='bbox 1962 5780 1997 5834; x_wconf 89' lang='lat'><strong>7</strong></span> <span class='ocrx_word' id='word_1_819' title='bbox 2040 5783 2098 5837; x_wconf 91' lang='lat' dir='ltr'><strong>et</strong></span> <span class='ocrx_word' id='word_1_820' title='bbox 2128 5779 2177 5834; x_wconf 79' lang='lat'><strong>9.</strong></span> <span class='ocrx_word' id='word_1_821' title='bbox 2213 5776 2237 5812; x_wconf 79' lang='lat'><strong><em>‘</em></strong></span> <span class='ocrx_word' id='word_1_822' title='bbox 2272 5793 2400 5851; x_wconf 86' lang='lat' dir='ltr'><strong>cap.</strong></span> <span class='ocrx_word' id='word_1_823' title='bbox 2431 5777 2466 5832; x_wconf 92' lang='lat'>8</span> <span class='ocrx_word' id='word_1_824' title='bbox 2492 5782 2549 5835; x_wconf 89' lang='lat' dir='ltr'><strong>et</strong></span> <span class='ocrx_word' id='word_1_825' title='bbox 2570 5776 2626 5832; x_wconf 82' lang='lat'><strong>9.</strong></span> 
     </span>
    </p>
   </div>
  </div>
