4026 6206
419 374 536 436 499

1475 365 1542 426 S.
1587 361 1988 425 IGNATIUS.
2033 391 2114 408 —
2156 358 2760 423 PROLEGOMENA.

3660 361 3755 424 000

423 507 494 564 de
527 507 898 578 episcOpatus
929 498 1358 561 necessitate,et
1388 512 1504 567 prae
1553 495 1959 568 presbyteratu
1981 511 2074 552 ex-
2105 498 2161 566 Α
2189 495 2460 552 Patribns
2491 495 2756 560 deducta,
2807 505 3090 563 pugnare,
3123 505 3332 560 easque
3367 490 3605 547 funditus
3632 508 3764 549 ever-

421 596 692 651 cellentia
730 591 928 647 eadem
963 588 1135 660 plane
1167 603 1234 642 ac
1268 586 1559 658 lgnatium
1619 593 1886 642 nostrum
1920 585 2067 642 scri-

419 684 608 754 psisse
633 678 957 735 clarissime
991 675 1365 749 perspicient.

496 771 860 838 QuaprOpter
881 783 998 822 non
1032 765 1288 837 amplius
1315 765 1646 821 audiendus
1677 769 1765 820 est
1796 764 2068 833 Dallaeus,

415 854 516 925 qui
551 870 758 910 rursus
810 853 988 910 hasce
1015 853 1223 926 lgnatii
1267 852 1546 924 epistolas
1594 851 1944 924 Hieronymo
1974 851 2069 906 in-

415 943 684 1013 cognitas
740 942 924 1000 fuisse
956 945 1090 1000 inde
1123 943 1368 1015 probare
1397 948 1663 1008 conatur,
1698 943 1851 1015 quod
1898 944 2070 1014 Igna-

416 1031 541 1088 tius
571 1033 730 1088 dicat
762 1031 785 1066 ⁷
833 1033 1130 1090 Christum
1157 1051 1190 1088 a
1225 1033 1472 1088 mortuis
1505 1032 1888 1087 resurrexisse
1917 1030 2068 1085 dilu-

420 1122 573 1192 culo,
623 1123 1018 1193 Hieronymus
1048 1122 1267 1178 vero':
1331 1143 1359 1172 «
1415 1120 1694 1176 Dominus
1753 1120 2071 1176 resurrexit

420 1216 586 1279 hora,
620 1229 736 1284 qua
783 1212 906 1283 ipse
939 1211 1140 1276 voluit,
1174 1219 1230 1267 et
1262 1227 1385 1283 quas
1419 1211 1564 1266 nulli
1599 1209 1934 1266 mortalium
1973 1225 2067 1264 co-

417 1305 581 1373 gnita
607 1310 713 1358 est.
747 1326 774 1353 ››
833 1308 924 1369 At,
979 1303 1172 1373 inquit
1228 1301 1496 1370 Uallaeus,
1550 1301 1827 1354 doctrinis
1862 1297 2070 1369 lgnatii

420 1393 563 1447 adeo
586 1393 974 1463 repugnantia
995 1392 1411 1463 Hieronymum
1434 1391 1739 1459 scripsisse
1757 1388 2071 1444 verisimile

421 1497 534 1536 non
561 1488 670 1536 est.
693 1482 800 1536 Sed
834 1480 943 1536 hoc
975 1488 1388 1551 argumentum
1416 1481 1615 1535 eodem
1647 1495 1712 1534 ac
1743 1477 2070 1550 praecedens

423 1571 662 1626 ruinoso
697 1587 764 1625 ac
826 1570 1142 1624 lalsissimo
1175 1570 1379 1623 nititur
1404 1569 1806 1624 fundamento.
1851 1567 2070 1623 Deinde

419 1658 516 1713 illa
552 1661 745 1725 verba,
780 1676 907 1729 quae
927 1659 1130 1725 objicit
1162 1658 1431 1723 Dallaaus,
1465 1675 1581 1713 non
1614 1658 1670 1712 in
1703 1658 1854 1712 veris
1876 1674 1941 1712 ac
1971 1671 2068 1727 ge-

423 1747 621 1802 nuinis
665 1748 868 1816 lgnatii
898 1748 1182 1817 epistolis,
1226 1749 1325 1802 sed
1359 1747 1415 1802 in
1449 1763 1644 1802 earum
1678 1745 2073 1819 interpolatio-

428 1838 602 1890 nibus
627 1837 1020 1906 reperiuntur.

2182 590 2324 642 tere.
2358 589 2475 640 Hac
2533 583 2728 654 itaque
2753 597 2930 636 sensu
2989 579 3062 635 ab
3096 579 3335 650 lgnatio,
3365 583 3419 633 et
3474 578 3763 653 Polycarpo,

2181 680 2281 732 aut
2305 675 2435 731 aliis
2459 675 2739 730 adversus
2770 671 3134 728 Theodotum
3167 668 3334 740 plena
3362 668 3629 741 sapientiai
3651 688 3765 727 con-

2181 768 2396 841 scripta
2423 768 2605 824 fuisse
2633 763 2933 822 volumina
2963 763 3342 834 Hieronymus
3377 761 3521 816 haud
3547 761 3766 818 immeri.

2183 862 2242 914 to
2281 873 2560 924 asserere,
2593 855 2924 926 litterisque
2953 852 3235 909 mandare
3267 856 3460 924 potuit.

2257 1001 2376 1070 ἐκ.
2414 1000 2688 1057 Ultimum
2735 1004 3134 1123 argumentum
3183 1010 3252 1050 ex
3292 994 3418 1048 alii:
3465 992 3774 1064 scriptoribus

2871 1085 2899 1123 ε
2927 1085 3000 1123 zcz
3027 1083 3143 1123 um.

2871 1083 3143 1125 cumtum.

2259 1215 2420 1280 Quod
2455 1215 2524 1269 ad
2586 1217 2823 1270 ceteros
2874 1227 3080 1266 omnes
3124 1212 3252 1282 post
3285 1207 3667 1278 Hieronymum
3716 1207 3775 1261 ad

2183 1311 2384 1362 nostra
2440 1321 2627 1377 usque
2673 1313 2932 1372 tempora
2962 1300 3278 1372 scriptores
3309 1304 3540 1367 spectat,
3567 1297 3658 1352 bos
3685 1313 3776 1351 uno

2184 1399 2413 1450 tantum
2450 1398 2504 1449 et
2536 1393 2714 1448 altero
2747 1409 2819 1447 ne
2855 1390 3180 1461 quidquam
3205 1387 3482 1459 exceptis,
3509 1392 3696 1441 nostra
3722 1383 3779 1439 de

2181 1484 2390 1556 lgnatii
2445 1482 2706 1553 epistolis
2765 1482 3068 1535 sententiae
3119 1478 3532 1549 subscripsisse
3567 1474 3780 1531 Dalleus

2178 1575 2421 1645 ejusque
2451 1574 2718 1628 defensor
2779 1573 3070 1626 fatentur:
3104 1593 3132 1620 «
3192 1567 3584 1632 Athanasium,
3609 1564 3784 1635 inquit

2179 1661 2431 1717 Dallmus
2467 1660 2531 1721 ιο.
2567 1660 2983 1732 Hieronymum
3040 1665 3099 1713 et
3133 1657 3570 1721 Theodoretum,
3625 1652 3779 1708 multo

2185 1767 2322 1806 vero
2378 1749 2553 1805 etiam
2610 1750 2807 1804 minus
2857 1748 3003 1803 alios
3034 1747 3164 1802 istis
3197 1744 3538 1801 recentiores
3578 1740 3783 1798 Eusebii

2105 1877 2157 1941 Β
2187 1841 2340 1896 falsa)
2371 1842 2443 1896 de
2503 1841 2822 1911 Ignatianis
2873 1840 3193 1941 suspicioni
3227 1853 3297 1893 ex
3346 1834 3587 1941 quadam
3631 1831 3783 1941 animi

505 1930 624 1979 Hac
655 1927 859 1980 eadem
921 1925 1300 1997 responsione
1331 1925 1660 1998 exploditur
1691 1923 1849 1981 aliud
1883 1923 2081 1980 Dallei
2111 1923 2157 1941 ⁵’
2193 1929 2582 2000 simplicitate,
2617 1930 2837 2000 absque
2885 1928 3016 1984 dolo
3047 1928 3222 1994 malo,
3284 1927 3382 1981 sed
3415 1925 3622 1995 absque
3655 1925 3788 1976 certa

436 2021 822 2076 momentum.

909 2032 1020 2086 quo
1081 2033 1252 2070 rursu
1333 2015 1744 2086 Hieronymum
1831 2014 1903 2069 de
1988 2014 2077 2070 his

2190 2022 2340 2076 ratio
2391 2021 2775 2083 adhaerentes.
2842 2041 2869 2070 ››
2914 2024 3020 2074 etc.
3057 2018 3180 2073 Non
3239 2015 3529 2086 estigitur
3586 2025 3788 2066 necesse

434 2103 643 2175 lgnatii
677 2105 938 2176 epistolis
961 2105 1187 2176 judicio
1222 2107 1428 2160 falsum
1459 2121 1586 2160 esse
1621 2109 1806 2174 urget.
1828 2103 2079 2176 Opponit
2189 2110 2281 2166 hic
2305 2109 2669 2182 singulorum
2704 2110 2915 2164 referre
2956 2107 3298 2164 testimonia
3331 2122 3343 2160 :
3376 2104 3473 2160 sed
3504 2119 3671 2175 Operm
3690 2114 3790 2172 pre-

434 2211 687 2263 namque
733 2195 830 2251 illa
878 2199 1062 2251 sancti
1125 2195 1382 2251 doctoris
1413 2196 1588 2250 verba
1617 2195 1638 2230 ⁹
1670 2211 1683 2249 :
1719 2218 1744 2244 «
1797 2192 2077 2264 Nunquid
2186 2200 2334 2254 tium
2368 2203 2458 2254 est
2487 2201 2717 2254 brevem
2751 2213 2951 2252 eorum
2985 2195 3320 2267 catalogum
3352 2199 3570 2257 texere;
3603 2195 3659 2243 ut
3684 2203 3788 2243 om-

430 2299 542 2338 non
580 2302 892 2356 possumus
926 2287 1029 2340 tibi
1088 2291 1270 2340 totam
1322 2290 1576 2341 veterum
1603 2284 1952 2354 scriptorum
1991 2296 2077 2338 se-

431 2376 570 2431 riem
632 2395 1113 2438 commemorare.
1166 2377 1483 2448 Ignatiurn,
1517 2376 1920 2448 Polycarpum,
1955 2375 2072 2431 Ire-

427 2481 640 2533 naeum,
665 2466 964 2522 Justinum
1001 2476 1334 2539 martyrem,
1395 2464 1727 2536 multosque
1757 2465 1902 2520 alios
1923 2481 2071 2536 apo-

427 2553 662 2610 stolicos
692 2561 748 2610 et
801 2556 1137 2627 eloquentes
1195 2557 1370 2624 viros,
1426 2555 1521 2625 qui
1563 2555 1845 2611 adversus
1903 2553 2071 2610 Ebio-

423 2651 643 2709 nem,et
671 2645 1031 2701 Theodotum
1062 2647 1426 2717 Byzantium,
1457 2649 1514 2700 et
1546 2643 1916 2701 Valentinum
1949 2643 2072 2698 haec

422 2734 621 2788 eadem
657 2735 1000 2801 sentientes,
1037 2735 1206 2806 plena
1264 2733 1561 2805 sapientiae
1615 2733 1912 2789 volumina
1942 2750 2073 2788 con-

423 2823 803 2893 scripserunt.
840 2845 868 2873 »
905 2826 1077 2894 Atqui
1107 2824 1384 2880 Theodoti
1421 2839 1657 2890 nomen,
1684 2824 1765 2877 ait
1795 2821 2068 2890 Dallaaus,

425 2927 541 2967 non
565 2914 622 2966 in
669 2912 801 2968 aliis
832 2915 1184 2984 scriptorum
1219 2918 1660 2984 omnium,quos
1692 2911 1942 2967 eximius
1973 2912 2070 2968 ille

425 3001 627 3056 doctor
675 3008 1113 3070 commemorat,
1141 3003 1435 3074 operibus,
1470 3002 1580 3058 nisi
1606 3002 1665 3056 in
1697 3001 1838 3057 solis
1865 3001 2068 3073 lgnatii

423 3090 685 3162 epistolis
735 3092 986 3164 reperire
1025 3101 1130 3146 est.
1180 3091 1568 3164 Hieronymus
1627 3108 1760 3160 ergo
1811 3091 2070 3162 loquitur

424 3181 494 3234 de
524 3180 774 3251 lgnatio;
814 3181 914 3253 qui
947 3198 1082 3236 cum
1113 3187 1245 3237 ante
1275 3182 1637 3238 Theodotum
1666 3183 1895 3248 obierit,
1930 3182 2067 3236 inde

2187 2305 2290 2344 nes
2323 2289 2520 2343 audito
2552 2287 3018 2360 uniuscujusque
3043 2287 3302 2349 nomine,
3335 2284 3453 2354 qui,
3483 2284 3790 2353 quantaque

2184 2378 2546 2434 auctoritatis
2601 2377 2838 2437 fuerint.
2879 2381 2936 2431 et
3008 2391 3183 2447 quam
3245 2374 3520 2429 invictum
3571 2386 3634 2424 ex
3683 2382 3790 2438 per-

2185 2475 2361 2539 petua
2391 2483 2589 2522 eorum
2623 2466 2938 2522 traditione
2966 2466 3034 2521 ad
3072 2465 3422 2522 asserendas
3454 2458 3647 2534 lgnatii
3675 2473 3790 2512 nos-

2180 2558 2252 2613 tri
2285 2557 2583 2628 epistolas,
2631 2561 3038 2628 argumentum
3091 2557 3360 2622 ducatur,
3423 2551 3634 2623 possint
3661 2549 3790 2603 certo

2181 2648 2539 2717 dignoscere.

2253 2736 2461 2800 Quinto
2493 2736 2673 2808 igitur
2703 2735 2967 2792 Ecclesia:
2999 2734 3213 2791 saeculo
3247 2734 3612 2806 proferuntur
3633 2726 3790 2783 Theo-

2179 2827 2414 2882 doretus
2444 2828 2606 2897 epist.
2655 2825 2729 2881 ad
2759 2827 3000 2881 Monach.
3063 2824 3442 2892 Constantin.,
3473 2820 3662 2889 Dmlog.
3706 2817 3788 2869 ln-
3855 2869 3858 2874 .

2179 2914 2900 2986 confus.,Dialog.lmpat.,
2928 2913 3135 2985 Dialog.
3161 2912 3507 2979 lmmutab.,
3529 2909 3619 2964 ubi
3652 2907 3793 2976 plura

2178 3021 2245 3060 ex
2277 3003 2369 3059 his
2400 3003 2666 3076 epistolis
2715 3003 3048 3059 testimonia
3079 3004 3367 3058 adversus
3417 3000 3504 3056 sui
3557 2990 3794 3065 temporis

2182 3095 2482 3150 haereticos
2513 3093 2886 3164 transcripsit
2945 3093 3089 3148 Item
3151 3091 3428 3149 Gelasius
3485 3088 3542 3143 in
3567 3087 3670 3142 line
3708 3080 3794 3136 lib.

2181 3186 2252 3240 De
2281 3185 2493 3240 duabus
2521 3185 2740 3238 naturis
2771 3185 2824 3237 in
2861 3182 3091 3238 Christo.

418 3247 668 3325 Dallaeus
725 3247 993 3326 eumdem
1029 3272 1446 3344 Hieronymum
1486 3288 1713 3327 errasse
1744 3247 2062 3327 concludit.
2097 3247 2140 3315 (ἶ
2249 3275 2413 3329 Sexto
2472 3272 2682 3328 sarculo
2715 3272 2778 3328 Β.
2808 3271 3054 3344 Ephrem
3082 3271 3420 3342 patriarcha
3440 3263 3796 3324 Antiochenus

418 3363 491 3413 At
511 3359 793 3415 Theodoti
828 3377 1034 3416 nomen
1059 3360 1117 3414 in
1150 3361 1471 3416 litterarum
1505 3360 1712 3433 lgnatii
1745 3359 2059 3432 interpola-

417 3449 678 3504 tionibus
709 3449 993 3506 duntaxat
1022 3450 1350 3506 adhibitum
1375 3454 1483 3507 est.
1515 3450 1904 3519 Hieronymus
1927 3466 2060 3522 ergo

416 3538 496 3593 ibi
531 3555 642 3595 non
672 3540 740 3595 ad
767 3539 1061 3612 Ignatium
1094 3540 1390 3607 collineat,
1407 3542 1505 3597 sed
1541 3539 1614 3595 ad
1644 3539 1822 3596 alium
1856 3556 2063 3611 quem-

415 3628 599 3699 piam,
622 3634 761 3702 puta
791 3631 1073 3685 Irenaaum
1106 3629 1192 3686 vel
1215 3629 1469 3702 aliquem
1501 3646 1570 3686 ex
1596 3630 1688 3697 iis,
1731 3645 1875 3700 quos
1923 3645 2063 3701 apo-

416 3718 654 3776 stolicos
684 3719 846 3776 viros
879 3720 1044 3787 dicit,
1080 3737 1344 3793 quosque
1375 3721 1447 3778 ad
1480 3720 1764 3777 Theodoti
1798 3725 2063 3794 tempora

417 3811 752 3880 pervenisse
784 3809 984 3867 nullus
1009 3813 1254 3885 ignorat.

492 3901 678 3956 Instat
743 3909 933 3958 tamen
989 3901 1184 3958 Dallaei
1221 3902 1510 3964 defensor,
1554 3901 1739 3957 donec
1788 3899 1837 3956 is
1887 3916 2060 3972 quem

421 3990 808 4065 Hieronymus
861 3992 1104 4061 notavit,
1153 3992 1513 4062 designetur,
1546 3991 1744 4048 eodem
1768 3991 1904 4061 jure
1936 3988 2062 4045 Dal-

419 4079 558 4135 laaus
589 4096 714 4134 eum
770 4079 1062 4150 Ignatium
1113 4078 1294 4134 fuisse
1324 4079 1618 4134 afﬁrmare
1667 4079 1900 4149 poterit,
1945 4096 2061 4150 quo

416 4167 516 4222 alii
565 4167 743 4222 alium
778 4167 1100 4222 indicatum
1157 4183 1282 4222 esse
1313 4169 1534 4224 volunt.
1582 4167 1886 4239 Egregiam
1921 4185 2062 4225 sane

415 4253 608 4311 Dallaai
667 4254 1110 4310 deiensioneml
1172 4271 1300 4324 quat
1331 4255 1603 4310 eumdem
1651 4253 1934 4311 Dallaeum
1993 4273 2060 4312 eo

415 4349 760 4418 argumento
786 4345 854 4398 ad
890 4343 1182 4416 opinionis
1199 4359 1317 4398 sua;
1348 4343 1856 4400 conﬁrmationem
1885 4362 2060 4402 usum

415 4451 544 4492 esse
576 4432 894 4498 contendit,
936 4431 1089 4503 quod
1151 4449 1264 4487 non
1317 4432 1502 4504 magis
1536 4432 1606 4489 ad
1651 4449 1843 4502 suam,
1882 4450 2058 4505 quam

415 4525 485 4582 ad
517 4521 982 4580 adversariorum
1016 4522 1370 4578 sententiam
1401 4523 1811 4580 stabiliendam
1855 4531 2059 4597 aptum

2167 3363 2315 3419 libro
2349 3363 2418 3419 De
2447 3363 2624 3418 sacris
2652 3361 2950 3417 Antiochia
2981 3361 3190 3433 legibus
3226 3362 3296 3428 ¹¹,
3360 3359 3458 3415 ubi
3507 3349 3795 3412 Severianis

2172 3453 2388 3527 lgnatii
2440 3453 2623 3509 nostri
2683 3452 3085 3508 auctoritatem
3119 3451 3392 3524 opponit.
3427 3447 3620 3505 Gildas
3648 3443 3794 3515 epist.

2168 3547 2243 3602 De
2269 3542 2486 3601 excidio
2523 3541 2856 3599 Britanniae.
2889 3540 3092 3598 Jobius
3150 3545 3488 3598 monachus
3541 3538 3608 3593 De
3628 3537 3796 3591 lucar-

2167 3634 2372 3692 nat.“.
2431 3632 2701 3688 Leontius
2760 3631 3098 3686 Bizantinus
3145 3629 3233 3688 lib
3296 3637 3375 3687 De
3407 3633 3533 3686 sect.
3571 3628 3668 3682 Act.
3719 3637 3793 3691 Ill,

2171 3725 2268 3780 ubi
2302 3721 2606 3779 haereticos
2655 3721 3056 3777 auctoritateex
3119 3721 3359 3792 lgnatii,
3423 3735 3534 3775 non
3566 3729 3714 3773 secus
3739 3724 3796 3765 ac

2170 3815 2396 3884 Irenei,
2441 3812 2662 3870 Justini
2713 3811 3074 3883 aliorumque
3125 3814 3373 3868 Patrum
3426 3808 3701 3881 recepisse
3734 3805 3802 3856 te-

2169 3910 2377 3962 statur.

2242 4003 2501 4074 Septimo
2579 4001 2787 4058 saeculo
2863 3999 3213 4057 Anastasius
3296 3997 3624 4056 monachus
3672 3989 3802 4047 libro

2170 4085 2442 4165 Ὀὂηγῶν,
2501 4091 2599 4146 ubi
2660 4090 2928 4146 eumdem
2993 4089 3406 4145 haereticorum
3481 4094 3801 4143 consensum

2170 4181 2803 4236 memorat.Antiorhus
2829 4178 3414 4237 monach.Palzestin.
3447 4173 3646 4232 homil.
3696 4167 3802 4224 124.

2170 4267 2314 4321 Item
2361 4269 2649 4324 Maximus
2692 4271 2892 4334 abbas,
2941 4276 2996 4323 et
3035 4266 3380 4324 Theodotus
3439 4265 3724 4339 presbyter
3750 4256 3806 4323 ’³,

2173 4355 2271 4409 ubi
2322 4355 2393 4411 de
2451 4356 2712 4428 Dionysii
2763 4357 3124 4429 Areopagitre
3169 4356 3462 4430 operibus
3509 4350 3804 4425 diSputant,

2170 4443 2577 4500 testimonium
2629 4447 2841 4517 lgnatii
2891 4446 3096 4511 nostri,
3129 4447 3240 4502 etsi
3290 4461 3500 4503 eorum
3536 4437 3808 4498 sententia

2171 4549 2529 4606 repugnans,
2556 4551 2657 4605 pro
2679 4542 2834 4592 certo
2862 4553 2926 4594 ac
2977 4537 3212 4594 minime
3273 4537 3462 4592 dubio
3494 4529 3806 4590 admittunt.

418 4627 545 4668 esse
597 4609 922 4682 profitetur.
973 4614 1258 4668 Przeterea
1288 4629 1419 4669 cum
1447 4611 1725 4670 Theodoti
1759 4631 1969 4671 nomen
2001 4615 2059 4671 in
2090 4602 2138 4668 D
2239 4602 2451 4681 δοξανο
2482 4602 2692 4681 sabulo
2724 4625 2982 4684 Joannes
3014 4627 3429 4683 Damasccnus
3475 4626 3534 4681 in
3565 4623 3664 4678 lib,
3715 4619 3806 4674 Pa-

417 4701 712 4777 genuinis,
748 4706 812 4758 ut
854 4701 1133 4773 diximus,
1177 4704 1382 4776 lgnatii
1417 4704 1700 4778 epistolis,
1734 4723 1850 4763 non
1909 4705 2064 4766 inve-

420 4795 635 4863 niatur,
665 4794 840 4852 alium
881 4797 1120 4853 omnino
1170 4797 1243 4854 ab
1294 4797 1642 4872 Hieronymo
1691 4801 2061 4872 designatum

414 4883 594 4943 fuisse
624 4901 862 4944 necesse
893 4893 999 4944 est.

488 4975 684 5050 Neque
715 4976 930 5033 dixeris
966 4993 978 5032 :
1015 4976 1232 5034 Saltem
1292 4982 1493 5034 auctor
1523 4985 1722 5038 noster
1757 4981 2056 5051 Theodoti,

413 5067 638 5140 Ignatio
671 5067 1031 5138 recentioris,
1077 5083 1331 5124 errorem
1383 5072 1573 5140 arguit
1610 5075 1669 5125 et
1725 5069 2054 5142 impugnat.

411 5156 558 5214 Nam
590 5162 728 5230 quot
763 5157 1164 5214 haereticorum
1210 5172 1455 5227 errores,
1514 5166 1828 5230 antequam
1877 5159 2054 5216 iidem

408 5246 663 5304 heretici
729 5249 784 5304 in
846 5248 1035 5304 lucem
1081 5247 1223 5305 editi
1281 5247 1550 5317 fuissent,
1602 5249 1662 5304 in
1720 5254 2053 5308 sanctorum

2171 4714 2440 4784 rallel.,et
2462 4716 2750 4772 Antonius
2771 4717 3032 4788 ejusdem
3053 4717 3436 4787 Damasceni,
3463 4720 3528 4772 ut
3553 4711 3808 4776 creditur,

2170 4803 2496 4877 discipulus
2526 4806 2584 4862 in
2617 4805 2870 4863 Melissa.

2241 4895 2403 4951 Nono
2434 4895 2645 4952 saeculo
2678 4895 2937 4952 Andreas
2966 4895 3568 4969 Hierosolymitanus,
3602 4892 3809 4948 Creten-

2169 4985 2323 5041 sium
2358 4985 2852 5058 archiepiscopus,
2885 4985 3091 5042 homil.
3137 4987 3172 5042 2
3219 4988 3283 5041 in
3319 4989 3626 5044 Nativt’tate
3662 4983 3812 5038 beata

2166 5073 2744 5146 MariaFreculphus
2787 5075 3157 5132 Lexoviensis
3215 5078 3280 5132 in
3310 5077 3554 5146 Histor.,
3586 5065 3807 5131 Michael

2165 5164 2452 5238 Syngelus
2485 5165 2540 5220 in
2573 5165 2825 5222 Encomio
2855 5167 3077 5238 Dz'onys.
3121 5167 3321 5238 Areop.

2236 5255 2468 5310 Decimo
2501 5254 2714 5312 saeculo
2743 5256 3166 5328 Metaphrastes
3197 5257 3257 5311 in
3315 5255 3589 5330 martyrii
3620 5249 3808 5326 lgnatii

408 5335 644 5394 Patrum
696 5337 879 5408 libris,
939 5337 1113 5394 tacito
1145 5353 1344 5393 eorum
1380 5339 1616 5394 nomine
1659 5337 2056 5395 refelluntur?
2163 5346 2349 5401 nostri
2381 5346 2558 5402 Actis.

407 5424 527 5481 Mos
560 5430 752 5482 autem
787 5426 922 5483 inde
947 5427 1196 5483 invaluit
1227 5431 1430 5484 contra
1463 5427 1716 5485 haereses
1763 5429 2050 5500 posterio-

2233 5433 2550 5491 Undecimo
2581 5435 2794 5492 saeculo
2815 5440 3018 5494 auctor
3036 5435 3300 5494 locorum
3326 5437 3735 5495 communium
3755 5430 3805 5486 in

405 5511 571 5568 ribus
603 5516 829 5572 saeculis
879 5522 1040 5573 ortas
1071 5517 1398 5584 traditione,
1449 5535 1484 5573 a
1515 5517 1721 5589 primis
1781 5519 2050 5577 Ecclesia:
2160 5522 2517 5582 Bibliotheca
2554 5525 2886 5584 Oxoniensi.

477 5627 496 5662 τ
527 5627 707 5716 Epist.
741 5630 810 5682 ad
843 5631 1007 5684 Tratl.
1037 5631 1062 5664 ⁸
1118 5632 1299 5702 Epist.
1331 5633 1410 5690 ad
1438 5635 1629 5690 Habui.
1662 5636 1684 5669 '
1713 5635 1853 5707 Adv,
1884 5637 2092 5694 Helvid.
2129 5639 2172 5673 ‘°
2200 5655 2330 5712 cap,
2363 5642 2458 5714 36,
2489 5659 2546 5715 p.
2581 5642 2705 5698 448.
2741 5644 2780 5680 ίί
2816 5644 2988 5716 Apud
3022 5643 3182 5702 Phot.
3216 5641 3285 5701 in
3331 5645 3486 5702 Bibl.
3516 5660 3678 5703 num.
3709 5637 3804 5696 328

407 5719 453 5760 ⁸³
491 5714 638 5776 Ibid.
664 5730 828 5771 num.
851 5717 975 5775 332.
1007 5718 1053 5756 “
1073 5718 1214 5778 Ibid.
