4062 6206
250 427 361 487 501

1201 438 1274 497 D.
1321 437 1656 500 NOURRII
1699 432 2240 498 DISSERTATIO.
2286 466 2366 477 —
2410 434 2611 495 PARS
2661 435 2706 494 Ι.

3553 444 3672 505 502

323 559 682 616 Duodecimo
734 563 944 618 saeculo
990 567 1279 623 Honorius
1331 567 1902 641 Augustodunensis.
1935 570 1988 635 Α
2020 568 2249 629 est,non
2284 563 2526 619 alterius
2558 565 2865 634 cujusdam
2898 567 3428 641 recentioris,quod
3458 588 3669 644 sugge-

323 648 564 704 Decimo
593 652 771 707 tertio
803 652 1013 708 saeculo
1052 653 1284 713 Nicetas
1311 659 1625 715 Choniates
1658 660 1715 713 in
1745 658 1904 712 The-

253 753 448 804 sauro,
483 741 768 812 Georgius
815 743 1218 817 Pachymeres,
1260 755 1314 804 et
1347 749 1636 806 Robertus
1684 749 1906 805 Lincol-

251 827 478 884 niensis
510 831 1094 907 episcopus,uterque
1125 838 1248 892 suis
1281 839 1339 893 in
1370 839 1901 910 Dionys.Are0pag.

246 915 726 976 Commentariis.

316 1006 566 1064 Decimo
598 1016 808 1080 quarto
869 1014 1080 1071 saeculo
1136 1017 1496 1090 Nicephorus
1541 1019 1801 1078 Calixtus
1843 1017 1902 1072 in

245 1099 450 1155 Πέδιον.
485 1098 589 1154 lib.
625 1117 706 1169 nx,
769 1117 896 1174 cap.
953 1105 1039 1173 19,
1097 1111 1273 1178 atque
1334 1108 1435 1164 alii
1478 1106 1900 1182 quamplurimi

243 1203 372 1243 cum
409 1187 521 1243 hoc
551 1189 761 1246 saeculo
803 1204 926 1247 tum
978 1196 1425 1266 posterioribus,
1472 1198 1569 1270 qui
1623 1198 1900 1270 quoniam

240 1276 485 1332 cuilibet
517 1283 658 1333 sunt
686 1279 864 1346 obvii,
897 1281 970 1338 iis
1002 1283 1351 1356 singillatim
1402 1286 1767 1359 appellandis
1800 1302 1902 1342 su-

242 1367 650 1437 persedemus.

309 1456 439 1510 Jam
473 1473 608 1511 vero
639 1473 706 1512 ex
735 1458 1142 1519 eruditissima
1173 1467 1255 1520 tot
1281 1466 1519 1521 testium
1545 1465 1738 1522 omnis
1769 1469 1900 1522 mta-

239 1544 314 1605 tis
343 1551 402 1600 et
433 1546 791 1603 conditionis
825 1550 1197 1608 multitudine
1227 1554 1361 1624 quis
1392 1572 1506 1610 non
1531 1555 1687 1610 videt
1709 1573 1896 1628 pauca

241 1649 365 1689 esse
397 1636 776 1707 antiquorum
824 1638 1055 1696 Patrum
1107 1658 1302 1714 opera,
1353 1661 1476 1716 quae
1513 1662 1620 1700 suo
1649 1661 1894 1716 quisque

241 1724 458 1779 auctori
496 1725 790 1794 pluribus,
813 1744 984 1798 quam
1016 1728 1142 1786 ista:
1177 1732 1382 1803 lgnatii
1415 1734 1696 1804 epistolae,
1722 1734 1891 1789 testi-

242 1812 350 1867 bus
376 1812 788 1869 vindicentur?
831 1815 1052 1873 Deinde
1103 1835 1272 1875 nemo
1305 1838 1590 1893 unquam,
1614 1823 1725 1878 nisi
1759 1822 1891 1878 Dal-

2015 671 2139 709 rere
2169 653 2517 710 videbantur
2569 655 2836 724 quaedam
2868 672 2900 709 a
2947 672 3183 714 summo
3239 661 3360 716 viro
3417 663 3668 719 Gerardo

2012 745 2220 799 Vossio
2254 744 2310 798 in
2344 759 2449 798 suo
2480 745 2550 798 de
2578 744 2793 798 Graecis
2821 745 3209 814 scriptoribus
3235 765 3410 819 opere
3448 751 3663 809 allata:

2011 832 2185 904 idque
2219 832 2403 887 solide
2422 840 2474 887 et
2501 834 2626 888 fuse
2643 834 3007 889 demonstrat
3027 835 3466 893 eruditissimus
3487 845 3663 909 Goar,

2013 938 2183 992 quem
2220 922 2466 988 adeat,si
2500 923 2632 993 quis
2664 921 2854 977 adhuc
2880 923 3130 979 dubitet.
3158 948 3186 975 n
3223 925 3524 983 Adivimus
3557 946 3665 986 nos

2012 1010 2472 1066 eruditissimum
2503 1013 2655 1066 Goar
2685 1009 2750 1078 ‘7,
2803 1016 2980 1083 atque
3015 1012 3131 1068 haec
3188 1013 3489 1085 ipsissima
3535 1019 3663 1088 ejus

2009 1100 2204 1166 verba,
2246 1115 2373 1170 quae
2405 1100 2759 1154 contrarium
2793 1100 2966 1170 plane
2997 1101 3609 1175 signiticant,legimus
3641 1123 3654 1162 :

2012 1211 2039 1238 «
2097 1189 2421 1243 Canonicus
2479 1205 2778 1244 sacrorum
2857 1190 3140 1245 librorum
3199 1190 3520 1250 laterculus
3587 1197 3660 1250 ad

2009 1277 2550 1350 Chronographiam
2601 1278 2746 1333 nihil
2800 1284 3095 1349 spectans,
3126 1279 3351 1336 librarii
3381 1281 3654 1356 πάρεργον

2003 1365 2319 1438 judicatur.
2355 1388 2384 1416 »
2415 1367 2538 1422 Non
2581 1367 2766 1422 solide
2814 1368 2992 1438 igitur
3021 1375 3078 1424 et
3129 1370 3256 1426 fuse
3286 1370 3383 1426 ille
3412 1373 3657 1428 demon-

2007 1460 2175 1523 strat,
2210 1457 2310 1511 sed
2348 1455 2516 1526 plane
2556 1457 2904 1529 penitusque
2955 1464 3124 1528 negat
3173 1459 3323 1515 hanc
3353 1460 3657 1518 Stichome-

2004 1547 2172 1601 trium
2203 1545 2512 1617 Nicephori
2548 1563 2696 1617 opus
2724 1563 2851 1601 esse
2875 1563 2888 1613 ;
2923 1551 2978 1602 et
2998 1547 3146 1602 hanc
3170 1548 3388 1605 claram
3413 1556 3656 1607 certam-

2005 1651 2118 1706 que
2148 1636 2449 1690 sententiae
2480 1651 2598 1690 suae
2658 1636 2875 1706 profert
2928 1635 3232 1703 rationem,
3287 1640 3439 1709 quod
3473 1641 3651 1695 nimi-

2004 1740 2066 1778 ru
2079 1739 2130 1778 m
2155 1722 2257 1779 illa
2271 1725 2339 1778 ad
2360 1723 2668 1794 Nicephori
2692 1724 3228 1796 Chronographiam
3247 1726 3388 1780 nihil
3405 1735 3647 1798 spectet.

2004 1813 2066 1868 Id
2087 1831 2230 1870 sane
2255 1830 2386 1869 cum
2419 1813 2595 1884 probe
2616 1813 2966 1884 intelligeret
2988 1813 3182 1870 Dallaei
3206 1815 3475 1873 defensor
3506 1836 3651 1874 nova

244 1900 400 1955 lasani
432 1918 646 1959 sensus
679 1903 876 1970 homo,
909 1923 1042 1962 vero
1073 1912 1265 1965 credet
1297 1927 1426 1966 esse
1455 1912 1647 1968 simile
1680 1929 1887 1969 omnes
1919 1947 1967 2012 Β
2003 1903 2247 1972 ratione,
2278 1909 2336 1958 et
2381 1903 2614 1974 quidem
2667 1903 2883 1958 mirum
2940 1902 3000 1956 in
3056 1903 3294 1958 ιηοάοω
3338 1905 3646 1976 είηευιατῖ,

246 1991 472 2012 -__:__
515 1991 617 2012 ι--
1217 1999 1249 2012 ..
1301 1999 1338 2012 ..
1477 1999 1490 2012 .
1639 2000 1678 2012 ..
1803 2002 1836 2012 _.
2001 1993 2257 2012 --μμω
2305 1991 3077 2012 \r:___|____
3526 2010 3568 2012 η
3623 2009 3641 2012 _

241 1991 479 2047 omnino
515 1991 620 2048 hos
651 1994 967 2065 scriptores
999 2012 1064 2051 eo
1097 1999 1374 2055 caecitatis
1404 1999 1493 2055 vel
1526 2000 1888 2072 negligentia

236 2079 564 2148 devenisse,
591 2081 657 2148 ¹⁴,
678 2104 706 2132 ‹‹
731 2088 795 2138 ut
814 2084 1053 2142 Eusebii
1088 2086 1244 2142 falsae
1267 2089 1337 2144 de
1367 2090 1891 2162 lguatianissuspi-

234 2169 379 2224 cioni
415 2185 489 2225 ex
519 2172 770 2242 quadam
824 2173 1005 2229 animi
1051 2175 1429 2248 simplicitate
1487 2179 1711 2250 absque
1755 2177 1889 2234 dolo

236 2257 409 2327 malo,
432 2260 537 2314 sed
572 2262 790 2332 absque
821 2267 982 2319 certa
1013 2264 1236 2321 ratione
1269 2287 1296 2315 »
1329 2266 1700 2321 adhaeserint.
1735 2267 1888 2322 Prai-

235 2351 389 2404 terea
417 2366 527 2404 cur
558 2350 1056 2424 haeretici,quibus
1085 2355 1424 2410 testimonia
1455 2356 1662 2427 Ignatii
1697 2373 1765 2412 ex
1794 2357 1888 2413 his

234 2437 492 2507 epistolis
523 2439 935 2511 desumpta,ad
970 2441 1318 2498 refellendas
1348 2459 1550 2499 eorum
1583 2445 1889 2517 opiniones

234 2525 684 2597 objiciebantur,
737 2528 817 2584 nil
871 2531 940 2585 de
997 2546 1202 2587 earum
1263 2531 1516 2589 falsitate
1570 2532 1887 2605 aliquando

234 2617 518 2687 suspicati
552 2623 712 2685 sunt,
747 2618 1010 2692 nihilque
1043 2637 1304 2693 unquam
1351 2624 1419 2677 ad
1454 2639 1652 2678 eorum
1687 2629 1889 2680 aucto-

236 2703 463 2762 ritatem
525 2705 890 2778 elevandam,
953 2710 1354 2778 minuendam,
1405 2717 1509 2768 aut
1548 2713 1605 2767 in
1638 2713 1884 2770 dubium

238 2796 622 2851 revocandam
656 2798 996 2855 adinvenire
1027 2799 1116 2856 vel
1147 2802 1477 2874 excogitare
1514 2808 1830 2874 potuerunt
1860 2803 1888 2858 ?

231 2883 341 2939 Cur
383 2884 642 2956 denique
693 2885 755 2943 hi
803 2903 1007 2945 omnes
1065 2889 1381 2962 scriptores
1427 2895 1484 2948 et
1529 2891 1798 2949 catholici
1831 2897 1890 2948 et

231 2973 510 3041 haeretici,
543 2980 716 3046 atque
764 2976 802 3030 ii
863 2993 1113 3049 quorum
1174 2979 1416 3052 plurimi
1477 2981 1745 3050 intereat,
1780 2982 1887 3040 bas

234 3061 510 3132 epistolas
564 3065 892 3136 repudiare,
956 3068 1028 3124 ad
1077 3084 1175 3124 eas
1225 3069 1449 3143 lgnatio
1506 3072 1887 3128 vindicandas

229 3156 390 3207 tanto
419 3168 710 3209 consensu
749 3156 1202 3227 conspiraruut;
1239 3158 1351 3214 nisi
1385 3160 1520 3232 quia
1557 3159 1659 3217 illa
1679 3176 1882 3216 verum

231 3245 281 3296 et
303 3257 410 3313 gen
423 3241 626 3298 uiuum
655 3244 864 3316 Iguatii
888 3262 1035 3318 opus
1049 3263 1177 3303 esse
1191 3248 1536 3306 certissimis
1557 3250 1883 3307 rationibus

229 3347 577 3402 persuasum
607 3334 849 3390 omnino
882 3335 1186 3393 habuere?

848 3460 1080 3518 CAPUT
1115 3461 1270 3519 VIII.

232 3580 625 3622 RESPONDETUR
658 3584 983 3624 OBJECTIONI
1035 3587 1107 3625 Ex
1137 3587 1446 3628 NICEPHORI
1493 3589 1564 3628 ET
1591 3589 1882 3630 ANABTASII

747 3656 1028 3696 TESTIMON
1036 3658 1093 3697 10
1123 3659 1353 3704 PETITE.

233 3763 329 3829 §I.
363 3764 732 3835 Nicephorum
787 3781 900 3820 non
945 3781 1061 3821 esse
1117 3777 1393 3824 auctorem
1435 3767 1880 3827 Stichometrire.

298 3855 374 3907 Ex
401 3853 477 3908 iis
510 3854 678 3923 ipsis,
713 3871 861 3926 quos
910 3857 1230 3911 adversarii
1264 3858 1433 3912 nobis
1486 3857 1698 3914 deinde
1729 3859 1882 3930 obji-

230 3942 412 4002 ciunt.
443 3942 832 4012 scriptoribus
861 3961 1076 3999 uovum
1129 3950 1474 4018 argumento
1507 3952 1705 4003 nostro
1737 3965 1882 4019 pon-

229 4032 335 4087 dus
368 4038 426 4086 et
460 4033 638 4088 robur
668 4035 912 4090 accedit.
957 4038 1112 4099 Quos
1141 4039 1321 4105 enim,
1355 4053 1570 4107 quaeso,
1604 4039 1882 4094 eruditis-

227 4121 407 4185 sime,
445 4138 625 4190 quam
656 4123 1065 4193 produximus,
1111 4130 1198 4181 tot
1226 4127 1480 4182 virorum
1515 4127 1882 4182 multitudini

227 4211 580 4281 opponunt?
609 4211 766 4266 Duos
816 4212 907 4266 vel
965 4214 1159 4284 potius
1218 4233 1404 4271 unum
1469 4218 1878 4272 tantummodo

229 4307 549 4366 auctorem,
610 4302 923 4373 quemdam
986 4303 1212 4358 scilicet
1262 4321 1648 4376 anonymum,
1708 4322 1878 4377 quem

233 4388 480 4444 Dallaeus
500 4389 650 4445 falso
681 4395 849 4460 putat
873 4390 1054 4446 fuisse
1078 4391 1462 4465 Nicephorum
1489 4395 1881 4466 patriarcham

226 4479 960 4550 Coustantinopolitanum,
986 4489 1038 4535 et
1067 4482 1454 4553 Anastasium,
1490 4485 1588 4555 qui
1613 4484 1879 4540 Graecum

227 4565 534 4638 Nicephori
558 4567 641 4623 vel
678 4570 870 4637 potius
889 4569 1165 4640 anonymi
1205 4587 1352 4643 opus
1380 4573 1575 4628 Latine
1605 4575 1877 4642 reddidit,

1996 1993 2262 2047 eamdem
2298 1991 2737 2047 Stichometriam
2758 1991 3083 2062 Nicephoro
3114 1992 3491 2048 vetustioaem
3516 2009 3647 2050 esse

1994 2081 2350 2153 suspicatur.
2387 2103 2412 2136 ι
2447 2081 3014 2152 Vehementi,inquit
3045 2082 3110 2149 ‘3,
3131 2082 3415 2138 sollicitor
3445 2084 3643 2155 suspi-

1993 2171 2178 2240 cioue,
2212 2177 2277 2227 ut
2332 2172 2564 2227 credam
2616 2172 2812 2237 istam,
2865 2188 2982 2244 qua
3012 2173 3081 2226 de
3138 2174 3389 2244 agimus.
3433 2173 3643 2230 Sticho-

1991 2263 2249 2317 metriam
2284 2260 2606 2333 Nicephoro
2642 2261 2768 2332 ipso
2821 2260 3197 2317 vetustiorem
3225 2278 3370 2319 esse.
3404 2263 3637 2328 Nemini

1991 2351 2146 2408 enim
2177 2366 2378 2406 eorum
2413 2350 2513 2422 qui
2547 2350 2665 2405 haec
2699 2349 2895 2406 studia
2924 2350 3013 2406 vel
3041 2355 3292 2407 summis
3323 2352 3504 2408 labris
3537 2354 3639 2407 de-

1991 2443 2328 2512 gustarunt,
2359 2438 2540 2494 latere
2598 2442 2736 2508 puto
2766 2438 2974 2495 horum
3019 2440 3412 2497 indiculorum
3463 2459 3638 2497 usum

1991 2530 2088 2585 diu
2120 2534 2255 2585 ante
2285 2529 2677 2601 Nicephorum
2699 2527 3043 2585 obtinuisse.
3080 2533 3122 2584 A
3156 2547 3289 2586 vero
3322 2531 3502 2602 igitur
3522 2547 3638 2586 non

1991 2618 2265 2676 abhorret
2297 2618 2684 2689 Nicephorum
2733 2617 3184 2674 Stichometriam
3221 2620 3391 2674 istam
3426 2637 3460 2675 a
3489 2621 3637 2675 scri-

1990 2716 2151 2780 ptore
2181 2723 2244 2764 se
2274 2707 2594 2763 admodum
2647 2710 2958 2763 vetustiore
2993 2707 3268 2764 habuisse
3316 2707 3406 2763 vel
3439 2707 3634 2780 potius

1991 2814 2118 2853 eam
2152 2799 2209 2854 in
2242 2797 2397 2854 calce
2419 2795 2814 2869 antiquissimi
2844 2814 3144 2854 sacrorum
3176 2797 3458 2854 librorum
3479 2799 3638 2854 codi-

1988 2886 2072 2944 cis
2103 2891 2334 2943 nactam
2369 2885 2479 2941 sibi
2510 2887 2843 2958 adoptasse,
2877 2903 3115 2958 suaeque
3146 2888 3634 2960 Chronographie

1988 2975 2378 3032 subtexuisse.
2407 2998 2435 3026 »
2457 2979 2673 3031 Verum
2697 2975 3087 3032 utvehemens
3105 2977 3427 3034 defensoris
3448 2977 3640 3048 suspi-

1987 3065 2075 3121 cio
2107 3065 2326 3138 aliquid
2360 3065 2671 3122 soliditatis
2703 3065 2965 3132 haberet,
3011 3065 3120 3138 ipsi
3153 3065 3340 3136 primo
3373 3067 3636 3139 proban-

1988 3155 2128 3210 dum
2161 3160 2286 3211 erat
2317 3154 2543 3210 nullam
2572 3155 3042 3212 Stichometriam
3083 3155 3404 3227 Nicephoro
3439 3173 3634 3212 recen-

1985 3243 2191 3300 tiorem
2226 3259 2374 3309 esse,
2409 3244 2508 3300 sed
2541 3260 2747 3300 omnes
2784 3261 2896 3300 non
2927 3243 3115 3301 solum
3157 3244 3258 3300 illo
3286 3245 3630 3301 vetustiores

1987 3348 2135 3403 esse,
2169 3334 2269 3390 sed
2295 3356 2323 3384 «
2358 3333 2677 3389 admodum
2711 3332 3077 3390 vetustiores.
3104 3356 3132 3383 ››
3157 3334 3372 3390 Deinde
3401 3335 3514 3405 ipsi
3533 3335 3630 3390 ad-

1985 3421 2100 3478 huc
2131 3423 2658 3480 demonstrandum
2691 3428 2816 3478 erat
2845 3424 3116 3479 eumdem
3151 3423 3474 3479 indiculum
3511 3441 3626 3479 non

1986 3511 2308 3577 alibrario,
2343 3513 2444 3568 sed
2500 3530 2534 3569 a
2590 3512 2914 3585 Nicephoro
2960 3512 3082 3582 ipso
3139 3512 3627 3585 Chronographisa

1986 3619 2107 3658 sua:
2137 3601 2602 3674 superadditum.
2655 3602 2757 3657 Ille
2809 3607 3000 3657 autem
3044 3606 3314 3657 neutrum
3370 3602 3488 3657 ulla
3521 3620 3632 3658 un-

1986 3708 2163 3765 quam
2197 3694 2421 3748 ratione
2452 3692 2738 3763 probabit.
2764 3691 2974 3746 Contra
2994 3707 3145 3758 vero,
3165 3692 3264 3762 qui
3299 3692 3628 3746 manuscri-

1987 3786 2116 3853 ptos
2145 3779 2372 3836 codices
2403 3780 2490 3835 vel
2524 3781 2764 3836 minimo
2796 3781 2988 3835 studio
3030 3781 3390 3851 pervolutare
3416 3780 3626 3849 solent,

1985 3871 2024 3926 ii
2057 3875 2212 3926 certo
2243 3870 2459 3926 certius
2509 3875 2793 3926 noverunt
2844 3869 3211 3925 librariorum
3248 3887 3466 3926 morem
3501 3887 3629 3927 esse

1985 3961 2091 4016 hos
2123 3959 2673 4031 indiculos,aliaque
2702 3960 2991 4030 ejusmodi
3023 3959 3241 4030 scripta
3271 3961 3392 4016 sive
3424 3977 3624 4016 recen-

1987 4049 2135 4106 tiora
2165 4050 2284 4105 sive
2315 4049 2632 4105 vetustiora
2662 4049 2721 4102 in
2755 4047 3058 4112 librorum,
3080 4065 3226 4119 quos
3259 4049 3624 4120 describunt,

1986 4141 2099 4196 fine
2141 4156 2290 4210 saepe
2349 4139 2563 4209 saepius
2621 4139 2888 4210 adjicere.
2929 4138 3103 4194 Porro
3161 4145 3354 4195 autem
3417 4142 3626 4198 demus

1986 4227 2219 4295 Dallteo,
2245 4228 2392 4299 quod
2418 4233 2614 4283 tamen
2649 4226 2856 4282 falsum
2887 4231 2994 4295 est,
3020 4227 3168 4283 hanc
3189 4229 3628 4285 Stichometrzam

1985 4335 2018 4372 a
2049 4318 2373 4388 Nicephoro
2393 4315 2726 4390 patriarcha
2750 4316 2930 4373 fuisse
2952 4317 3168 4372 editam
3195 4337 3208 4386 ;
3229 4319 3436 4373 demus
3451 4319 3628 4375 etiam

1985 4407 2115 4475 ejus
2146 4406 2622 4478 detensuri,quod
2659 4407 2780 4478 ipse
2813 4423 3114 4477 nunquam
3150 4408 3436 4478 probabit,
3466 4407 3628 4462 illam

1986 4513 2134 4567 opus
2167 4514 2293 4551 esse
2325 4497 2580 4550 auctoris
2612 4495 2934 4566 Nicephoro
2961 4495 3090 4568 ipso
3121 4496 3438 4550 admodum
3473 4501 3638 4557 vetu-

1990 4587 2226 4651 stioris;
2263 4587 2520 4656 nunquid
2558 4584 2732 4640 unius
2789 4584 3120 4657 Nicephori,
3181 4584 3264 4640 vel
3324 4588 3628 4655 cujusdam

225 4657 330 4725 vel,
364 4657 415 4710 si
449 4656 618 4722 velis,
652 4662 718 4712 ut
752 4657 1016 4729 loquitur
1045 4657 1242 4714 Dallaei
1283 4661 1573 4729 defensor,
1609 4663 1707 4734 qui
1737 4663 1880 4719 illud
1912 4661 1958 4724 υ
1991 4676 2263 4746 anonymi
2299 4681 2354 4730 et
2389 4674 2670 4746 incogniti
2726 4656 3030 4744 :criptoris
3055 4673 3344 4744 judicium
3380 4675 3544 4729 clarae
3576 4679 3636 4731 et

232 4765 252 4794 ι
284 4747 606 4818 adoptavit.
635 4767 663 4796 »
696 4747 1096 4803 Examinanda
1117 4752 1206 4803 est
1227 4747 1607 4819 igiturhujus
1632 4753 1880 4824 scripto-

225 4834 305 4890 ris
336 4838 667 4891 auctoritas
698 4841 756 4892 et
788 4836 1412 4893 tcstimonium.Primo
1437 4838 1685 4895 Dallteus
1715 4841 1878 4898 Nice-

227 4923 476 4994 phorum
538 4923 967 4981 liberalissimis
1024 4934 1192 4982 oruat
1247 4926 1547 4991 laudibus.
1607 4932 1665 4984 et
1723 4931 1879 4987 hunc

226 5011 558 5069 Dallzeanus
570 5014 843 5069 defensor
861 5014 1127 5070 «ictum»
1145 5016 1356 5072 nobisu
1377 5016 1649 5073 lethalem
1665 5039 1694 5068 »
1709 5017 1880 5075 infer-

223 5119 282 5157 re
313 5113 606 5159 asseverat
640 5103 702 5157 ¹⁸.
737 5104 847 5160 Sed
875 5104 1330 5174 ubi,amabo,vir
1350 5105 1447 5160 ille
1469 5106 1721 5163 summis
1751 5107 1878 5164 lau-

225 5192 400 5248 dibus
435 5194 759 5258 ornandus,
795 5194 974 5248 ictum
1032 5193 1294 5250 lethalem
1327 5196 1498 5252 nobis
1528 5196 1727 5253 intulit
1754 5198 1782 5253 ?
1814 5200 1876 5253 In

224 5281 643 5347 Slirhomelria,
703 5282 998 5354 inquiunt,
1043 5301 1165 5352 quae
1223 5284 1457 5354 quidem
1521 5286 1670 5342 nihil
1718 5287 1873 5344 aliud

225 5388 403 5442 quam
439 5373 827 5441 fragmentum
887 5378 994 5436 est,
1031 5375 1098 5426 ad
1135 5374 1351 5428 calcem
1381 5374 1876 5448 Chronngraphiaa

226 5459 534 5530 Nicephori
570 5477 604 5514 a
635 5459 871 5514 librario
929 5459 1124 5532 aliquo
1154 5462 1467 5533 adjectum.
1508 5463 1752 5521 Dallaaus
1777 5483 1877 5521 au-

227 5554 343 5603 tem
377 5547 768 5619 Nicephorum
791 5547 950 5604 illius
981 5555 1275 5607 auctorem
1295 5567 1424 5608 esse
1455 5552 1604 5607 miro
1627 5554 1874 5623 quodam

228 5647 574 5710 argumento
606 5645 934 5710 prepugnat
958 5640 1000 5675 ¹⁰
1025 5655 1038 5693 :
1065 5661 1092 5688 «
1127 5639 1313 5710 Hujus
1345 5641 1534 5712 ipsius
1566 5643 1873 5715 Nicephori

1996 4767 2244 4820 evidenti
2278 4765 2540 4819 omnium
2593 4764 2786 4818 omnis
2836 4763 3022 4818 (etatis
3072 4761 3548 4819 doctissimorum
3579 4768 3635 4820 et

1988 4857 2431 4913 notissimorum
2509 4857 2764 4912 virorum
2839 4855 3135 4910 sententiae
3215 4857 3638 4924 praeferendum

1990 4951 2078 5004 est
2097 4948 2126 5002 ?

2058 5037 2086 5105 §
2119 5038 2188 5092 II.
2224 5037 2376 5091 Hanc
2431 5032 2905 5161 Stichomgtrialm.
2948 5033 3095 5090 nihil
3145 5035 3360 5106 ofﬁcere
3388 5033 3637 5102 epistolis

2725 5123 2830 5161 ana
2860 5123 2922 5160 ιι.

2723 5109 2922 5177 gnatii.

2060 5197 2168 5251 Sed
2197 5212 2325 5268 age,
2356 5195 2763 5253 auctoritatem
2796 5202 2853 5249 et
2874 5195 3260 5250 testimonium
3287 5197 3461 5266 hujus
3483 5197 3634 5250 suri-

1990 5286 2192 5354 ptoris,
2225 5287 2564 5357 quicunque
2584 5287 2821 5339 tandem
2859 5284 2951 5338 ille
2985 5284 3176 5354 fuerit,
3210 5287 3629 5342 examinemus.

1989 5375 2044 5431 Is
2073 5377 2266 5431 varios
2298 5376 2579 5431 librorum
2611 5391 2789 5428 sacra;
2811 5373 3123 5444 Scriptura
3174 5378 3500 5444 composuit
3532 5393 3628 5430 ca-

1987 5465 2458 5534 talogos.quihus
2493 5469 2872 5518 recensentur
2893 5481 2912 5516 :
2944 5465 3000 5516 1ο
3015 5462 3240 5518 Veteris
3269 5464 3630 5520 Testamenti

1985 5552 2121 5607 libri
2145 5570 2160 5617 ;
2182 5553 2242 5606 2°
2264 5553 2403 5608 Novi
2428 5552 2787 5608 Testamenti
2812 5570 2825 5619 ;
2850 5553 2908 5606 3°
2922 5575 2949 5601 «
2965 5554 3096 5616 Quae
3112 5568 3224 5606 non
3241 5552 3637 5609 admittuntur

1987 5642 2212 5696 Veteris
2241 5641 2594 5697 Testanienti
2629 5643 2937 5712 Scriptura:
2967 5641 3064 5709 ;4⁰
3094 5642 3227 5706 Quae
3281 5641 3498 5698 Veteris
3529 5645 3636 5699 Tc-

299 5772 345 5808 “
373 5771 518 5830 Dall.
551 5789 682 5848 cap.
715 5771 808 5843 36,
830 5789 888 5845 p.
919 5773 1046 5829 448.
1121 5772 1168 5810 ¹⁵
1193 5788 1331 5847 pag.
1374 5775 1461 5831 14.
1537 5773 1583 5812 ¹⁶
1612 5790 1740 5850 cap.
1772 5778 1827 5848 4,
1857 5793 1886 5851 11

1996 5776 2079 5834 i3.
2156 5773 2204 5812 ⁸⁷
2238 5776 2306 5832 la
2333 5775 2609 5831 Adnotat.
2643 5791 2701 5845 p.
2731 5774 2823 5832 88.
2899 5775 2944 5811 “
2973 5791 3108 5848 pag.
3140 5775 3228 5832 14.
