4062 6206
442 398 560 459 503

1509 395 1575 459 S.
1622 387 2020 458 IGNATIUS.
2068 425 2148 438 ——
2187 389 2808 456 PROLEGOMENA.

3713 405 3818 472 50-1

437 527 713 586 stamenti
747 528 1076 600 apocrypha
1108 544 1418 586 censemus
1443 549 1456 595 ;
1480 532 1542 584 5°
1567 532 1702 594 Quae
1734 529 1873 584 Novi
1891 529 2093 584 Testa-
2122 530 2174 594 Α
2206 525 2571 597 coafugiunt,
2603 530 2670 582 ut
2697 525 2905 583 saltem
2938 533 3106 584 muta
3137 547 3204 586 ac
3235 531 3421 588 silenti
3454 541 3813 607 quorumdam

444 621 626 674 menti
670 623 809 672 sunt
848 619 1202 689 apocrypha.
1238 641 1266 668 »
1319 622 1501 690 Atque
1534 619 1590 673 in
1643 619 1750 673 hoc
1784 616 2089 688 posteriori

447 709 654 765 ordine
679 708 890 779 lgnatii
922 707 1331 778 epistolas,aut
1359 709 1648 780 potius,ut
1678 709 1797 780 ipse
1819 707 2090 776 loquitur,

444 799 769 853 doctrinam
798 796 1122 853 collocavit.
1159 797 1375 852 Verum
1437 797 1559 853 haec
1589 797 1846 854 auctoris
1877 797 2090 852 Sticho-

441 890 662 944 metriae
691 888 865 943 verba
897 892 954 942 et
1011 887 1424 958 inscriptiones
1455 887 1602 942 nihil
1633 887 1891 942 innuunt
1934 886 2092 942 aliud

445 993 619 1048 quam
655 976 862 1047 lgnatii
897 977 1176 1048 epistolas
1196 977 1346 1032 inter
1366 976 1694 1049 apocrypha
1723 976 1862 1032 Novi
1888 976 2095 1031 Testa-

451 1067 632 1122 menti
691 1081 820 1121 esse
870 1065 1236 1135 rejiciendas,
1270 1065 1377 1120 hoc
1429 1071 1538 1136 est,
1571 1081 1669 1121 eas
1719 1067 1871 1122 inter
1899 1080 2094 1121 sacros

449 1157 591 1212 Novi
625 1157 979 1212 Testamenti
1012 1156 1190 1212 libros
1221 1173 1333 1212 non
1368 1173 1496 1212 esse
1524 1157 1941 1212 numeraudas.
1959 1160 2094 1210 Eam

448 1244 649 1318 procul
682 1245 861 1298 dubio
893 1245 966 1298 ob
997 1261 1234 1300 causam
1295 1245 1643 1300 mentione-ti
1704 1245 1842 1302 facit
1893 1260 2095 1300 eorum

451 1337 863 1390 tantummodo
896 1332 1200 1399 librorum,
1232 1335 1332 1404 qui
1377 1335 1770 1405 apostolorum
1800 1339 1902 1390 aut
1921 1333 2100 1406 quin-

452 1439 565 1494 que
595 1426 933 1479 eorumdem
996 1423 1417 1494 discipulorum
1462 1440 1672 1480 nomen
1706 1423 2098 1496 proferebant,

452 1529 718 1586 quosque
747 1529 814 1569 eo
845 1511 1082 1568 nomine
1114 1513 1454 1583 imprudens
1488 1513 1880 1584 quorumdam
1912 1512 2100 1584 pietas

455 1619 632 1658 sacra
683 1601 828 1658 Novi
883 1601 1246 1658 Testamenti
1296 1601 1609 1673 Scriptum
1655 1601 1868 1658 ascribi
1913 1601 2102 1658 voluec

453 1698 560 1747 rat.

530 1781 909 1854 At,inquiunt
938 1780 1237 1849 Dallaaani,
1271 1784 1480 1838 auctor
1508 1781 1606 1837 ille
1629 1781 1908 1852 epistolas
1940 1782 2104 1854 Igna-

2201 617 2547 671 auctoritate
2576 617 2744 672 vanis
2775 617 2898 672 suis
2936 617 3330 676 velationibus
3374 621 3553 682 locum
3582 627 3810 700 aliquem

2203 706 2435 760 dedisse
2464 705 2794 762 videantur.
2819 706 3067 763 Dallaeus
3085 712 3282 782 itaque
3312 727 3514 784 magna
3530 717 3812 776 verborum

2204 812 2417 866 pompa
2467 802 2878 867 argumentum
2939 815 3113 854 suum
3167 801 3497 873 negativum
3546 811 3813 880 proponit,

2203 885 2357 955 quod
2388 884 2538 939 hanc
2570 885 2630 939 in
2663 887 2910 941 formam
2945 893 3130 943 totum
3166 891 3498 948 reducitur:
3525 917 3550 943 «
3580 896 3812 965 Constat,

2203 972 2400 1044 inquit
2429 973 2524 1028 ille
2544 974 2608 1037 η,
2641 974 2767 1044 has,
2799 992 2949 1046 quas
2980 976 3152 1034 hodie
3183 978 3434 1051 legimus
3468 985 3744 1055 epistolas,
3773 991 3816 1044 si

2203 1079 2338 1118 vere
2372 1062 2582 1134 lgnatii
2610 1069 2772 1129 sunt,
2805 1080 2917 1120 non
2975 1067 3240 1136 potuisse
3271 1085 3382 1123 non
3423 1087 3546 1127 esse
3573 1077 3818 1134 omnibus

2205 1151 2365 1207 illius
2395 1156 2452 1207 et
2483 1153 2761 1222 proxima:
2807 1155 3086 1226 deinceps
3142 1159 3439 1214 memoria
3481 1161 3818 1236 Christianis,

2209 1241 2528 1310 praesertim
2556 1256 2687 1296 vero
2728 1241 3003 1299 litteratis
3033 1250 3090 1298 et
3119 1247 3390 1313 eruditis,
3423 1250 3470 1304 si
3503 1252 3596 1321 qui
3625 1262 3819 1322 essent,

2206 1331 2568 1385 notissimas.
2598 1332 2672 1386 At
2701 1331 2794 1386 his
2827 1333 2997 1404 plane
3031 1335 3382 1408 penitusque
3412 1338 3634 1410 ignotas
3662 1344 3820 1402 luisse

2208 1420 2314 1474 has
2336 1435 2562 1483 omnes,
2602 1436 2750 1490 quas
2794 1437 2951 1477 nunc
3000 1422 3312 1491 habemus,
3371 1429 3572 1498 lgnatii
3615 1433 3820 1490 nomine

2209 1507 2524 1580 inscriptas
2553 1508 2856 1580 epistolas,
2884 1511 3146 1581 ipsorum
3181 1531 3311 1585 qua:
3343 1525 3646 1587 supersunt
3672 1538 3822 1591 opera

2210 1597 2374 1662 satis,
2403 1601 2465 1651 ut
2498 1597 2636 1652 mihi
2671 1598 2908 1668 quidem
2945 1601 3198 1668 videtur,
3233 1612 3490 1675 arguunt
3517 1623 3579 1662 ac
3607 1610 3818 1666 demon-

2211 1691 2420 1743 strant.
2455 1687 2600 1758 Ergo
2635 1687 2962 1744 necessario
2985 1689 3126 1745 illud
3162 1707 3394 1764 quoque
3413 1698 3678 1766 quodnos
3701 1717 3819 1756 con-

2210 1774 2936 1838 tendimus,conﬁtendum
2970 1779 3520 1852 est,epistolasillas
3551 1801 3820 1858 nunquam

458 1871 521 1926 tii
554 1872 757 1927 eodem
795 1885 1036 1926 numero
1066 1869 1365 1925 habendas
1387 1886 1514 1926 esse
1546 1879 1759 1941 censet,
1784 1893 1812 1921 α
1835 1887 1902 1926 ac
1935 1869 2103 1925 Itine-
2138 1892 2178 1956 Β
2213 1864 2394 1918 fuisse
2426 1864 2498 1956 ab
2531 1865 3056 1956 Ignatioscriptas.
3081 1889 3108 1917 ››
3147 1869 3354 1926 Verum
3409 1887 3578 1942 quam
3620 1875 3823 1932 inﬁrma

459 1960 611 2016 raria
649 1961 818 2028 Petri,
850 1959 1095 2016 Joannis
1127 1965 1184 2016 et
1213 1960 1474 2027 Thomas,
1528 1975 1657 2031 quae
1694 1976 1762 2016 ex
1791 1959 2101 2016 deterrimo

457 2065 668 2122 genere
725 2049 1184 2122 apocryphorum
1229 2073 1256 2100 ››
1309 2064 1435 2105 esse
1493 2049 1706 2122 saepius
1765 2050 2099 2106 decantant.

458 2138 622 2194 Unde
651 2139 828 2194 iidem
853 2141 1126 2194 audacter
1147 2140 1541 2196 concludunt:
1567 2161 1595 2189 «
1629 2140 1842 2194 Eadem
1874 2143 2104 2194 senten-

454 2227 535 2282 tia
565 2228 840 2282 damnata
872 2233 1182 2299 notataque
1228 2229 1409 2284 fuisse
1453 2229 1770 2300 Ignatiana,
1805 2227 1877 2283 ad
1909 2226 2096 2282 labem

454 2320 628 2388 atque
647 2316 1026 2386 ignominiam
1053 2317 1536 2390 sempiternam.»
1560 2318 1670 2374 Sed
1692 2334 1791 2374 eos
1821 2317 2096 2388 objectio-

451 2406 544 2461 nis
574 2407 750 2462 toties
781 2408 1036 2479 repetitae
1061 2409 1279 2478 pudere
1303 2406 1619 2479 aliquando
1643 2407 2100 2477 debuisset.Epi«

448 2495 610 2551 stolae
639 2496 930 2566 siquidem
978 2496 1184 2569 Ignatii
1219 2498 1457 2552 sincera:
1506 2513 1571 2553 ac
1619 2498 1746 2552 sine
1776 2495 2097 2568 interpola-

451 2585 900 2656 tionibus,quas
929 2586 1086 2642 solas
1109 2586 1501 2657 defendimus,
1535 2587 1680 2642 nihil
1715 2587 1826 2642 nisi
1860 2602 2092 2657 sanum,

450 2675 837 2732 orthodoxum
871 2681 926 2732 et
974 2676 1322 2732 Christianis
1353 2677 1574 2747 totique
1599 2676 1869 2733 Ecclesiae
1903 2675 2094 2732 utilis-

451 2765 753 2831 simum,et
779 2765 1029 2822 maxime
1061 2767 1428 2823 fructuosum
1461 2766 1951 2838 complectuntur.
1969 2765 2095 2823 Non

452 2858 771 2927 potuerunt
800 2871 937 2927 ergo
968 2873 1101 2911 cum
1134 2855 1205 2910 iis
1225 2855 1610 2927 scriptis,quas
1629 2878 1657 2907 ‹‹
1685 2873 1752 2912 ex
1783 2857 2094 2912 deterrimo

451 2961 662 3017 genere
690 2945 1151 3018 apocryphorum
1190 2967 1218 2996 »
1251 2945 1510 3013 somniis,
1535 2945 1969 3017 mendaciisque
2002 2962 2092 3002 re-

453 3035 618 3104 ferta,
639 3041 696 3091 et
727 3036 898 3092 certis
928 3036 1167 3092 venenis
1194 3035 1462 3107 inspersa
1491 3039 1650 3101 sunt,
1671 3057 1698 3086 «
1727 3035 1928 3091 eadem
1961 3052 2095 3092 sen-

389 3143 391 3146 ‘
447 3124 630 3180 tentia
661 3125 734 3180 ad
764 3125 950 3181 labem
986 3130 1162 3197 atque
1193 3125 1584 3196 ignominiam
1617 3126 2035 3197 sempiternam
2063 3147 2092 3177 ››

445 3214 734 3270 damnari.
770 3214 970 3285 Itaque
1000 3222 1202 3271 auctor
1231 3214 1648 3282 Slichometriae,
1691 3215 1738 3271 si
1772 3215 1905 3286 quis
1936 3232 2090 3272 sana

2213 1952 2635 2025 nugatoriaque
2665 1955 2739 2010 sit
2758 1954 2878 2009 haec
2909 1959 3369 2026 argumentatio,
3397 1976 3463 2016 eo
3494 1962 3692 2020 invicte
3706 1982 3825 2020 con-

2210 2042 2427 2108 ﬁcitur,
2462 2043 2642 2112 quod,
2674 2042 2721 2098 si
2755 2045 2981 2099 roboris
3009 2044 3233 2118 aliquid
3261 2047 3492 2117 habeat,
3524 2053 3593 2107 ab
3620 2068 3682 2108 ea
3713 2054 3825 2110 Dal-

2211 2135 2352 2186 laeua
2410 2131 2657 2201 ejusque
2702 2133 2958 2187 fautores
3009 2139 3424 2194 tantummodo
3484 2141 3744 2198 feriantur
3779 2149 3826 2199 et

2209 2222 2556 2277 obruantur.
2591 2221 2652 2275 1n
2697 2220 2830 2276 illos
2874 2221 3167 2293 siquidem
3211 2225 3395 2297 ipsos,
3442 2229 3534 2300 qui
3568 2233 3824 2301 Ignatium

2209 2309 2533 2382 aliquas,{ut
2563 2309 2840 2375 diximus,
2874 2311 3154 2382 epistolas
3188 2316 3501 2387 scripsisse
3520 2319 3826 2378 firmissima

2207 2397 2638 2456 asseveratione
2668 2398 3109 2468 afﬁrmant,hoo
3131 2403 3290 2460 idem
3312 2413 3705 2478 argumentum
3723 2414 3826 2467 tota

2206 2503 2312 2544 sua
2341 2486 2416 2553 vi,
2445 2487 2722 2558 omnique
2753 2487 2976 2560 impetu
3037 2490 3120 2546 sic
3183 2495 3412 2550 recidit.
3460 2501 3686 2554 Constat
3720 2501 3826 2571 epi-

2205 2579 2382 2634 stolas
2413 2579 2486 2633 ab
2517 2578 2739 2650 Ignatio
2789 2580 3038 2652 scriptas
3099 2600 3216 2640 non
3271 2588 3529 2658 potuisse
3581 2607 3684 2646 non
3715 2607 3824 2648 esse

2205 2668 2482 2724 omnibus
2503 2673 2560 2723 et
2581 2669 2852 2740 proximae
2877 2671 3149 2745 deinceps
3170 2679 3468 2734 memoriae
3489 2679 3824 2748 Christianis,

2208 2757 2531 2830 praesertim
2575 2773 2703 2814 vero
2761 2757 3036 2817 litteratis
3092 2771 3148 2818 et
3207 2767 3457 2824 eruditis
3504 2770 3824 2827 notissimas.

2204 2847 2385 2920 Atqui
2417 2846 2719 2918 epistolas,
2743 2864 2891 2919 quas
2921 2850 3206 2908 Dallaaani
3249 2855 3322 2911 ab
3357 2856 3578 2928 Ignatio
3605 2861 3828 2930 scriptas

2203 2957 2334 2996 esse
2366 2940 2750 3007 contendunt,
2784 2959 2898 2998 non
2931 2943 3026 3000 his
3058 2945 3282 3014 solum,
3304 2951 3405 3004 sed
3440 2951 3699 3008 omnibus
3717 2956 3831 3008 ante

2204 3035 2261 3086 et
2285 3033 2419 3102 post
2464 3029 2803 3096 Eusebium,
2837 3030 3010 3102 plane
3056 3037 3408 3109 penitusque
3439 3041 3653 3113 ignotas
3680 3042 3831 3097 fuisse

2204 3128 2426 3175 certum
2451 3118 2802 3175 est.Nullum
2834 3122 2988 3178 enim
3012 3124 3112 3195 qui
3142 3140 3250 3181 eas
3281 3128 3544 3185 citaverit
3571 3134 3664 3186 aut
3682 3146 3830 3200 agno-

2203 3208 2350 3264 verit
2378 3213 2678 3264 auctorem
2725 3226 2986 3282 unquam
3039 3218 3368 3285 potuerunt
3404 3218 3672 3276 indicare.
3701 3220 3826 3290 Ergo

444 3305 660 3362 mentis
692 3265 984 3370 habuerit,
1015 3305 1211 3361 omnia
1236 3304 1474 3376 scripta,
1507 3265 1931 3376 quaeultifnam
1961 3306 2090 3376 ejus
2129 3265 2172 3333 θ
2202 3302 2530 3356 necessario
2563 3299 2703 3355 illud
2737 3265 2972 3372 quoque
3001 3265 3415 3362 conﬁtendum
3447 3313 3536 3363 est
3571 3265 3825 3379 hasqqu

439 3393 688 3450 classem
720 3395 1104 3459 constituunt,
1142 3395 1298 3449 inter
1355 3393 1683 3465 apocrypha
1713 3393 1855 3450 Novi
1887 3395 2092 3450 Testa.

439 3485 618 3540 menti
654 3483 1056 3549 amandando,
1091 3500 1159 3538 ea
1190 3500 1222 3538 a
1252 3498 1418 3538 sacro
1468 3483 1798 3539 divinarum
1830 3483 2091 3555 Scriptu-

437 3588 632 3628 rarum
657 3572 918 3646 catalogo
939 3572 1347 3628 tantummodo
1369 3570 1650 3639 exclusit;
1684 3573 1782 3628 sed
1805 3573 1876 3628 de
1890 3587 2091 3628 eorum

441 3661 717 3731 utilitate,
740 3666 842 3718 aut
871 3663 942 3718 de
973 3680 1089 3734 quo
1121 3677 1334 3736 genere
1366 3661 1830 3734 apocryphorum
1855 3661 2093 3735 singula

441 3754 735 3810 censenda
766 3751 1157 3824 sint,liberam
1186 3752 1462 3808 omnibus
1494 3751 1800 3823 judicandi
1831 3751 1963 3810 fecit
1989 3767 2095 3824 po-

440 3847 733 3902 testatem.

581 3953 609 4022 §
639 3953 738 4010 Ill.
769 3954 951 4027 Neque
979 3954 1336 4010 Anastasium
1383 3952 1573 4010 iisdem
1616 3967 1947 4026 repugnare.

509 4061 610 4119 De.
639 4061 948 4116 Anastasio
1010 4065 1229 4127 autem,
1285 4061 1384 4131 qui
1435 4061 1875 4117 Su'chometriam
1929 4059 2090 4116 illam

438 4149 638 4204 Latine
670 4149 938 4215 reddidit,
975 4150 1129 4204 idem
1163 4150 1402 4203 omnino
1465 4166 1532 4204 ac
1565 4151 1636 4205 de
1665 4149 1828 4206 illius
1856 4155 2092 4206 auctore

436 4237 811 4292 sentiendum
845 4257 858 4305 ;
882 4236 967 4292 vel
991 4238 1182 4308 potius
1205 4237 1516 4294 dicendum
1537 4249 1620 4294 est
1642 4239 2091 4307 eumdem;Ana-

436 4324 682 4381 stasium
722 4342 853 4381 cum
887 4325 1221 4396 interpretis
1253 4343 1367 4382 non
1412 4327 1597 4382 critici
1631 4327 1822 4382 ofﬁcio
1854 4329 2091 4383 functus

437 4415 533 4486 sit,
564 4433 632 4473 ea
661 4434 790 4488 qua!
819 4416 877 4473 in
911 4417 1316 4488 manuscripto
1349 4433 1456 4472 suo
1488 4417 1686 4472 codice
1717 4415 1911 4472 Graece
1941 4414 2089 4472 scri-

437 4511 534 4578 pta
563 4505 886 4577 invenerat,
945 4505 1149 4562 Latina
1180 4504 1388 4562 fecisse
1420 4522 1434 4562 :
1469 4504 1569 4560 sed
1620 4506 1690 4560 de
1735 4503 1842 4560 hac
1873 4501 2089 4560 Sticho-

438 4595 788 4668 metria,qua:
821 4596 1078 4652 auctoris
1109 4593 1352 4651 alterius
1375 4594 1652 4668 operibus
1683 4594 1909 4665 adjecta
1937 4597 2082 4665 erat,
2116 4627 2162 4692 Β

436 4684 661 4742 nullum
694 4685 900 4742 tulisse
923 4685 1232 4756 judicium.

1075 4791 1300 4849 CAPUT
1342 4791 1442 4848 IX.

435 4917 782 4958 REFELLITUR
829 4912 1231 4955 ARGUMENTUM
1294 4915 1636 4968 NEGATIVUI,
1677 4917 1744 4954 ET
1802 4915 2080 4962 QUARUM'

567 4991 681 5030 DA!
715 4987 1092 5028 ECCLESIARUM
1123 4987 1650 5028 CONSUETUDINIBUS
1681 4988 1943 5028 PETITUI.

497 5085 525 5152 §
558 5084 596 5137 Ι.
633 5086 747 5160 Hoc
775 5089 1161 5151 argumentum
1187 5083 1380 5133 contra
1401 5081 1746 5134 adversarios
1778 5079 2004 5134 militat.

2199 3389 2399 3444 dicunt
2426 3389 3034 3462 Dallaeani,nunquam
3060 3394 3131 3448 ab
3154 3393 3386 3464 Ignatio
3409 3398 3649 3470 scriptas
3669 3397 3824 3452 fuisse

2199 3477 2500 3550 epistolas.
2539 3479 2654 3534 Hoc
2685 3485 2880 3534 autem
2931 3483 3085 3551 quod
3121 3481 3234 3554 ipsi
3298 3487 3472 3541 nobis
3522 3487 3822 3542 ministrant

2200 3572 2711 3639 argumentum,eo
2735 3567 2992 3625 validius
3020 3575 3307 3643 est,quod
3343 3575 3612 3634 lethalem
3642 3577 3818 3643 ictum,

2197 3672 2370 3728 quem
2403 3656 2529 3712 suis
2561 3658 2675 3729 ipsi
2703 3659 2980 3715 manibus
3013 3660 3124 3715 sibi
3158 3661 3514 3736 intulerunt,
3548 3681 3816 3737 nunquam

2195 3751 2348 3802 certe
2378 3746 2672 3803 declinare
2703 3748 2950 3819 possint.

2269 3841 2550 3898 Prteterea
2578 3843 2834 3900 fatentur
2886 3847 3226 3916 adversarii,
3257 3853 3414 3924 quod
3469 3869 3634 3910 nemo
3662 3852 3816 3909 etiam

2196 3949 2409 4005 negare
2436 3937 2633 4005 queat,
2668 3941 3082 4007 argumentum
3128 3939 3552 4000 afﬁrmativum
3585 3942 3819 4017 negativo

2196 4039 2430 4096 semper
2459 4039 2588 4080 esse
2618 4025 3276 4102 praferendumNeque
3306 4033 3466 4090 enim
3500 4034 3817 4106 scriptorum

2193 4111 2589 4184 quorumlibet
2620 4112 3069 4183 silentium,imo
3103 4134 3297 4192 neque
3318 4122 3602 4193 ignoratio
3619 4124 3820 4179 efﬁcere

2194 4208 2404 4274 potest,
2438 4207 2502 4257 ut
2526 4219 2592 4258 ea
2623 4220 2796 4274 opera
2827 4220 2957 4275 qua:
2987 4206 3060 4261 ab
3105 4207 3238 4264 aliis
3272 4211 3396 4267 visa
3429 4217 3485 4268 et
3513 4212 3655 4268 lecta
3678 4214 3814 4273 sunt,

2195 4308 2322 4348 vere
2355 4309 2469 4348 non
2502 4293 2913 4360 exstiterint,et
2941 4312 3074 4362 vere
3105 4315 3218 4354 non
3248 4300 3373 4356 sint
3403 4303 3476 4358 ab
3506 4301 3813 4359 auctoribus

2193 4382 2316 4436 suis
2348 4383 2625 4453 profecta.
2673 4383 2848 4455 Atqui
2903 4392 3246 4458 argumento
3308 4392 3657 4448 affirmativo
3705 4391 3815 4454 has,

2195 4487 2340 4542 quas
2371 4470 2496 4526 sine
2519 4471 3069 4545 interpolationibus
3101 4476 3389 4536 habemus
3413 4481 3817 4553 epistolas,vere

2194 4561 2266 4615 ab
2298 4561 2523 4632 Ignatio
2544 4567 2743 4617 nostro
2765 4569 3029 4620 exaratas
3061 4566 3241 4624 fuisse
3273 4585 3307 4623 a
3339 4572 3510 4628 nobis
3533 4570 3819 4628 evidentis-

2196 4650 2343 4707 sime
2369 4652 2837 4708 demonstratum
2857 4655 3251 4722 est,nimirum
3279 4662 3602 4736 Polycarpi,
3622 4657 3818 4727 Irenai,

2197 4739 2487 4812 Origenis,
2524 4741 2822 4797 Athanasii
2875 4742 3244 4817 aliorumque
3289 4751 3634 4806 auctoritate
3667 4754 3718 4805 et
3745 4753 3816 4802 te-

2195 4829 2510 4896 stimoniis,
2547 4847 2666 4901 quae
2697 4831 2768 4887 ab
2800 4833 3072 4890 omnibus
3105 4835 3300 4893 Dallaai
3351 4840 3815 4909 defensorumque

2193 4920 2322 4988 ejus
2352 4919 2815 4990 exceptionibus,
2863 4923 3130 4994 argutiis,
3163 4929 3220 4980 et
3263 4926 3717 4984 cavillationibus
3745 4926 3816 4979 in-

2192 5009 2514 5065 victissime
2542 5010 2990 5069 vindicavimus.

2261 5103 2392 5154 Haec
2419 5098 2596 5170 igitur
2625 5100 2771 5156 satis
2819 5118 3110 5174 superque
3161 5121 3290 5162 esse
3321 5108 3596 5164 deberent
3625 5109 3688 5164 ad
3733 5121 3812 5162 va-

494 5194 637 5244 Cum
693 5185 1006 5244 adversarii
1042 5185 1224 5240 nostri
1285 5185 1628 5256 scriptorem
1689 5185 1938 5250 nullum,
1975 5202 2078 5257 pro
2189 5207 2324 5245 nam
2357 5205 2556 5245 eorum
2584 5190 2910 5263 negativam
2937 5199 3522 5267 argumentationem,
3547 5216 3668 5272 qua
3695 5194 3810 5250 nul-

425 5296 532 5334 sua
563 5279 837 5352 opinione
892 5276 1245 5347 loquentem,
1297 5289 1470 5344 quem
1541 5273 1938 5329 invictissime!
1998 5281 2079 5331 tot
2189 5280 2302 5336 lam
2335 5297 2622 5353 unquam,
2657 5281 2769 5337 nisi
2807 5287 3007 5338 contra
3037 5300 3159 5352 eos,
3189 5287 3303 5341 vim
3339 5289 3634 5361 roburque
3664 5284 3806 5341 habi-

426 5375 848 5440 tantorumque
875 5366 1262 5436 virorum,pro
1283 5367 1483 5418 nostra
1505 5364 1794 5419 sententia
1817 5380 2078 5435 pugnan-
2185 5373 2318 5424 tura
2348 5374 2455 5436 est,
2491 5371 2730 5442 penitus
2763 5370 3208 5442 explodendam.
3245 5375 3326 5432 Ne
3370 5381 3565 5432 tamen
3614 5371 3805 5444 aliquid

426 5460 574 5512 tium
608 5464 847 5512 caterva:
871 5460 1188 5527 opponant,
1209 5454 1436 5524 possint
1469 5453 1783 5523 producere
1805 5469 1817 5520 ;
1843 5456 1912 5508 ad
1930 5453 2073 5509 alio-
2186 5458 2596 5527 probationum
2627 5476 2869 5515 suarum
2911 5477 2945 5515 a
2998 5461 3163 5518 nobis
3216 5465 3668 5534 praetermissum
3695 5477 3805 5518 esse

433 5562 561 5600 rum
596 5546 916 5612 silentium,
949 5552 1231 5616 tanquam
1264 5543 1334 5599 ad
1383 5559 1609 5598 sacram
1647 5543 1960 5600 anchoram
1994 5544 2076 5600 ita
2183 5554 2638 5620 conquerantur,
2679 5555 2854 5622 atque
2885 5555 2949 5604 ut
2995 5551 3273 5610 omnibus
3322 5571 3498 5628 quam
3532 5553 3804 5611 inﬁrmum

501 5687 549 5722 ίθ
579 5703 703 5757 oap.
735 5688 790 5759 5,
822 5704 880 5758 p.
908 5687 1036 5742 256.
