4026 6206
287 385 397 449 803

1255 391 1328 452 D.
1374 391 1722 455 NOURRII
1762 381 2304 448 DISSERTATIO.
2349 416 2426 429 —
2470 381 2668 444 PARS
2710 381 2759 442 Ι.

3573 389 3692 451 506

292 523 363 577 sit
403 521 770 592 pracipuum
805 537 1006 577 eorum
1064 529 1479 595 argumentum
1539 521 1942 594 pateat,juvat
1969 520 2020 585 Α
2056 515 2440 584 Hieronymus
2472 515 2598 583 ‘nas,
2623 516 2694 571 de
2723 515 2938 588 quibus
2970 517 3450 591 agimus,optime
3477 536 3690 593 cogno-

290 610 486 666 omnia
520 611 805 682 negativa
835 610 995 667 illius
1024 611 1382 669 defensionis
1413 617 1708 670 momenta
1739 614 1929 666 atten-

290 701 520 754 tissime
557 700 906 772 ponderare.

286 806 413 874 §Il.
458 806 730 878 Epistolas
785 807 986 877 lgnatii
1013 823 1122 863 non
1168 808 1344 878 fuisse
1395 809 1705 878 incognita:
1757 807 1938 862 Eccle-

827 880 930 935 sia
984 880 1402 938 Alexandrina.

354 984 674 1039 Contendit
705 985 885 1054 igitur
916 985 1162 1042 Dallaus
1195 986 1474 1060 epistolas
1534 987 1741 1057 lgnatii
1776 985 1938 1042 inco-

288 1075 478 1146 gnitas
501 1075 687 1131 fuisse
717 1075 993 1132 Ecclesiis
1041 1077 1403 1132 Alexandria
1456 1077 1822 1148 aliarumque
1856 1092 1939 1130 re-

285 1165 553 1236 gionum,
618 1181 723 1220 nec
776 1182 892 1221 non
953 1166 1125 1222 etiam
1181 1167 1566 1234 Tertulliano,
1598 1167 1751 1232 Caio,
1782 1164 1938 1221 Julio

284 1254 581 1323 Africano,
614 1254 901 1311 Clementi
926 1255 1334 1325 Alexandrino,
1371 1256 1647 1328 aliisque;
1675 1255 1936 1328 quando-

290 1344 529 1416 quidem
566 1343 605 1398 ii
639 1361 843 1401 omnes
874 1346 1093 1400 nullam
1129 1363 1324 1402 earum
1359 1347 1618 1402 fecerunt
1678 1360 1936 1416 unquam

287 1435 780 1490 mentionem.Sic
812 1442 1006 1492 autem
1040 1435 1139 1493 ille
1165 1437 1235 1492 de
1267 1437 1519 1492 Ecclesia
1550 1434 1937 1491 Alexandrina

289 1526 570 1598 disputat.
613 1526 906 1597 Doctrina,
940 1527 1134 1599 inquit
1163 1529 1228 1593 ⁸ο,
1263 1545 1391 1600 qua
1424 1529 1480 1582 in
1541 1528 1613 1582 iis
1675 1525 1936 1597 epistolis

290 1615 499 1688 sapius
533 1614 884 1684 inculcatur,
920 1634 987 1672 ea
1018 1621 1138 1673 est:
1191 1638 1219 1667 ‹‹
1279 1622 1398 1672 Non
1433 1617 1599 1672 aliter
1628 1634 1803 1688 quam
1864 1616 1936 1671 ab

293 1721 404 1761 uno
450 1704 751 1776 episcopo,
796 1707 1148 1780 presbyteris
1194 1707 1562 1777 praesidente,
1605 1706 1723 1778 regi
1767 1722 1938 1778 posse

295 1811 358 1850 ac
387 1795 593 1851 debere
627 1795 897 1868 singulas
929 1795 1143 1852 Christi
1173 1795 1477 1851 Ecclesias.
1518 1818 1544 1845 »
1581 1796 1752 1867 Atqui
1787 1795 1938 1850 alius

2046 607 2127 659 vit
2143 605 2443 676 epistolas.
2479 605 2596 660 imo
2627 607 2860 661 easdem
2923 606 3139 675 lgnatio
3171 615 3507 665 constanter
3536 612 3689 667 assi-

2046 694 2458 765 gnavit.Atqui
2481 694 2652 764 juxta
2675 695 3138 750 adversariorum
3173 701 3688 767 communem,etsi

2046 799 2348 838 erroneam
2365 783 2699 851 opinionem
2713 783 2907 839 .Hiero
2918 801 3127 855 nymus
3139 786 3547 857 episcoporum
3561 805 3627 844 cu
3640 806 3696 846 m

2048 872 2401 944 presbyteris
2421 873 2963 943 aequalitatemque:
2987 875 3045 928 in
3072 875 3159 930 his
3184 875 3387 946 lgnatii
3420 877 3682 946 epistolis

2049 962 2266 1032 ubique
2315 963 2647 1027 damnatur,
2685 964 2978 1017 mordicus
3012 963 3289 1020 defendit.
3320 963 3516 1019 Potuit
3546 982 3682 1037 ergo

2051 1055 2303 1110 Ecclesia
2333 1054 2725 1110 Alexandrina
2757 1071 2869 1110 non
2899 1056 3082 1110 solum
3141 1057 3360 1128 aliquid
3417 1059 3549 1114 usui
3583 1059 3682 1114 ha-

2046 1147 2205 1213 bere,
2238 1143 2395 1216 quod
2426 1146 2482 1198 in
2515 1144 2780 1215 epistolis
2847 1145 3057 1216 lgnatii
3118 1146 3450 1214 damnatur,
3485 1165 3686 1203 verum

2047 1237 2219 1291 etiam
2254 1235 2396 1290 illud
2427 1253 2562 1290 cum
2624 1235 2972 1307 Hieronymo
3033 1237 3250 1308 passim
3283 1243 3340 1292 et
3387 1240 3688 1296 mordicus

2048 1328 2392 1394 defendere;
2435 1333 2610 1398 atque
2639 1329 2874 1383 easdem
2934 1329 3320 1384 nihilominus
3375 1345 3691 1400 agnoscere

2048 1419 2163 1472 imo
2195 1423 2250 1472 et
2280 1417 2497 1486 lgnatio
2528 1417 2826 1472 vindicare
2855 1417 3152 1488 epistolas.

2120 1506 2332 1562 Verum
2362 1523 2475 1561 non
2509 1523 2578 1562 ex
2610 1507 2734 1562 sola
2759 1523 2960 1562 eorum
2992 1523 3191 1562 secum
3214 1508 3290 1563 ita
3313 1508 3692 1580 pugnantium

2049 1599 2340 1654 discordia
2379 1598 2610 1654 elicitur
2643 1599 3061 1670 propositionis
3092 1600 3258 1656 illius
3292 1602 3516 1656 falsitas
3547 1619 3560 1667 ;
3594 1602 3692 1656 sed

2047 1688 2182 1744 inde
2215 1689 2384 1744 etiam
2419 1695 2616 1760 aperte
2667 1690 2975 1757 evincitur,
3008 1691 3162 1760 quod
3213 1691 3354 1745 varii
3416 1693 3532 1745 sint
3586 1708 3686 1746 va-

2048 1780 2266 1835 riarum
2302 1779 2692 1835 Ecclesiarum
2729 1795 2894 1843 usus,
2918 1786 2975 1834 et
3005 1796 3072 1834 ea
3103 1798 3232 1852 qua
3285 1783 3354 1836 ad
3416 1782 3683 1852 disciplio

295 1883 548 1950 omnino,
581 1889 732 1942 teste
777 1884 1126 1958 Hieronymo
1183 1891 1241 1940 et
1287 1885 1566 1957 Eulychio
1606 1883 1936 1956 patriarcha
1965 1888 2013 1953 Β
2047 1885 2180 1924 nam
2215 1874 2479 1941 spectant
2510 1869 2564 1922 in
2595 1868 2840 1924 diversis
2868 1869 3141 1924 Ecclesiis
3172 1870 3398 1925 diverso
3431 1871 3601 1925 modo
3624 1886 3685 1926 se

287 1972 707 2040 Alexandrino,
742 1978 867 2029 erat
895 1975 1160 2030 Ecclesia
1195 1974 1598 2029 Alexandrina
1630 1973 1933 2029 usus.Hie-

286 2079 569 2132 rcnyrnus
602 2063 819 2135 quippe
843 2063 962 2118 hac
994 2065 1062 2118 de
1090 2063 1188 2119 illo
1222 2063 1460 2119 tradidit
1490 2063 1534 2098 ²¹
1565 2080 1577 2118 :
1631 2086 1658 2113 ‹‹
1698 2062 1935 2118 Alexan-

281 2152 479 2207 driaa
539 2155 729 2208 Marco
771 2153 1124 2222 evangelista
1189 2169 1374 2224 usque
1423 2154 1494 2209 ad
1549 2151 1846 2208 Heraclam
1880 2155 1936 2207 et

290 2241 637 2313 Dionysium
668 2241 991 2312 episeOpos,
1029 2241 1351 2313 presbyteri
1390 2258 1624 2314 semper
1654 2258 1834 2296 unum
1867 2257 1936 2296 ex

282 2346 341 2385 se
363 2331 615 2386 electum
655 2331 713 2385 in
743 2330 1041 2386 excelsiori
1074 2333 1260 2404 gradu
1319 2332 1668 2388 collocatum
1704 2331 1933 2403 episco-

283 2437 424 2492 pum
460 2419 892 2475 nominabant:
918 2421 1208 2492 quomodo
1239 2421 1286 2476 si
1307 2420 1595 2476 exercitus
1628 2422 1935 2491 imperato-

279 2525 402 2564 rem
433 2509 632 2572 faciat,
668 2515 765 2563 aut
796 2508 1025 2564 diaconi
1067 2509 1282 2581 eligant
1314 2511 1385 2565 de
1417 2526 1498 2580 se,
1533 2526 1706 2582 quem
1764 2508 1934 2563 indu-

279 2597 494 2652 strium
520 2599 811 2664 noverint,
844 2605 903 2653 et
933 2599 1404 2655 archidiaconum
1427 2603 1656 2655 vocent.
1692 2619 1720 2650 »
1753 2598 1934 2669 Euty-

278 2686 447 2742 cbius
471 2692 665 2742 autem
684 2687 754 2742 de
777 2688 977 2744 eodem
1003 2704 1113 2745 usu
1144 2689 1263 2745 hac
1287 2690 1490 2744 scribit
1511 2689 1559 2724 ³³
1584 2706 1597 2744 :
1624 2688 1936 2744 Constituit

280 2776 525 2833 Marcus
583 2777 940 2849 evangelista
1011 2781 1310 2835 duodecim
1375 2781 1739 2852 presbyteros
1795 2795 1931 2833 cum

280 2866 531 2934 Anania,
555 2867 658 2938 qui
693 2883 901 2938 nempe
933 2874 1238 2924 manerent
1264 2887 1396 2924 cum
1433 2868 1930 2941 patriarcha,adeo

283 2964 355 3011 ut
405 2973 536 3012 cum
579 2960 812 3012 vacaret
863 2959 1316 3027 patriarchatus,
1339 2959 1624 3030 eligerent
1656 2974 1839 3013 unum
1899 2973 1929 3012 e

289 3045 665 3116 presbyteris,
697 3045 867 3116 cujus
893 3047 1064 3118 capiti
1094 3048 1359 3103 undecim
1423 3064 1633 3103 manus
1664 3047 1927 3118 impone-

273 3138 430 3201 rent,
465 3149 718 3206 eumque
782 3136 1219 3206 benedicerent,
1251 3141 1308 3192 et
1363 3135 1753 3208 patriarcham
1786 3152 1926 3191 eum

272 3228 634 3290 crearent,et
654 3224 786 3278 dein
817 3223 1007 3280 virum
1040 3223 1296 3296 aliquem
1329 3225 1622 3298 insignem
1645 3224 1927 3296 eligerent
1957 3245 2006 3312 ρ

271 3329 537 3385 eumque
568 3329 769 3369 secum
804 3315 1232 3370 constituerent
1263 3315 1387 3371 loco
1418 3316 1568 3385 ejus,
1601 3314 1702 3386 qui
1732 3315 1817 3370 sic
1848 3315 1927 3370 fa-

271 3409 410 3458 ctus
432 3409 525 3459 est
549 3403 878 3474 patriarcha
903 3420 917 3469 ;
950 3410 1013 3458 ut
1043 3405 1122 3460 ita
1152 3421 1384 3477 semper
1413 3411 1710 3462 exstarent
1741 3405 1928 3461 unde-

271 3493 414 3548 cim.
469 3491 673 3562 Neque
705 3493 878 3546 desiit
910 3492 1257 3548 Alexandria
1319 3494 1660 3549 institutum
1718 3493 1826 3549 hoc
1857 3493 1929 3548 de

268 3580 663 3652 presbyteris,
723 3587 788 3635 ut
843 3579 1064 3636 scilicet
1116 3582 1476 3652 patriarchas
1546 3587 1811 3638 crearent
1857 3598 1927 3638 ex

266 3669 635 3742 presbyteris
667 3669 1192 3742 duodecim,usque
1221 3672 1292 3727 ad
1319 3676 1580 3744 tempora
1611 3670 1925 3727 Alexandri

264 3758 621 3829 patriarcha
650 3756 1053 3826 Alexandrini,
1083 3759 1182 3830 qui
1217 3759 1327 3814 fuit
1354 3775 1424 3814 ex
1460 3775 1707 3816 numero
1737 3759 1866 3825 318,
1893 3780 1921 3809 ››

259 3846 316 3902 id
338 3851 440 3902 est
475 3849 716 3902 Patrum
736 3846 972 3901 Nicana
1003 3846 1629 3918 synodi.Alexandrina
1657 3863 1795 3919 ergo
1820 3847 1924 3903 Ec-

259 3935 451 3992 clesia
483 3935 731 3990 nescivit
752 3935 1108 3991 contrarium
1145 3953 1314 3992 usum
1348 3953 1474 3993 esse
1489 3953 1619 3992 vere
1641 3935 1921 4008 apostoli-

257 4040 422 4082 cum.
466 4024 675 4096 lgnatii
706 4023 903 4094 itaque
933 4025 1038 4080 viri
1089 4025 1392 4097 apostolici
1423 4025 1706 4099 epistolas
1758 4033 1921 4082 notas

257 4131 374 4170 non
413 4113 652 4169 habuit.

324 4203 524 4267 Quam
560 4202 796 4258 inﬁrma
825 4202 902 4258 sit
932 4204 1052 4259 hac
1084 4203 1467 4272 ratiocinatio,
1503 4209 1566 4261 ut
1595 4205 1919 4262 evidentius

249 4296 561 4364 appareat,
593 4307 661 4346 ea
705 4291 765 4346 in
798 4290 1124 4364 syllogismi
1176 4294 1424 4349 formam
1457 4294 1537 4350 ita
1583 4295 1919 4351 reducenda

247 4386 363 4438 est.
401 4377 679 4434 Ecclesia
709 4379 769 4434 in
801 4379 1019 4450 quibus
1079 4397 1221 4437 usus
1267 4382 1471 4452 viguit,
1505 4382 1782 4438 doctrina
1842 4385 1916 4440 ab

252 4467 496 4541 lgnatio
547 4468 605 4522 in
639 4469 902 4539 epistolis
951 4471 1073 4525 suis
1131 4469 1344 4540 sapius
1405 4472 1915 4538 tradita,omnino

248 4556 623 4621 contrarius,
655 4571 734 4610 ea
764 4555 1041 4627 epistolas
1087 4556 1219 4614 illas
1251 4559 1410 4614 nullo
1471 4577 1709 4632 prorsus
1740 4562 1913 4618 modo

247 4655 435 4703 notas
473 4644 829 4700 habuerunt.
871 4647 1040 4715 Atqui
1073 4647 1130 4701 in
1168 4647 1422 4704 Ecclesia
1455 4649 1916 4719 Alexandrina,a

248 4741 461 4792 Marco
475 4733 836 4804 evangelista
858 4751 1041 4803 usque
1057 4737 1124 4791 ad
1142 4736 1448 4792 Heraclam
1465 4743 1520 4792 et
1540 4738 1820 4812 Dionysiu
1833 4758 1908 4809 m,

246 4825 340 4882 vel
376 4823 805 4893 Alexandrum,
839 4823 917 4878 uti
947 4823 1334 4896 Hieronymus
1368 4826 1804 4900 Eutychiusque
1830 4839 1908 4885 le-

241 4911 710 4982 stantur,viguit
741 4928 885 4967 usus
908 4912 1284 4981 doctrin-msh
1312 4915 1536 4987 lgnatio
1561 4917 1618 4971 in
1641 4918 1908 4988 epistolis

239 5003 378 5058 suis
415 5000 636 5072 sapius
685 5001 928 5069 tradita,
959 5003 1197 5059 omnino
1229 5006 1700 5077 conlrarius.lpsi
1735 5007 1910 5076 igitur

237 5093 428 5162 plane
445 5090 801 5162 penitusque
823 5089 1130 5162 incognita
1147 5093 1379 5149 fuerunt
1402 5094 1905 5166 lgnatiiepistola.

241 5180 446 5249 Hujus
479 5183 675 5233 autem
727 5177 1054 5250 syllogismi
1096 5185 1332 5252 utraque
1385 5183 1708 5255 pramissa,
1771 5201 1905 5242 cum

237 5273 447 5340 major
483 5279 605 5323 lum
639 5269 831 5324 minor
861 5271 1200 5339 propositio,
1233 5273 1472 5329 omnino
1503 5273 1650 5330 falsa
1697 5279 1806 5333 est.
1840 5275 1908 5331 Et

232 5357 497 5429 quidem
536 5356 994 5426 praposititionis
1019 5359 1254 5430 majoris
1285 5360 1510 5418 falsitas
1529 5378 1597 5417 ex
1624 5363 1769 5435 ipsis
1801 5365 1903 5420 ad-

242 5446 654 5502 versariorum
691 5445 996 5518 principiis
1030 5446 1240 5503 invicte
1269 5450 1724 5508 demonstratur.
1759 5453 1906 5510 Nam

237 5535 584 5591 secundum
609 5532 844 5590 illorum
877 5540 935 5591 et
954 5535 1204 5592 aliorum
1236 5538 1494 5595 omnium
1531 5541 1906 5614 sententiam,

2048 1959 2318 2028 habeant,
2352 1975 2416 2014 ac
2441 1958 2866 2014 mutationibus
2897 1959 3016 2014 sint
3045 1959 3312 2014 obnoxia.
3346 1960 3506 2022 Quod
3554 1960 3684 2028 qui-

2043 2049 2175 2102 dem
2208 2064 2341 2102 cum
2365 2048 2694 2104 innumeris
2726 2047 2889 2102 facile
2909 2049 3138 2120 probari
3165 2053 3359 2119 posset
3379 2049 3684 2120 exemplis,

2043 2153 2113 2192 ex
2143 2137 2291 2208 ipso,
2326 2137 2426 2208 qui
2459 2137 2754 2208 objicitur,
2811 2137 3214 2193 Alexandrina
3275 2138 3539 2192 Ecclesia
3572 2155 3682 2193 usu

2044 2225 2479 2280 demonstrasse
2511 2225 2788 2282 sufficiat.
2825 2225 2928 2278 Hic
2979 2224 3274 2279 enimvero
3305 2223 3562 2295 eligendi
3626 2229 3683 2280 et

2043 2313 2276 2368 creandi
2311 2312 2566 2384 episcopi
2601 2329 2746 2368 usus
2765 2312 3163 2368 Alexandrinis
3194 2312 3504 2384 peculiaris
3535 2319 3679 2371 erat.

2043 2401 2190 2456 Nam
2223 2401 2272 2456 si
2295 2401 2352 2456 in
2384 2401 2514 2456 aliis
2546 2401 2820 2458 Ecclesiis
2850 2402 3156 2472 viguisset,
3190 2417 3376 2474 neque
3407 2405 3684 2476 Hierony-

2045 2507 2200 2554 mus,
2234 2506 2421 2561 neque
2472 2491 2788 2562 Eutychius
2819 2491 2978 2547 illius
3011 2497 3287 2562 tanquam
3321 2493 3398 2548 rei
3433 2493 3681 2565 alicujus

2043 2579 2363 2650 singularis
2397 2580 2670 2636 fecissent
2699 2583 3078 2636 mentionem.
3109 2585 3173 2636 At
3197 2582 3393 2637 nullus
3424 2583 3550 2638 sani
3585 2599 3680 2638 ca-

2045 2669 2179 2740 pitis
2209 2669 2384 2726 homo
2418 2669 2699 2742 epistolas
2737 2676 2795 2726 et
2851 2687 3024 2741 opera
3083 2671 3341 2736 illorum,
3374 2671 3472 2744 qui
3513 2673 3685 2742 juxta

2041 2757 2308 2815 Ecclesia
2340 2776 2455 2815 sua
2490 2775 2706 2814 morem
2739 2759 3080 2828 scribentes,
3113 2759 3333 2832 aliquid
3385 2763 3516 2817 usui
3552 2762 3682 2817 Ale-

2040 2847 2337 2903 xandrina
2371 2847 2634 2904 Ecclesia
2666 2848 3028 2904 contrarium
3061 2851 3448 2920 tradiderunt,
3511 2851 3680 2923 plane

2041 2937 2390 3010 penitusque
2419 2938 2606 2994 eidem
2639 2937 2911 2994 Ecclesia
2942 2939 3120 2995 fuisse
3168 2939 3465 3012 incognita
3517 2941 3678 2996 affir-

2041 3029 2307 3085 maverit.

2104 3122 2231 3174 Jam
2257 3135 2390 3174 vero
2424 3123 2487 3174 ut
2517 3120 2586 3175 ad
2617 3119 2904 3175 minorem
2962 3119 3417 3192 propositionem
3475 3121 3676 3177 venia-

2037 3225 2191 3277 mus,
2227 3209 2386 3264 illius
2418 3209 2640 3266 falsitas
2673 3228 2786 3266 non
2822 3210 3016 3267 minus
3046 3228 3221 3282 quam
3257 3211 3494 3283 majoris
3547 3229 3675 3283 per-

2040 3299 2241 3371 spicua
2277 3305 2366 3354 est
2395 3304 2450 3355 et
2481 3305 2702 3370 aperta.
2747 3299 3136 3372 Hieronymus
3168 3316 3374 3371 nempe
3421 3304 3479 3356 et
3510 3301 3680 3372 Euty-

2037 3387 2208 3444 chius
2229 3389 2300 3444 de
2329 3387 2629 3453 electione,
2653 3388 3065 3445 constitutione
3095 3394 3152 3444 et
3179 3389 3468 3444 creatione
3501 3390 3678 3444 unius

2039 3477 2303 3533 Ecclesia
2336 3477 2738 3534 Alexandrina
2769 3478 3022 3550 episcopi
3058 3477 3416 3550 loquuntur:
3472 3481 3530 3534 in
3561 3480 3678 3551 epi-

2037 3566 2202 3623 stolis
2225 3572 2421 3623 autem
2458 3568 2657 3636 lgnatii
2683 3569 2878 3640 agitur
2907 3574 3136 3622 tantum
3183 3568 3254 3622 de
3289 3568 3540 3625 Ecclesia
3602 3571 3675 3624 ab

2036 3655 2158 3723 illo,
2199 3657 2299 3727 qui
2323 3658 2443 3726 jam
2475 3657 2525 3711 ei
2562 3661 2788 3728 praest,
2820 3657 3090 3729 episcopo
3145 3657 3549 3727 gubernanda.
3607 3661 3674 3714 At

2036 3744 2196 3801 nulla
2227 3745 2482 3816 profecto
2512 3750 2600 3801 est
2631 3746 3114 3817 repugnantia,ut
3140 3745 3451 3818 episcopus
3481 3763 3514 3802 a
3547 3761 3674 3815 pre-

2034 3835 2284 3906 sbyteris
2304 3834 2522 3891 electus
2542 3840 2598 3890 et
2627 3840 2878 3902 creatus,
2912 3837 3130 3890 eisdem
3168 3841 3383 3904 postea,
3415 3841 3472 3892 et
3501 3841 3668 3892 cate-

2033 3925 2114 3979 ris
2131 3922 2402 3979 omnibus
2420 3922 2963 3994 ministris,totique
2992 3922 3259 3979 Ecclesia
3295 3924 3666 3995 praficiatur.

2033 4012 2173 4076 Quis
2213 4012 2369 4068 enim
2409 4011 2636 4067 nesciat
2691 4010 3018 4068 cardinales
3079 4010 3345 4068 Ecclesia
3399 4013 3670 4068 Romana

2033 4119 2218 4158 unum
2257 4118 2325 4158 ex
2356 4119 2418 4158 se
2438 4101 2715 4166 electum,
2746 4102 2806 4156 in
2851 4099 3147 4157 excelsiori
3179 4103 3363 4173 gradu
3423 4101 3672 4158 colloca-

2030 4196 2177 4263 tum,
2197 4192 2534 4264 episcopum
2568 4198 2623 4248 et
2653 4207 2953 4247 summum
2980 4192 3311 4263 pontificem
3345 4195 3668 4262 nominare,

2029 4282 2239 4354 eligere
2271 4287 2329 4338 et
2358 4298 2592 4338 creare:
2617 4281 2780 4337 illum
2806 4285 2998 4336 tamen
3033 4282 3470 4354 postejusmodi
3503 4282 3670 4340 insti—

2026 4373 2312 4429 tutionem
2347 4371 2660 4429 universali
2700 4371 2991 4440 Ecclesia,
3041 4371 3302 4444 ipsisque
3361 4390 3395 4429 a
3452 4374 3666 4445 quibus

2027 4479 2177 4535 papa
2206 4468 2434 4519 creatus
2486 4467 2596 4529 est,
2628 4462 2983 4534 superiorem
3035 4462 3312 4534 praponi.
3345 4467 3535 4534 Atque
3602 4469 3666 4520 ut

2025 4553 2357 4625 Hieronymi
2390 4553 2656 4625 exemplo
2689 4558 2941 4621 utamur,
2968 4552 3076 4608 etsi
3095 4552 3379 4608 exercitus
3410 4553 3662 4624 impera-

2027 4648 2207 4700 torem
2242 4644 2462 4708 fecerit,
2499 4643 2624 4715 ipse
2654 4648 2852 4698 tamen
2887 4643 3203 4714 imperator
3262 4643 3469 4708 factus,
3503 4643 3665 4698 omni

2027 4737 2229 4804 praest
2269 4731 2568 4789 exercitui.
2603 4731 2752 4788 Hinc
2801 4732 3054 4804 profecto
3108 4730 3494 4802 Hieronymus
3533 4732 3661 4803 epi-

2021 4838 2262 4893 scopum
2293 4820 2542 4877 electum
2567 4822 2626 4876 in
2658 4819 2955 4877 excelsiori
2973 4820 3156 4891 gradu
3179 4819 3446 4876 collocari
3479 4821 3661 4890 dixit;

2023 4915 2086 4966 ut
2110 4927 2240 4966 cum
2275 4909 2626 4983 presbyteris
2657 4915 2713 4966 et
2743 4908 3028 4981 Ecclesia,
3063 4909 3218 4965 sicut
3247 4909 3658 4982 imperatorem

2020 4999 2298 5058 exercitui
2330 5002 2653 5072 praefectum
2701 5004 2760 5055 et
2790 5001 3152 5072 superiorem
3204 5015 3333 5056 esse
3373 5001 3660 5073 signiﬁca-

2021 5094 2128 5145 ret.

2089 5179 2266 5252 Urget
2293 5177 2491 5237 Dallai
2525 5180 2795 5236 defensor
2813 5180 2858 5214 ”
2881 5196 2893 5235 :
2929 5201 2957 5230 α
2973 5179 3026 5235 Si
3045 5179 3394 5252 presbyteris
3411 5179 3653 5236 Alexan-

2017 5271 2202 5327 drinis
2263 5271 2485 5327 licitum
2530 5272 2637 5327 fuit
2676 5271 2980 5344 episcopos
3029 5269 3404 5340 constituere,
3456 5269 3660 5342 quidni

2017 5361 2191 5416 etiam
2219 5361 2363 5418 alias
2382 5365 2604 5434 absque
2621 5362 2893 5433 episcopo
2926 5360 3255 5416 functiones
3279 5359 3438 5416 obire
3454 5358 3483 5414 τ
3505 5361 3660 5418 »Sed

2016 5455 2219 5509 eodem
2255 5451 2475 5524 pariter
2503 5453 2676 5508 modo
2724 5451 3019 5506 dicemus:
3051 5447 3109 5503 Si
3141 5449 3558 5518 cardinalibus,
3610 5452 3661 5508 si

2015 5541 2295 5599 exercitui
2325 5541 2548 5598 licitum
2580 5541 2690 5597 fuit
2713 5556 2924 5614 papam
2958 5539 3045 5595 vel
3077 5539 3487 5611 imperatorem
3519 5560 3657 5602 con-

305 5668 363 5704 ³ο
392 5685 520 5742 cap.
551 5668 611 5734 7,
644 5683 699 5742 p.
725 5668 850 5724 272.
929 5669 976 5705 ²¹
1002 5668 1190 5742 epist.
1221 5671 1293 5726 85
1319 5673 1391 5730 ad
1414 5675 1624 5748 Evagr.
1701 5677 1748 5714 ²²
1779 5677 1838 5736 in
1867 5678 1926 5736 At

2040 5677 2184 5735 tibus
2213 5675 2408 5735 Roma
2438 5676 2610 5736 editis
2632 5694 2771 5738 ann.
2801 5677 2963 5737 4659.
2992 5679 3221 5756 23'pag.
3248 5681 3370 5740 121.
