4026 6206
417 346 536 406 507
1483 342 1547 402 s.
1595 342 1986 406 IGNATIUS.
2032 376 2109 391 —
2151 346 2777 414 PROLEGOMINA.
3663 369 3765 429 503

420 478 685 544 stituere,
720 476 921 551 quidni
948 476 1124 532 etiam
1158 474 1303 530 alias
1336 474 1560 545 absque
1586 490 1735 546 papa
1765 475 1852 530 vel
1888 476 2069 547 impe-
2102 481 2153 546 Α
2257 480 2534 538 Praeterea
2564 483 2684 541 leve
2709 485 2952 541 omuino
2982 494 3035 543 et
3066 487 3334 545 sublesta
3361 491 3489 548 ﬁdei
3516 501 3599 550 est
3626 500 3771 554 testi-

420 575 609 625 ratore
640 568 800 624 obire
833 563 1205 621 functiones?
1254 563 1392 627 Qum
1424 563 1664 633 quidem
1710 580 1883 636 quam
1919 565 2066 621 falsa
2177 571 2437 626 monium
2466 572 2747 645 Eutychii,
2772 592 2946 647 quem
2980 582 3039 632 et
3068 578 3275 634 saeculo
3326 585 3538 638 tantum
3565 584 3770 645 decimo

421 658 539 714 sint
570 662 626 712 et
652 674 680 710 a
712 672 846 710 vero
878 654 1088 716 aliena,
1123 669 1317 718 nemo,
1350 652 1577 724 opinor,
1612 669 1726 708 non
1760 654 1931 710 videt.
2174 660 2497 731 scripsisse.
2523 679 2588 718 ac
2615 664 2782 734 plura
2806 664 2899 720 hic
2933 682 3201 736 peccasse
3230 685 3394 724 nemo
3424 672 3768 733 inﬁciabitur.

421 776 449 841 δ
492 773 597 845 mi
631 772 775 845 Nam
829 769 1073 845 ερίξςεριδε
1111 769 1321 845 19mm:
1375 770 1619 845 ἔδειερίίε
1682 772 1925 845 ίεθῃρᾲη,
1983 773 2067 827 vel
2286 749 2553 845 pluribus
2572 752 3364 845 autem‘illiuserratisillud
3394 758 3570 815 solum
3601 766 3773 820 obser-

486 841 827 922 gmiqwég
849 837 929 922 υςι
960 837 1275 922 germania;
1295 837 2063 911 Βαίοαι-ίοναῃπρξιϊδεοιίε,
2174 837 2465 903 vabimus,
2500 840 2653 910 quod
2687 841 2915 897 nullum
2948 842 3005 897 in
3039 844 3347 915 provinciis
3367 846 3577 918 [Egypti
3612 852 3769 908 tuisse

485 920 583 968 aut
614 914 717 967 alii
744 915 955 983 fuerint
986 914 1302 983 incognitae.
2176 924 2513 998 episcopum
2548 937 2912 994 narrat,vero
2945 914 3059 987 non
3086 933 3264 988 videri
3295 914 3603 1004 simile,sed
3635 940 3777 996 falsi-

490 1029 676 1083 lnstat
696 1034 891 1084 tamen
921 1028 1190 1095 Dallasus,
1224 1044 1329 1084 nec
1360 1028 1465 1084 soli
1502 1028 1925 1096 Alexandrinas,
1962 1031 2063 1087 sed

2184 1015 2311 1069 tatis
2342 1032 2582 1085 prorsus
2612 1026 2971 1090 suspectum.
3007 1020 3069 1076 In
3100 1022 3319 1094 synodo
3349 1026 3553 1080 etenim
3574 1030 3639 1083 ab
3660 1030 3774 1085 Ale-

419 1116 695 1172 omnibus
728 1118 1205 1188 Aigyptimecnon
1229 1117 1530 1189 Ethiopia
1563 1118 2009 1190 Ecclesiisepisli

2186 1104 2392 1159 xandro
2415 1106 2687 1179 episcopo
2705 1108 3069 1164 Alexandriae
3082 1111 3358 1168 adversus
3374 1117 3561 1169 Arium
3585 1128 3776 1190 coacta,

420 1205 507 1260 las
542 1205 746 1277 Ignatii
808 1206 1134 1277 incognitas
1187 1206 1365 1262 fuisse
1402 1223 1470 1261 ex
1501 1208 1701 1263 eodem
1761 1209 2067 1280 Eutychio,
2176 1190 2293 1247 fere
2323 1200 2558 1250 centum
2582 1197 2839 1271 θρίεοορί
2874 1201 3219 1259 interfuere:
3256 1226 3283 1253 ί(
3309 1204 3424 1262 N08
3453 1223 3577 1261 cum
3603 1208 3767 1275 aliis».

420 1298 763 1368 eodemque,
788 1298 940 1367 quod
975 1297 1119 1353 satis
1152 1314 1443 1370 superque
1474 1299 1832 1355 confutatum
1859 1305 2064 1364 est,ar-
2177 1280 2383 1353 inqu“:
2420 1306 2447 1335 α
2472 1286 2587 1341 fere
2617 1294 2849 1343 centum
2880 1290 3103 1363 158W”
3137 1298 3195 1347 οῖ
3226 1293 3411 1366 Libya
3442 1295 3706 1369 episcopis
3725 1298 3774 1352 in

419 1392 699 1457 gumento
731 1388 1015 1443 coniicere
1045 1404 1107 1442 se
1135 1404 1304 1459 posse
1335 1388 1672 1443 arbitratur.
1708 1411 1737 1439 «
1769 1390 1891 1455 Hic,
1926 1412 1955 1439 »
1988 1391 2065 1445 ait
2177 1386 2359 1427 unum
2393 1375 2851 1443 convenient-039”
2882 1384 2989 1434 θὶο·
3015 1384 3079 1435 Ai-
3108 1397 3292 1437 νθτοα
3325 1383 3587 1439 Demetrii
3618 1393 3775 1443 morte

423 1476 759 1530 Dallzeusde
791 1476 1069 1547 Eutychio
1100 1475 1347 1547 loquens
1369 1476 1483 1543 “,u
1520 1479 1691 1533 etiam
1717 1478 2065 1550 aliudquid-
2179 1478 2364 1533 usque
2396 1467 2465 1520 ad
2496 1483 2713 1522 annum
2738 1469 2865 1535 318:
2888 1487 3003 1542 (1υο
3028 1472 3342 1528 concilium
3376 1474 3515 1529 ίῙῙυά
3547 1477 3775 1532 celebra-

418 1566 553 1620 σθω
588 1582 703 1620 non
766 1565 963 1620 minus
996 1566 1258 1620 mirabile
1291 1583 1395 1621 nos
1456 1568 1658 1622 docet:
1703 1569 1786 1622 Ab
1818 1569 2067 1632 Αηεηία,
2174 1555 2299 1606 tum
2335 1559 2541 1621 est,tot
2569 1557 2941 1630 episcOpatus
2973 1577 3173 1616 recens
3194 1568 3417 1619 erectos
3449 1564 3635 1631 fuisse,
3664 1567 3777 1637 quis

418 1654 810 1725 inquit,quem
846 1655 1151 1710 constituit
1178 1655 1405 1711 Marcus
1427 1656 1785 1727 evangelista
1816 1659 2064 1727 patriar-
2178 1642 2489 1698 crediderit
2512 1647 2535 1699 Ρ
2562 1646 2881 1716 Ουίάιιυοά
2915 1650 3196 1706 Eusebius
3213 1654 3514 1708 testatur"
3534 1654 3778 1725 Νθροίθω

421 1746 592 1799 cham
618 1744 976 1800 Alexandria;
1036 1762 1221 1816 usque
1252 1747 1310 1800 in
1343 1752 1605 1817 tempora
1636 1747 1911 1802 Demetrii
1975 1765 2007 1818 p

2190 1732 2402 1803 Egypti
2428 1733 2894 1808 episcopum,qui
2919 1756 3144 1795 errores
3174 1741 3577 1798 Chiliastarum
3597 1746 3780 1800 docue-

421 1834 706 1900 triarchaa,
741 1834 939 1890 nullus
971 1840 1094 1890 erat
1124 1836 1184 1890 in
1235 1836 1544 1905 provinciis
1583 1836 1811 1907 Egypti
1842 1835 2011 1907 episci

2182 1826 2287 1889 rat,
2320 1826 2374 1875 et
2406 1836 2531 1891 Jam
2585 1825 2802 1894 pridem
2854 1835 3100 1884 mortem
3151 1830 3391 1896 obierat,
3450 1849 3483 1886 a
3534 1832 3772 1904 Dionysio

423 1939 534 1994 pus
562 1940 574 1978 ε
600 1940 705 1979 nec
734 1923 1078 1995 patriarcha,
1106 1930 1243 1980 ante
1277 1941 1409 1980 eum
1443 1935 1710 1981 crearunt
1738 1925 2063 1998 episcopos.
2096 1908 2141 1916 '
2177 1908 2567 1998 Alexandrino
2594 1915 2773 1972 fuisse
2808 1916 3197 1975 confutatum.
3228 1921 3391 1975 Unde
3418 1938 3525 1977 non
3554 1922 3775 1977 absurde

420 2015 490 2071 Et
522 2016 745 2086 primus
787 2015 879 2071 hic
940 2014 1051 2070 fuit
1082 2016 1414 2087 patriarcha
1466 2016 1907 2084 Alexandrinus,
1947 1997 2010 2086 qi

2186 1997 2471 2087 colligitur
2501 2004 2772 2059 eumdem
2793 2004 3073 2077 Nepotem
3098 2016 3233 2063 ante
3257 2009 3529 2065 Demetrii
3549 2016 3776 2080 tempora

419 2104 724 2176 episcopos
758 2103 909 2160 fecit.
944 2126 972 2154 »
1008 2086 1353 2176 Exiz’Egypto
1385 2109 1578 2160 autem
1613 2106 1669 2160 in
1713 2105 2003 2177 Ethiopia

2186 2086 2432 2177 aliquam
2482 2090 2541 2146 in
2580 2096 2823 2164 Egypto
2854 2100 3049 2151 sedem
3082 2098 3346 2154 tenuisse
3399 2100 3776 2171 episcopalem.

418 2194 826 2248 transvolans:
861 2216 888 2243 «
926 2192 987 2248 In
1024 2194 1205 2261 omni,
1235 2216 1262 2243 »
1296 2194 1503 2265 inquit,
1538 2217 1565 2244 ‹‹
1626 2194 1927 2267 [Έιὴὶορὶω
1959 2195 2008 2249 Ε‹

2186 2176 2434 2267 Denique
2465 2178 2908 2251 Metaphrastes,
2950 2184 3047 2255 qui
3084 2202 3197 2240 non
3235 2187 3473 2242 minoris
3500 2194 3583 2243 est
3626 2204 3776 2259 quam

420 2280 596 2336 elegia
624 2298 775 2337 unus
807 2287 897 2337 est
919 2283 1039 2352 jam
1060 2283 1131 2337 ab
1158 2264 1418 2355 antiqui;
1450 2264 2067 2355 temporibus'episco-
2173 2264 2494 2355 Eutychius
2525 2271 2890 2326 auctoritatis
2915 2277 2972 2326 et
3002 2273 3300 2344 ponderis,
3334 2276 3509 2332 tradit
3553 2279 3779 2332 Marcum

422 2386 531 2441 pus
565 2370 786 2440 Abuna,
822 2376 886 2425 ut
914 2375 1142 2439 vocant,
1163 2372 1218 2425 id
1247 2353 1337 2426 est
1368 2353 1723 2443 patriarcha,
1758 2373 1857 2445 qui
1887 2353 2012 2427 etiai

2186 2373 2201 2402 ι
2236 2353 2368 2410 aliis
2399 2371 2634 2428 quoque
2680 2359 2953 2417 Ecclesiis
3006 2360 3177 2435 longe
3212 2363 3441 2437 lateque
3488 2366 3776 2437 episcopos,

426 2456 599 2513 hodie
646 2458 716 2513 ab
774 2456 1162 2514 Alexandrino
1213 2460 1544 2530 patriarcha
1588 2464 1963 2516 consecratur
2010 2465 2067 2517 et
2174 2446 2540 2516 Presbyter“
2570 2453 2627 2503 θι
2656 2449 2933 2505 diaconos
2964 2450 3218 2507 ἀθάίεεθο
3257 2476 3286 2502 >ι

426 2547 700 2603 mittitur.
735 2547 898 2605 Unus
938 2549 1031 2603 hic
1088 2548 1145 2603 in
1196 2554 1317 2604 tota
1346 2549 1628 2621 Ethiopia
1666 2549 1901 2606 ordines
1932 2566 2016 2606 cm

2246 2538 2536 2600 Quantum
2586 2538 2656 2592 ad
2687 2538 2986 2611 Ethiopiaa
3030 2542 3376 2612 Ecclesiam,
3402 2543 3524 2614 quis
3555 2560 3659 2599 non
3689 2542 3778 2597 mi-

418 2636 551 2704 ποτε)
586 2655 774 2709 neque
805 2638 948 2693 alios
979 2638 1205 2694 οοηςθη
1236 2655 1413 2710 quam
1442 2639 1809 2695 diaconatum
1843 2648 1898 2695 et
1930 2656 2060 2711 pre.
2174 2624 3488 2701 returinauditumDalliaiejusquedel'ensoris
3509 2647 3779 2705 argumen-

420 2725 803 2798 sbyteratum.
842 2750 863 2779 ι
899 2730 1092 2783 Testes
1124 2733 1318 2783 autem
1343 2726 1589 2797 hujusce
1621 2731 1699 2783 rei
1732 2729 1872 2784 citat
1900 2727 2010 2784 Nici

2189 2713 2331 2767 ,andi
2347 2729 2533 2785 genus
2554 2715 2581 2770 ‘I
2602 2714 2854 2790 Uterque
2870 2719 3026 2774 enim
3040 2736 3108 2775 ex
3135 2722 3539 2778 recentissimo
3561 2726 3779 2793 quatuor

418 2812 574 2869 hum
619 2815 932 2871 Godinium
968 2833 998 2871 θ
1052 2820 1340 2873 societate
1375 2817 1543 2883 J63“,
1576 2822 1633 2872 et
1689 2817 2061 2889 Αιριιοοευω
2170 2802 2346 2873 hujus
2402 2808 2460 2860 et
2487 2808 2805 2877 superioris
2828 2808 3025 2865 saeculi
3058 2815 3393 2877 auctorum,
3425 2814 3494 2868 de
3520 2811 3674 2867 rebus
3700 2808 3779 2864 sui

422 2904 775 2962 Mindesium
818 2922 885 2961 ex
915 2908 1117 2961 eadem
1179 2906 1487 2973 societate,
1520 2924 1585 2962 ac
1613 2913 1813 2978 postea
1845 2906 2061 2962 ,EthiO-
2171 2895 2452 2966 temporis
2488 2896 2890 2967 scribentium,
2923 2900 3259 2957 testimonio
3302 2919 3481 2958 unum
3529 2902 3779 2957 duntaxat

420 2995 559 3065 pica,
593 2996 784 3066 genus
816 2994 1233 3067 patriarcha”),
1264 3000 1320 3050 et
1371 2995 1656 3051 Joannem
1716 3014 1749 3052 δ
1809 2996 2060 3066 Sanctis,
2169 2985 2507 3057 episcopum
2554 2988 2625 3043 ab
2658 2987 2819 3045 initio
2854 2988 3195 3046 Christianas
3235 2992 3536 3065 religionis
3563 2992 3634 3047 ibi
3662 3007 3779 3046 con-

424 3080 869 3137 Dominicanum
924 3098 957 3136 ει
1017 3081 1262 3137 Godinio
1316 3082 1641 3151 laudatum,
1702 3100 1767 3139 ac
1825 3084 2060 3139 tandem
2169 3075 2440 3132 stitutum
2501 3077 2682 3134 fuisse
2738 3080 3111 3138 concludunt.
3146 3081 3328 3146 Quasi
3385 3100 3511 3139 vero
3540 3100 3631 3156 per
3682 3088 3781 3137 tam

422 3169 795 3227 Franciscum
826 3169 1088 3237 Alvarez,
1126 3187 1329 3227 omnes
1358 3171 1604 3242 hujusce
1656 3171 1742 3228 vel
1788 3172 2061 3245 praeteriti
2092 3168 2139 3234 C
2169 3163 2343 3236 longa
2372 3166 2712 3223 saeculorum
2739 3169 2927 3241 spatia
2952 3170 3198 3227 mutatio
3248 3172 3415 3228 nulla
3447 3173 3524 3229 ibi
3555 3171 3665 3226 ﬁeri
3693 3187 3778 3242 po-

420 3259 616 3316 smculi
653 3260 986 3332 scriptores.
1020 3260 1193 3332 Atqui
1227 3260 1362 3315 huic
1396 3260 1786 3317 Ecclesiarum
1832 3262 2061 3335 .Egypti
2170 3255 2388 3310 tuerit?
2417 3256 2619 3313 Plures
2640 3276 2778 3314 sane
2801 3259 2860 3314 in
2893 3260 3188 3332 EthiOpia
3218 3262 3364 3319 olim
3398 3262 3568 3318 fuisse
3590 3261 3781 3332 episco-

419 3352 477 3403 et
504 3348 808 3419 Ethiopisa
842 3348 994 3417 usui,
1031 3349 1224 3419 inquit
1254 3349 1788 3420 Dallmus,doctrina
1818 3351 1873 3406 in
1899 3353 2062 3423 Igna-
2170 3345 2273 3415 p01
2308 3361 2376 3400 ex
2409 3345 2551 3417 ipsis
2606 3348 3069 3404 adversariorum
3104 3352 3415 3423 principiis
3463 3350 3669 3423 liquido
3695 3348 3778 3403 de-

414 3440 481 3495 tii
515 3438 781 3511 epistolis
812 3440 1043 3509 tradita,
1068 3455 1183 3512 qua
1214 3439 1361 3494 nihil
1394 3441 1519 3496 sine
1549 3439 1820 3514 episcopo
1846 3442 2057 3498 facien-
2172 3441 2556 3492 monstratur.
2590 3438 2841 3495 Dallteus
2875 3458 3124 3512 namque
3180 3441 3563 3514 Ethiopicam
3610 3438 3777 3496 Eccle-

418 3528 558 3583 dum
583 3545 710 3584 esse
741 3528 1218 3602 deﬁnitur,plane
1250 3531 1597 3603 penitusque
1628 3532 1919 3588 contraria
1949 3549 2008 3588 es

2188 3522 2317 3578 siam
2353 3524 2610 3596 appellat
2640 3528 3116 3599 antiquissimam
3146 3535 3202 3586 et
3247 3532 3663 3589 nobilissimam
3691 3528 3778 3582 Ec-

420 3619 580 3675 Hanc
611 3636 746 3692 ergo
779 3620 1154 3692 apostolicam
1189 3621 1511 3676 doctrinam
1543 3638 1691 3684 esse.
1716 3628 1893 3695 atquc
1919 3626 2010 3680 adt

2185 3613 2359 3670 :lesiaa
2388 3614 2733 3687 [Egyptiacae
2776 3619 3096 3674 traducem.
3135 3622 3314 3691 Atqui
3349 3639 3418 3678 ex
3443 3622 3633 3677 eodem
3661 3614 3775 3673 Dal-

418 3709 694 3781 epistolas
728 3710 934 3781 lgnatii
960 3708 1129 3781 plane
1171 3715 1417 3782 utraque
1448 3710 1707 3767 Ecclesia
1725 3714 1987 3768 nescivit.
2168 3704 2273 3759 1190
2322 3703 2580 3760 Εϐϐιϐεία
2625 3706 3013 3763 Alexandrina
3061 3708 3267 3765 saltem
3341 3715 3472 3783 post
3541 3705 3778 3765 Demetrii

493 3800 702 3855 Verum
735 3799 783 3855 si
811 3800 1135 3873 Eutycbius
1168 3801 1443 3872 quiddam
1473 3802 1544 3858 de
1592 3802 1921 3875 Egyptiaca
1953 3804 2061 3859 Ec-
2169 3799 2393 3850 aetatem
2422 3795 2617 3866 plures
2650 3796 2856 3853 habuit
2890 3799 3214 3870 episcopos.
3243 3799 3420 3856 Recte
3452 3803 3621 3872 igitur
3647 3798 3779 3853 hunc

420 3888 599 3944 clesia
633 3888 897 3944 mirabile
932 3905 1034 3945 nos
1074 3889 1293 3955 docuit,
1332 3891 1656 3947 mirabilior
1685 3892 1943 3962 profecto
1975 3897 2063 3949 est
2168 3885 2365 3955 plures
2396 3886 2628 3941 creandi
2661 3886 2966 3960 episcopos
2986 3906 3157 3945 usum
3190 3890 3261 3945 ab
3286 3891 3663 3948 Alexandrina
3692 3888 3780 3941 Ec-

419 3977 565 4033 t'alsa
625 3978 821 4032 Dallaei
882 3994 951 4033 ex
1011 3979 1293 4052 Eutychio
1352 3979 1595 4053 repetita
1616 3984 2009 4053 argumentatiu

2187 3972 2346 4029 :lesia
2376 3974 2448 4030 ad
2477 3974 2883 4047 Ethiopicam,
2921 3994 3050 4048 quae
3076 3977 3159 4033 illi
3192 3979 3582 4049 suberat,jui:.
3613 3977 3677 4033 ab
3704 3975 3777 4029 his

421 4065 554 4122 Esto
586 4067 739 4121 enim
766 4084 919 4122 unus
951 4068 1008 4121 in
1041 4074 1159 4123 toto
1188 4069 1428 4139 Egypio
1490 4070 1663 4124 fuerit
1726 4071 2060 4143 episcopus,
2169 4064 2960 4135 temporibustransmissum
2996 4068 3176 4125 fuisse
3209 4068 3347 4125 inde
3371 4068 3780 4141 colligas.Porro

423 4170 577 4208 unus
610 4153 665 4206 in
702 4153 1011 4222 Ethiopia,
1045 4172 1199 4210 unus
1225 4160 1399 4211 etiam
1433 4157 1490 4211 in
1520 4157 1779 4228 Scythia,
1813 4158 2061 4231 aliisque
2169 4160 2364 4211 autem
2390 4157 2705 4213 adversarii
2737 4163 2871 4214 ante
2887 4160 3162 4216 Demetrii
3195 4165 3463 4234 tempora
3496 4159 3776 4216 Ecclesiam

422 4258 455 4296 a
490 4240 683 4294 Dallaai
705 4242 1006 4297 defensore
1037 4260 1150 4297 non
1179 4244 1305 4298 sine
1338 4246 1490 4300 fastu
1527 4245 1768 4314 obiectis
1819 4249 2065 4320 regioni-
2166 4244 2465 4317 Ethiopian
2495 4247 2566 4301 ab
2594 4246 2985 4303 Alexandrina
3023 4250 3310 4320 originem
3344 4269 3512 4307 suam
3540 4251 3778 4305 hausisse

421 4330 553 4384 bus.
588 4329 740 4385 Nihil
773 4347 913 4386 sane
943 4330 1021 4386 ibi
1051 4332 1258 4403 lgnatii
1288 4334 1550 4404 epistolis
1608 4352 1938 4408 repugnans
1968 4339 2063 4394 de-
2166 4334 2453 4390 incertum
2477 4351 2603 4392 esse
2635 4337 2976 4403 concedunt,
3013 4356 3189 4410 quam
3225 4340 3325 4395 alii
3358 4342 3430 4396 ad
3471 4336 3777 4395 eunuchum

420 4417 825 4490 prehenditur.
852 4420 1073 4475 Etenim
1108 4423 1375 4492 quamvis
1408 4440 1560 4478 unus
1588 4423 1644 4478 in
1681 4425 1851 4492 iis,ut
1873 4428 2057 4492 aiunt,
2172 4424 2383 4495 regina:
2423 4424 2781 4496 Ethiopum,
2812 4427 2898 4483 vel
2931 4427 3002 4482 ad
3061 4429 3357 4500 apostolos
3409 4430 3679 4485 Thomam
3708 4422 3780 4478 vel

418 4510 756 4582 regionibus
788 4512 997 4567 fuisset
1024 4512 1357 4585 episcopus,
1386 4513 1444 4570 id
1476 4520 1671 4570 tamen
1707 4533 1818 4571 non
1863 4518 2058 4589 prohi-
2086 4518 2131 4583 D
2162 4512 2499 4569 Matthmum
2536 4513 2897 4571 referendam
2930 4531 3058 4572 esse
3094 4518 3476 4574 arbitrantur.

418 4600 563 4667 buit,
597 4601 913 4672 quominus
943 4601 1049 4671 ibi,
1078 4602 1251 4658 sicuti
1297 4619 1451 4661 nunc
1510 4606 1567 4661 in
1612 4608 1886 4663 omnibus
1929 4625 2057 4665 am-
2235 4602 2345 4657 Sed
2377 4601 2497 4657 hinc
2520 4617 2587 4657 ex
2615 4602 2937 4659 abundanti
2963 4604 3118 4659 dicta
3140 4607 3489 4663 sunto.l\'am
3512 4606 3628 4663 sive
3647 4618 3779 4658 unus

418 4690 694 4760 plissimae
721 4691 984 4747 dimcesis
1011 4692 1366 4763 civitatibus,
1390 4696 1618 4764 oppidis
1648 4704 1700 4752 et
1733 4697 1895 4762 vicis.
1927 4715 2057 4770 quas
2164 4691 2285 4747 sive
2316 4692 2515 4761 plures
2547 4691 2604 4746 in
2636 4695 2880 4764 Egypto
2912 4698 2969 4748 et
2997 4694 3313 4767 Ethiopia,
3339 4704 3512 4766 atque
3541 4696 3702 4752 etiam
3730 4692 3775 4744 in

420 4781 531 4835 sub
569 4781 741 4837 unius
785 4782 1040 4853 episcopi
1097 4783 1315 4839 ditione
1363 4790 1519 4853 sunt,
1552 4788 1749 4841 omnia
1772 4804 1840 4843 ex
1898 4789 2057 4845 illius
2160 4778 2397 4851 Scythia
2427 4780 2643 4836 fuerint
2673 4782 2951 4853 episcopi,
2988 4782 3134 4838 nihil
3193 4783 3329 4841 inde
3362 4790 3564 4840 contra
3588 4779 3774 4854 Ignatii

417 4869 685 4939 imperio,
721 4870 982 4942 nihilque
998 4873 1123 4928 sine
1148 4872 1276 4943 ejus
1306 4875 1596 4931 sententia
1626 4876 1884 4932 fieret.Et
1916 4894 2059 4935 sane
2164 4869 2345 4923 nostri
2370 4869 2727 4934 ἀοοιτὶηαως
2765 4870 2947 4927 multo
2978 4877 3177 4929 autem
3214 4874 3411 4930 minus
3442 4881 3636 4930 contra
3664 4870 3774 4940 EPi‘

413 4959 562 5015 illud
594 4962 864 5016 Pstribus
895 4962 1123 5017 concilii
1158 4962 1464 5020 Laodiceni
1498 4966 1639 5021 adeo
1663 4975 1784 5021 erat
1816 4984 2055 5037 persua-
2163 4959 2444 5014 εὶοιιιτυω
2478 4960 2605 5029 ejus
2639 4961 2940 5017 veritatem
2972 4963 3180 5019 conﬁci
3216 4965 3495 5035 p0tesl.Et
3514 4980 3641 5019 vero
3671 4961 3775 5015 diu-

414 5066 570 5117 sum,
598 5055 662 5105 ut
694 5050 748 5104 in
783 5049 1000 5105 villulis
1031 5055 1084 5105 et
1116 5052 1272 5122 agris
1299 5052 1443 5107 nihil
1495 5059 1702 5124 praeter
1753 5058 2052 5112 conscien.
2160 5047 2392 5103 tissime
2425 5054 2735 5121 postquam
2782 5050 3037 5121 epistolis
3074 5053 3283 5125 lgnatii
3333 5054 3438 5108 toti
3479 5050 3777 5107 Christiano

415 5139 552 5194 tiam
586 5140 844 5211 episcopi
875 5139 1128 5195 civitatis
1162 5142 1450 5213 agendum
1485 5159 1612 5199 esse
1663 5144 2050 5201 sanciverint:
2161 5137 2287 5194 orbi
2312 5137 2633 5194 n0tiesimm
2672 5140 2930 5207 fuerunt,
2983 5140 3040 5195 in
3074 5141 3310 5213 Scythia
3367 5141 3608 5212 aliisque
3665 5152 3775 5209 pro-

417 5240 444 5269 ς(
476 5220 596 5274 Non
631 5226 940 5293 oportet,»
989 5220 1265 5293 inquiunt
1289 5221 1354 5288 εδ,
1384 5223 1494 5277 «in
1525 5224 1740 5279 villulis
1790 5226 1874 5280 vel
1905 5227 2057 5297 agris
2158 5229 2368 5285 vinciis
2433 5246 2588 5285 unus
2636 5235 2866 5285 tantum
2918 5236 3042 5287 erat
3096 5234 3401 5305 episcopus
3454 5231 3777 5304 proindequo

412 5307 716 5380 episcopos
747 5311 1045 5381 constitui,
1106 5310 1206 5366 sed
1256 5310 1602 5368 visitatores.
1636 5311 2051 5371 Verumtamen
2163 5318 2316 5375 hunc
2342 5336 2561 5376 morem
2590 5336 2723 5375 cum
2756 5320 3041 5386 doctrina,
3080 5322 3139 5377 in
3170 5322 3312 5377 tanti
3369 5320 3633 5391 martyris
3669 5314 3773 5387 epi-

409 5394 760 5483 jampridem
787 5400 1094 5457 constituti
1114 5399 1259 5456 nihil
1279 5400 1493 5457 faciant
1520 5406 1730 5473 praeter
1751 5405 2052 5461 conscien-
2160 5409 2325 5465 stolis
2356 5411 2595 5477 tradita,
2616 5426 2875 5483 pugnare
2910 5428 3249 5482 persuasum
3271 5429 3384 5468 non
3419 5410 3714 5466 habebant.

409 5481 551 5540 tiam
586 5489 842 5560 episcopi
873 5488 1137 5545 civitatis.
1178 5512 1207 5539 »
2231 5497 2376 5552 Hinc
2406 5500 2523 5555 ruit
2553 5481 3017 5571 quod'similiter
3045 5501 3116 5556 de
3147 5500 3489 5559 Germanica
3508 5493 3775 5570 Bajoario-

483 5643 532 5680 ²⁴
560 5661 691 5717 pag.
725 5649 851 5703 274.
928 5648 973 5685 ²⁸
1003 5650 1211 5707 eoncil.
1241 5651 1419 5708 Laod.
1451 5667 1579 5710 can.
1612 5654 1703 5711 57.
1739 5655 1784 5691 ³⁸
1809 5657 2012 5715 Hister.
2053 5657 2073 5715 l

1003 5650 1211 5707 eoncil.
1241 5651 1419 5708 Laod.
1451 5667 1579 5710 can.
1612 5654 1703 5711 57.
1739 5655 1784 5691 ³⁸
1809 5657 2012 5715 Hister.
2053 5657 2159 5715 lib.
2190 5673 2293 5731 vu,
2326 5674 2454 5732 cap.
2485 5659 2576 5717 24.
