4026 6206
231 375 348 435 509

1206 377 1279 438 D.
1325 374 1658 439 NOURRII
1700 369 2242 435 DlSSERTATlO.
2292 401 2370 416 -—
2411 367 2610 432 PARS
2651 369 2699 434 1.

3526 382 3652 442 510

229 530 359 569 rum
390 516 589 585 gente,
620 516 679 567 et
740 513 810 568 de
843 513 1031 570 Scotis
1064 515 1371 586 subjunxit
1405 513 1675 579 Dallaaus,
1708 507 1886 567 nimi-
1918 510 1973 576 Α
2004 506 2113 574 las,
2147 521 2336 578 neque
2365 505 2613 564 aliorum
2674 507 3060 580 plurimorum
3100 512 3318 586 scripta
3361 513 3642 584 laudavit,

229 620 354 658 rum
405 603 566 673 apud
604 601 926 674 Bajoarios,
988 610 1052 658 ut
1105 604 1420 676 Gregorius
1473 603 1570 670 ΙΙΙ,
1615 615 1887 657 summus

228 691 518 764 pontifex,
555 697 866 760 memorat,
902 691 1130 748 nullum
1179 702 1314 749 ante
1343 693 1668 748 Vivilonem
1702 688 1888 745 fuisse

234 783 582 855 episcOpum
619 800 634 838 :
669 784 822 854 apud
855 787 1059 839 Scotos
1103 800 1257 852 vero,
1293 785 1446 839 Beda
1486 787 1652 846 teste,
1679 778 1884 835 insulas

225 871 382 928 Jonas
400 873 682 928 abbatem
705 873 1107 946 presbyterum
1129 873 1292 930 omni
1313 873 1641 946 provincias,
1663 876 1718 926 et
1739 867 1885 941 ipsis

229 962 406 1017 etiam
441 961 740 1034 episcopis
771 963 974 1018 ordine
1008 963 1288 1018 inusitato
1311 962 1491 1018 fuisse
1524 961 1879 1033 praefectum.

226 1050 368 1106 Nam
398 1057 797 1122 preterquam
821 1053 975 1123 quod
995 1051 1131 1107 huic
1149 1051 1626 1124 argumentojam
1644 1065 1879 1120 respon-

227 1155 352 1195 sum
398 1144 515 1205 est,
571 1147 726 1196 certe
779 1141 1093 1213 Gregorius
1127 1141 1222 1212 ΙΙΙ,
1277 1140 1420 1197 illud
1476 1146 1682 1196 contra
1724 1163 1750 1189 «
1784 1154 1881 1194 ec.

223 1227 626 1285 clesiasticum
686 1229 975 1295 ordinem,
1013 1252 1042 1278 ››
1101 1229 1252 1286 Beda
1283 1236 1480 1286 autem
1515 1230 1624 1285 hoc
1660 1251 1686 1279 ‹‹
1719 1243 1880 1283 more

221 1317 509 1372 inusitato
541 1341 568 1366 η
623 1326 918 1390 peractum
964 1334 1095 1375 esse
1142 1319 1458 1374 afﬁrmant.
1492 1319 1637 1384 Quid
1693 1315 1879 1389 ergo?

220 1406 462 1461 Dicetne
514 1406 764 1463 Dallteus
794 1407 1042 1479 ejusque
1094 1408 1368 1465 defensor
1414 1407 1610 1462 omnia
1643 1424 1770 1479 quas
1815 1407 1874 1461 in

222 1493 474 1550 aliorum
509 1501 819 1552 auctorum
853 1497 1089 1568 scriptis
1132 1501 1457 1552 secundum
1490 1496 1755 1552 ordinem
1783 1511 1877 1551 ec-

222 1582 640 1654 clesiasticum,
664 1590 722 1641 et
757 1601 917 1640 more
947 1585 1163 1641 usitato
1198 1587 1524 1658 peragenda
1553 1602 1682 1641 esse
1712 1587 1876 1640 doce-

224 1671 460 1739 bantur,
486 1690 555 1729 ea
577 1675 859 1745 Bajoariis
888 1679 944 1729 et
976 1675 1162 1730 Scotis
1181 1675 1498 1746 incognita,
1516 1675 1874 1747 proindeque

223 1763 428 1818 eadem
459 1764 682 1836 scripta
711 1762 857 1820 falsa
889 1781 1017 1820 esse
1045 1769 1104 1819 et
1133 1765 1504 1836 supposititia
1528 1766 1554 1820 ‘I
1587 1765 1643 1821 Si
1671 1765 1725 1819 id
1758 1763 1872 1819 sibi

225 1851 576 1922 persuadere
597 1853 848 1925 possint,
871 1854 1088 1908 nemini
1121 1861 1273 1910 certe
1303 1872 1466 1926 aequo
1501 1869 1692 1909 rerum
1723 1852 1870 1908 zesti-
1899 1879 1947 1944 Β

222 1942 429 1997 matari
455 1941 917 2010 persuadebunt.
940 1945 1218 1998 Caeterum
1254 1946 1491 1999 tametsi
1521 1943 1728 2016 lgnatii
1755 1944 1869 2013 epi-

215 2032 370 2086 stolae
422 2032 496 2086 ad
558 2031 960 2102 Bajoariorum
998 2036 1424 2104 Scotorumque
1466 2039 1700 2102 gentem
1749 2049 1864 2088 non

214 2122 649 2194 pervenissent,
682 2139 796 2178 non
823 2121 934 2177 illa:
955 2127 1173 2188 tamen,
1205 2123 1374 2178 sicuti
1398 2140 1501 2179 nec
1525 2123 1638 2178 alia
1669 2123 1866 2178 omnia

214 2211 446 2266 Patrum
482 2212 724 2282 scripta,
756 2228 884 2282 qua
941 2212 1011 2266 ad
1073 2213 1305 2268 eosdem
1351 2229 1464 2268 non
1515 2213 1866 2268 transmissa

213 2307 363 2366 sunt,
390 2299 674 2355 falsitatis
703 2306 759 2356 et
789 2301 1210 2372 suppositiouis
1242 2310 1436 2358 essent
1457 2303 1770 2372 arguenda.

881 2407 1112 2464 CAPUT
1151 2408 1218 2465 Χ.

210 2531 570 2570 Βεεειωτυιι
599 2531 774 2570 Αωυο
794 2531 1194 2572 ARGUMENTUM
1222 2534 1549 2574 NBGATIVUM
1568 2535 1635 2573 EX
1655 2534 1862 2575 ΑυϐἸῸο

651 2602 775 2642 Βυι
814 2603 865 2642 ει
875 2603 1070 2644 ιεητιο
1102 2605 1432 2646 υεῠυοτυΜ.

490 2695 522 2762 ι
548 2692 596 2748 Ι.
627 2694 879 2748 Primum
906 2709 975 2750 cr
1015 2695 1314 2766 Epiphaniz'
1340 2696 1582 2752 silentio.

275 2801 364 2856 Ab
399 2798 796 2856 Ecclesiarum
827 2802 896 2856 de
954 2801 1274 2873 lgnatianis
1317 2803 1585 2875 epistolis
1619 2803 1853 2860 silentio

206 2892 275 2946 ad
311 2890 712 2962 quorumdam
737 2892 1087 2961 scriptorum
1115 2893 1569 2949 taciturnitatem
1612 2894 1854 2951 Dallaeus

205 2980 505 3035 transivit.
537 2980 648 3035 Sed
676 2982 894 3034 frustra
924 2980 1019 3035 ille
1049 2983 1249 3037 eodem
1283 3000 1513 3054 semper
1542 3001 1852 3057 argumen-

206 3075 409 3124 torum
433 3084 638 3140 genere
658 3085 948 3141 pugnans,
970 3071 1277 3142 caliginem
1313 3074 1699 3145 tenebrasque
1722 3075 1852 3133 illas

203 3159 514 3214 oll'undere
570 3169 834 3226 conatur,
867 3175 1013 3229 quas
1060 3159 1189 3215 luce
1223 3178 1330 3216 sua
1362 3164 1524 3235 fugat
1564 3164 1846 3235 lgnatius.

202 3247 404 3302 Primo
426 3249 584 3303 enim
608 3247 858 3302 Dallaaus
881 3248 1272 3320 Epiphanium
1303 3250 1411 3307 has
1442 3252 1662 3308 litteras
1692 3255 1854 3327 igno-
1892 3244 1935 3312 C

204 3353 370 3392 rasse
401 3355 414 3392 :
451 3359 480 3386 α
516 3340 650 3404 Aut,
687 3359 715 3387 »
752 3342 813 3392 ut
846 3337 968 3408 ipse
1011 3336 1294 3409 loquitur,
1328 3363 1354 3390 ‹‹
1391 3343 1546 3413 quod
1575 3359 1710 3401 vero
1734 3363 1861 3418 pro-

202 3425 336 3496 pius
397 3426 654 3494 videtur,
715 3426 1134 3499 contempsisse
1181 3428 1338 3484 velut
1379 3429 1563 3499 fictas,
1604 3455 1623 3482 ι
1687 3451 1752 3490 ex
1789 3452 1855 3492 eo

204 3517 458 3586 probare
490 3531 554 3570 se
604 3531 775 3588 posse
810 3517 1146 3585 arbitratur,
1182 3519 1335 3590 quod
1362 3519 1461 3575 ubi
1497 3523 1858 3594 Epiphanius

204 3607 520 3660 adversum
555 3605 708 3659 Aerii
760 3605 831 3660 de
891 3607 1360 3679 presbyterorum
1404 3626 1535 3666 cum
1569 3613 1860 3686 episcopis

202 3695 548 3766 mqualitate
579 3710 805 3750 errores
828 3696 1092 3767 disputat
1123 3697 1185 3762 τ’,
1219 3697 1426 3754 nullibi
1463 3717 1717 3771 unquam
1755 3703 1859 3759 has

202 3783 534 3838 laudaverit
568 3783 776 3854 lgnatii
810 3785 1032 3840 litteras
1060 3802 1072 3841 :
1100 3808 1127 3835 «
1161 3787 1410 3857 Quibus,
1445 3811 1473 3838 »
1505 3789 1857 3862 inquitidem

203 3873 460 3928 Dalleus
489 3871 560 3940 ⁸⁸,
595 3894 622 3920 ‹‹
665 3872 810 3926 nihil
844 3874 1012 3929 estin
1046 3879 1166 3930 tota
1197 3877 1545 3948 antiquitate
1577 3881 1858 3938 adversus

197 3963 374 4018 illam
409 3961 567 4017 Aerii
599 3961 933 4033 opinionem
967 3963 1264 4019 disertius.
1299 3987 1328 4015 »
1362 3968 1469 4023 Sed
1504 3979 1858 4035 contra,cer-

198 4057 329 4107 tum
365 4058 457 4108 est
483 4051 879 4123 Epiphanium
905 4051 1026 4108 haec
1053 4054 1358 4126 scripsisse
1389 4066 1517 4129 post
1540 4058 1856 4131 vulgatam,

198 4157 384 4212 quam
409 4141 510 4196 ille
554 4140 754 4212 procul
788 4140 965 4196 dubio
998 4141 1233 4213 legerat,
1268 4145 1501 4201 Eusebii
1523 4147 1855 4222 historiam,

198 4231 252 4287 in
292 4249 418 4303 qua
451 4235 572 4285 tam
609 4230 930 4286 honorifica
968 4231 1178 4287 harum
1214 4234 1424 4306 lgnatii
1475 4236 1855 4308 epistolarum

198 4321 427 4377 mentio
461 4319 732 4376 habetur.
760 4319 881 4375 Non
913 4326 1230 4392 potuerunt
1259 4340 1394 4396 ergo
1427 4323 1508 4379 illi
1539 4342 1668 4382 esse
1691 4326 1854 4383 inco-

195 4411 404 4482 gnita.
440 4409 619 4466 Porro
650 4409 699 4465 si
753 4426 850 4466 eas
901 4413 1084 4478 novit,
1117 4419 1290 4482 atque
1323 4413 1394 4468 ab
1424 4415 1650 4486 lgnatio
1682 4415 1856 4472 sicuti

195 4500 518 4566 Eusebius,
551 4500 803 4570 scriptas
835 4499 1104 4566 credidit,
1140 4501 1340 4557 nullus
1375 4519 1515 4559 sane
1544 4504 1852 4562 dubitandi

1995 595 2273 668 quoniam
2305 612 2370 651 ex
2420 601 2654 653 Patrum
2689 599 3040 654 testimoniis
3092 609 3296 658 contra
3337 603 3642 660 hmreticos

1997 701 2256 757 pugnare
2311 703 2476 742 mens
2523 687 2606 741 illi
2666 705 2778 744 non
2826 694 2969 744 erat.
3017 691 3082 744 Et
3116 708 3173 745 re
3211 693 3449 762 quidem
3487 694 3637 765 ipsa,

1994 774 2159 828 nulla
2207 781 2405 830 contra
2463 777 2692 831 Aerium
2739 779 2972 848 profert,
3005 778 3108 833 sed
3153 780 3382 836 duobus
3405 788 3633 839 tantum

1995 869 2153 924 Pauli
2179 867 2476 923 sententiis
2505 869 2576 923 ab
2608 868 2806 924 eodem
2825 868 2987 924 Aerio
3004 869 3249 939 objectis
3266 872 3639 942 respondisse

1997 956 2231 1031 legitur.

2070 1049 2252 1104 Instat
2291 1046 2542 1102 Dalltsus
2564 1046 2645 1100 πε
2679 1067 2707 1096 ‹‹
2739 1047 3013 1112 Quasdam
3048 1047 3165 1102 illic
3199 1049 3361 1119 ponit
3390 1049 3640 1121 Epipha-

1993 1139 2148 1202 nius,
2169 1153 2298 1190 cum
2333 1136 2655 1206 lgnatianis
2687 1136 3054 1207 apertissime
3088 1137 3428 1207 pugnantia,
3461 1140 3633 1209 quale

1988 1227 2132 1281 illud
2168 1231 2254 1281 est
2283 1227 2436 1297 quod
2472 1225 2730 1280 decernit
2765 1240 2778 1278 :
2810 1231 2855 1278 Α
2888 1225 3240 1296 presbyteris
3279 1233 3335 1281 et
3366 1228 3629 1284 diaconis

1987 1315 2376 1372 ecclesiastica
2435 1317 2662 1386 negotia
2733 1315 2986 1386 impleri,
3041 1315 3162 1369 sive
3233 1315 3627 1371 administrari

1987 1423 2179 1478 posse.
2207 1411 2342 1462 ltem
2375 1406 2547 1460 fuisse
2565 1405 2850 1476 quasdam
2877 1403 2948 1458 ab
2971 1405 3252 1474 apostolis
3275 1407 3625 1460 constitutas

1987 1500 2294 1569 Ecclesiae,
2318 1517 2444 1570 quis
2464 1516 2496 1554 a
2517 1498 2658 1554 solis
2676 1498 3030 1570 presbyteris
3054 1497 3382 1553 etdiaconis
3406 1499 3628 1570 absque

1984 1589 2257 1660 episcopo
2282 1592 2637 1660 regerentur.
2672 1589 2809 1652 Qua:
2839 1587 3078 1643 totidem
3115 1593 3376 1643 monstra
3399 1596 3535 1644 sunt
3572 1595 3630 1644 et

1985 1679 2189 1748 lgnatii
2216 1679 2449 1748 quidem
2474 1677 2655 1732 nostri
2680 1677 2964 1748 epistolici
2991 1677 3363 1734 hierarchicis
3395 1679 3625 1750 legibus

1983 1772 2204 1823 exserte
2235 1767 2568 1822 definientis
2609 1767 2733 1821 sine
2789 1766 3101 1838 episcOpis,
3149 1767 3504 1838 presbyteris
3555 1783 3622 1823 ac

1983 1857 2238 1912 diaconis
2262 1874 2371 1912 non
2395 1857 2586 1911 vocari
2609 1855 2950 1923 Ecclesiam,
2983 1861 3039 1910 et
3066 1857 3460 1911 necessarium
3491 1873 3617 1912 esse

1979 1947 2124 2002 nihil
2161 1946 2287 2000 sine
2329 1945 2600 2017 episcopo
2633 1945 2880 2016 operari.
2917 1966 2944 1993 »
2993 1944 3203 1999 Verum
3233 1944 3279 2000 si
3322 1962 3410 2000 res
3445 1944 3522 2000 ita
3554 1962 3614 2001 se

1977 2037 2366 2099 habeat,certe
2387 2033 2744 2105 Epiphanius
2774 2032 3034 2088 omnium
3063 2033 3365 2088 hominum
3398 2034 3624 2106 impru-

1977 2124 2388 2190 dentissimus,
2421 2123 2518 2178 ubi
2544 2127 2744 2178 contra
2766 2122 3176 2194 episcoporum
3213 2139 3325 2195 pra:
3350 2123 3481 2180 aliis
3507 2125 3614 2180 Ec-

1975 2215 2161 2270 clesia:
2196 2213 2481 2269 ministris
2503 2213 2903 2268 excellentiam
2936 2215 3220 2286 disputat,
3244 2217 3408 2270 Aerio
3433 2215 3618 2287 jugu-

1971 2303 2092 2361 lum
2126 2305 2250 2376 ipse
2311 2303 2576 2374 praebuit.
2622 2303 2782 2367 Quod
2831 2318 2972 2359 sane
3013 2319 3145 2358 cum
3181 2303 3295 2358 dici
3348 2313 3618 2376 nequeat,

1973 2409 2162 2465 neque
2185 2393 2356 2448 etiam
2382 2391 2493 2448 dici
2519 2395 2855 2463 potesteuzr.
2877 2391 3180 2462 scripsisse
3200 2390 3440 2464 aliquid,
3457 2395 3614 2464 quod

1969 2501 2101 2541 cum
2127 2483 2333 2557 lgnatii
2359 2482 2542 2538 nostri
2566 2479 2829 2552 epistolis
2855 2483 3092 2537 omnino
3113 2499 3223 2537 non
3257 2487 3616 2555 congruatet

1967 2574 2297 2631 concordet.
2356 2572 2420 2627 Et
2450 2587 2579 2626 vero
2612 2570 2671 2626 in
2705 2587 2772 2626 eo
2827 2571 2924 2642 qui
2959 2572 3127 2626 nobis
3153 2572 3430 2642 objicitur
3459 2571 3607 2644 loco,

1971 2662 2332 2736 Epiphanius
2363 2661 2606 2732 objectis
2639 2663 2712 2715 ab
2741 2661 2910 2716 Aerio
2945 2660 3101 2717 Pauli
3131 2660 3338 2730 verbis,
3373 2677 3610 2733 respon-

1967 2755 2064 2810 det
2095 2753 2170 2807 ibi
2202 2750 2546 2824 Apostolum
2581 2751 2651 2806 de
2680 2749 2752 2805 iis
2782 2767 3112 2806 sermonem
3137 2750 3605 2822 institutumque

1965 2843 2132 2900 initio
2168 2840 2462 2897 nascentis
2510 2839 2776 2896 Ecclesiae
2825 2843 3164 2911 agebantur,
3215 2857 3329 2912 quo
3361 2841 3602 2912 quidem

1963 2939 2225 3004 tempore
2247 2947 2379 2986 cum
2401 2929 2662 2984 nondum
2693 2929 2908 3000 ubique
2921 2931 3092 2985 creati
3111 2934 3306 2985 essent
3324 2929 3602 3002 episcOpi,

1961 3028 2083 3079 tum
2108 3040 2138 3076 a
2163 3019 2518 3093 presbyteris
2547 3017 2633 3073 vel
2665 3019 2926 3074 diaconis
2948 3018 3340 3074 ecclesiastica
3371 3019 3604 3092 negotia

1960 3111 2258 3182 implenda
2315 3115 2480 3165 erant
2525 3113 2580 3164 et
2611 3107 3098 3165 administranda.
3131 3111 3198 3164 ,λι
3231 3109 3490 3181 lgnatius
3523 3109 3594 3164 ab

1963 3199 2272 3273 episcOpis,
2289 3215 2537 3270 quorum
2555 3213 2831 3253 numerus
2853 3215 2960 3253 sua
2975 3204 3139 3254 aetate
3163 3201 3378 3254 mirum
3399 3199 3456 3254 in
3478 3216 3594 3254 mo-

1963 3293 2104 3348 dum
2136 3294 2412 3356 creverat,
2445 3287 2649 3342 eadem
2702 3287 2934 3359 negotia
2964 3287 3144 3343 voluit
3177 3288 3602 3350 administrari.

1963 3381 2124 3448 Quod
2149 3378 2384 3451 quidem
2429 3375 2636 3431 nullibi
2667 3393 2926 3448 unquam
2962 3377 3192 3450 negavit
3215 3378 3599 3451 Epiphanius.

1963 3469 2136 3526 Nulla
2162 3469 2341 3541 igitur
2369 3467 2522 3522 inter
2550 3483 2648 3523 eos
2701 3467 2988 3522 discordia
3021 3483 3206 3538 neque
3249 3485 3462 3540 pugna,
3499 3469 3601 3525 sed

1965 3575 2199 3616 summa
2229 3557 2539 3629 utriusque
2567 3557 2897 3612 consensio.

2067 3649 2100 3716 θ
2125 3647 2192 3701 ΙΙ.
2225 3645 2367 3700 Num
2395 3644 2632 3716 epistola
2663 3643 2873 3712 lgnatii
2915 3643 3246 3700 Tertulliano
3275 3643 3497 3717 fuerint

2621 3717 2942 3784 incognitae.

2035 3805 2210 3862 Plura
2231 3807 2302 3862 de
2331 3804 2692 3861 Tertulliano
2715 3804 2972 3874 congerit
3003 3802 3249 3858 Dallaeus
3268 3803 3334 3870 ³ο,
3359 3805 3597 3874 atqueei

1963 3897 2194 3969 ignotas
2219 3895 2399 3950 fuisse
2423 3892 2631 3964 lgnatii
2652 3892 2930 3963 epistolas
2952 3900 3200 3963 quatuor
3220 3892 3490 3947 adductis
3516 3911 3600 3948 ra-

1965 3985 2223 4041 tionibus
2256 3983 2498 4054 probare
2529 3981 2757 4037 nititur.
2795 3984 2844 4038 l.
2869 3980 2926 4035 Si
2959 3979 3358 4036 Tertullianus
3389 3995 3486 4036 eas
3527 3983 3599 4037 ab

1963 4074 2192 4146 lgnatio
2223 4073 2552 4128 rescivisset
2572 4087 2700 4126 esse
2718 4069 2987 4142 scriptas,
3017 4075 3218 4126 contra
3247 4071 3433 4126 sancti
3454 4087 3602 4125 mar-

1961 4163 2104 4236 tyris
2136 4161 2484 4230 doctrinam,
2521 4180 2547 4212 α
2577 4161 2704 4216 sine
2735 4159 3025 4231 episcOpis
3075 4164 3130 4214 et
3172 4160 3434 4216 diaconis
3494 4163 3601 4215 Ec-

1963 4252 2203 4309 clesiam
2240 4269 2354 4308 non
2387 4250 2638 4320 vocari,»
2671 4249 2811 4304 illud
2864 4250 3065 4321 utique
3098 4266 3209 4306 non
3235 4250 3597 4322 scripsisset:

1961 4365 1990 4393 «
2024 4342 2131 4399 Ubi
2155 4347 2295 4411 tres,
2329 4341 2588 4398 Ecclesia
2617 4343 2728 4406 est,
2759 4339 2894 4395 licet
2924 4339 3054 4395 laici
3076 4339 3142 4393 3‘.
3177 4362 3205 4391 »
3237 4341 3290 4394 2.
3349 4339 3450 4396 Ubi
3501 4355 3599 4395 eos

1959 4448 1993 4487 a
2026 4431 2242 4504 quibus
2282 4432 2572 4486 refutatus
2626 4433 2715 4484 est
2759 4427 3124 4494 Valentinus,
3181 4431 3482 4482 enumerat
3528 4427 3599 4492 ³³,

1961 4537 2170 4592 nempe
2199 4521 2498 4577 Justinum
2527 4517 2940 4590 philosophum
2966 4522 3022 4571 et
3045 4520 3375 4587 martyrem,
3396 4515 3604 4570 Miltia-

191 4589 366 4646 locus
419 4594 510 4645 est
541 4589 821 4644 eximium
854 4589 998 4644 tanti
1036 4591 1302 4662 martyris
1359 4608 1508 4665 opus
1539 4594 1613 4649 ab
1645 4610 1711 4651 eo
1733 4612 1846 4651 non

1973 4589 2118 4680 dem,
2152 4610 2432 4666 Irenaeum
2465 4589 2878 4674 etiProculum,
2903 4604 3121 4659 nullam
3145 4605 3215 4658 de
3245 4604 3485 4676 lgnatio,
3507 4603 3600 4658 his

193 4682 376 4737 modo
408 4695 528 4735 non
563 4683 849 4751 spretum,
877 4680 974 4734 sed
1008 4696 1074 4734 ea
1106 4681 1279 4736 etiam
1327 4699 1454 4753 qum
1477 4685 1850 4742 sanctissimo

192 4772 320 4826 viro
354 4769 700 4836 debebatur,
736 4769 1104 4825 veneratione
1137 4781 1493 4841 susceptum.

263 4864 368 4924 At,
402 4857 662 4930 inquies,
695 4856 916 4913 curille
941 4861 1218 4916 adversus
1250 4861 1484 4916 Aerium
1508 4878 1709 4918 earum
1743 4881 1846 4920 au-

191 4950 465 5006 ctoritate
495 4964 609 5002 non
642 4948 827 5002 utitur
855 4947 882 5002 ‘!
911 4948 1025 5003 Cur
1062 4951 1265 5020 etiam,
1297 4950 1598 5021 inquimus
1629 4958 1681 5008 et
1715 4970 1848 5024 nos,

191 5040 479 5094 adversus
496 5037 653 5092 alias
688 5037 934 5093 haereses
965 5042 1053 5093 tot
1080 5042 1316 5094 Patrum
1341 5039 1600 5112 scriptis,
1631 5044 1848 5114 quibus

191 5143 268 5182 ρω
295 5128 563 5182 funditus
586 5127 1006 5194 evertebantur,
1029 5128 1460 5198 praetermissis,
1489 5134 1607 5186 tam
1646 5134 1848 5203 paucis
1871 5135 1876 5140 ’

191 5218 446 5289 ipsemet
464 5234 612 5273 usus
635 5216 762 5272 est?
781 5217 1054 5288 Nunquid
1082 5235 1148 5273 ea
1175 5235 1302 5291 qua:
1333 5221 1631 5290 omiserat,
1650 5225 1850 5296 ignota

191 5305 422 5374 habuit,
453 5311 560 5362 aut
582 5307 934 5377 contempsit
954 5307 1132 5362 veluti
1164 5309 1299 5364 ﬁcta
1317 5313 1373 5364 et
1394 5314 1801 5370 commentitia
1821 5315 1850 5372 ?

193 5397 430 5452 Hinime
459 5395 747 5468 gentium.
796 5395 928 5451 Ideo
959 5395 1140 5468 igitur
1172 5414 1362 5469 neque
1396 5398 1609 5471 lgnatii
1637 5403 1854 5475 episto-

267 5578 312 5614 ²¹³
364 5577 597 5646 haeres.
651 5573 740 5628 75.
795 5573 838 5610 ³⁸
916 5590 1041 5646 cap.
1096 5575 1154 5643 7,

1231 5593 1318 5660 ρ.-
1641 5582 1785 5660 Ibid.
1873 5586 2094 5660 "Neap.
2146 5587 2201 5654 8,
2262 5604 2317 5660 p.

1957 4699 2234 4754 omnibus
2267 4695 2988 4770 antiquiore,mentionem
3023 4693 3178 4748 facit.
3210 4694 3262 4747 3.
3297 4692 3598 4758 Quibusin

1958 4787 2104 4843 locis
2134 4786 2530 4842 vehementius
2577 4785 2837 4854 disputat
2892 4787 3093 4838 contra
3141 4781 3491 4837 Maroionem
3526 4779 3593 4850 ³³,

1957 4875 2126 4946 eique
2148 4890 2215 4930 ex
2271 4874 2495 4930 Joanne
2526 4873 2789 4945 apostolo
2819 4873 3074 4929 ostendit
3105 4893 3134 4920 ‹‹
3181 4887 3514 4943 praecoquos
3542 4879 3598 4927 et

1958 4963 2252 5020 abortivos
2310 4963 2744 5035 quodammodo
2802 4962 3168 5017 Marcionitas
3229 4961 3430 5029 fuisse,
3495 4963 3596 5033 qui

1957 5053 2252 5111 Christum
2289 5054 2640 5127 phantasma
2661 5069 2794 5108 cum
2829 5053 2925 5109 illo
2955 5053 3333 5122 vindicarent,
3363 5073 3389 5104 ι
3414 5052 3494 5108 ibi
3520 5051 3602 5106 al-

1956 5143 2246 5199 tissimum
2289 5145 2358 5199 de
2403 5142 2629 5214 lgnatio
2682 5141 3033 5210 silentium;
3085 5141 3193 5197 etsi
3244 5163 3273 5191 «
3332 5159 3500 5196 nemo
3534 5141 3594 5197 in

1955 5232 2146 5305 primo
2161 5232 2261 5288 illo
2281 5231 2726 5288 Christianismo
2742 5233 3170 5303 nequesiepius,
3187 5247 3373 5301 neque
3396 5231 3593 5288 acrius

1953 5321 2502 5393 phantasticosillos
2523 5321 2854 5391 exagitavit.
2884 5343 2905 5368 ιι
2934 5321 2984 5375 li.
3007 5319 3403 5376 Tertullianus
3433 5325 3593 5376 Mon-

1957 5410 2166 5466 tanista
2214 5411 2403 5467 factus
2462 5416 2662 5466 contra
2712 5409 2916 5481 lgnatii
2961 5408 3314 5465 sententiam
3347 5411 3514 5467 docet
3549 5411 3596 5448 “

2375 5588 2610 5661 77,_Aet
2658 5603 2782 5660 seq.
2841 5588 2884 5626 ⁸⁸
2931 5593 3006 5647 De
3060 5595 3336 5653 exhortat.
3404 5600 3589 5661 casm.

196 5669 322 5727 cap.
354 5651 409 5707 7.
443 5647 495 5682 3’
527 5645 645 5702 Lib.
677 5647 830 5704 Com.
872 5645 1103 5716 Valént.,
1128 5645 1258 5723 cap‘,
1287 5649 1343 5706 5.
1377 5652 1423 5687 ³³
1452 5651 1557 5709 lib.
1585 5671 1647 5710 iu
1677 5655 1880 5715 Contra
1908 5645 2199 5728 lar-ciam,
2231 5645 2358 5734 cap.
2392 5645 2527 5716 6.,“
2554 5659 2656 5718 lib.
2699 5645 2776 5718 De
2799 5645 3039 5739 pudicit.
