4026 6206
414 384 530 444 511

1473 379 1538 439 S.
1582 374 1984 439 IGNATIUS.
2029 408 2108 422 —-
2150 370 2764 438 PROLEGOMENA.

3706 378 3830 439 512

426 539 452 573 α
484 535 687 576 omnes
711 521 841 590 post
871 515 1230 586 baptismum
1257 514 1471 584 lapsos,
1499 533 1522 563 υ
1557 513 1630 568 ad
1663 511 2060 584 pmnitentiam
2093 513 2146 579 Α
2175 509 2374 567 eodem
2407 509 2668 583 apostolo
2698 511 3008 567 damnatos
3041 510 3222 566 fuisse
3252 513 3584 569 ostenderet
3611 511 3640 566 ’ἒ
3661 512 3823 568 Nun-

421 609 701 680 agendam
737 623 849 660 non
883 603 1298 658 admittendos.
1348 602 1658 657 Orthodoxi
1692 618 1920 673 quoque
1964 601 2062 672 qui

417 695 634 750 ibidem
661 695 964 764 Scriptura:
1003 709 1196 758 sacrae,
1225 697 1282 746 et
1324 691 1454 747 libri
1487 692 1706 748 Hermae
1741 691 2060 746 auctorita-

413 787 528 836 tem
554 783 662 853 ipsi
684 787 1010 852 opponunt,
1037 798 1107 836 ne
1127 798 1307 836 unum
1343 781 1578 852 quidem
1613 781 1684 835 de
1708 780 2064 852 Ignatiover-

414 871 553 922 bum
588 869 820 924 habent.
858 869 937 924 Ex
982 870 1198 941 quibus
1249 869 1424 924 infert
1468 868 1718 924 Dallaaus
1751 874 1806 922 et
1835 868 2055 924 Tertul-

410 956 564 1013 liano
581 957 848 1015 heretico
867 964 922 1015 et
943 958 1260 1017 Catholiois
1281 959 1559 1015 omnibus
1574 957 1815 1014 latuisse
1849 957 2057 1030 Ignatii

410 1047 715 1119 epistolas.

481 1138 586 1194 Sed
612 1137 734 1193 haec
758 1138 1011 1194 futilium
1040 1140 1416 1212 inaniumque
1441 1138 1731 1194 rationum
1770 1139 1947 1194 series
1968 1144 2057 1194 est

412 1228 468 1280 et
511 1227 928 1282 concatenatio.
984 1228 1302 1283 Salmasius
1360 1229 1674 1295 enimvero,
1717 1228 2053 1286 Blondellus

411 1323 584 1386 atque
610 1315 967 1382 Albertinus,
1001 1317 1261 1387 ejusdem
1295 1334 1427 1372 cum
1462 1317 1672 1373 Dallmo
1705 1317 2051 1373 Calvinianaa

407 1401 692 1459 hereseos
744 1411 1080 1475 sectatores,
1117 1405 1223 1460 has
1286 1406 1506 1461 litteras
1545 1412 1678 1461 ante
1705 1407 2048 1464 Tertulliani

403 1496 628 1548 aetatem
664 1494 915 1566 scriptas
955 1511 1085 1551 esse
1111 1495 1427 1551 affirmant.
1455 1495 1620 1551 Prius
1639 1511 1776 1568 ergo
1801 1496 2049 1553 Dallaaus

402 1581 557 1660 hapc
578 1583 862 1638 sodalium
881 1601 1116 1641 suorum
1139 1586 1652 1642 debuitconfutare
1673 1587 2044 1658 opinionem;

405 1674 624 1744 quippe
656 1691 771 1745 qua
805 1679 1013 1742 stante,
1052 1677 1156 1732 has
1189 1676 1396 1748 lgnatii
1431 1676 1726 1749 epistolas,
1762 1695 1889 1750 quia
1911 1695 2046 1734 cum

407 1762 682 1818 omnibus
715 1765 1324 1833 communicabantur,
1367 1766 1426 1822 in
1461 1783 1669 1822 manus
1701 1767 2045 1825 Tertulliani

405 1853 703 1922 pervenire
733 1852 991 1924 potuisse
1017 1854 1181 1910 facile
1206 1855 1508 1913 evincitur.

477 1941 562 1996 Ad
607 1941 804 1997 Dallaai
839 1948 1030 1999 autem
1078 1945 1330 2001 rationes
1362 1947 1606 2017 gradum
1645 1950 1707 2002 ut
1738 1946 2040 2017 faciamus,

401 2031 536 2103 quis
569 2033 816 2104 primam
844 2051 958 2090 non
983 2035 1177 2091 videat
1201 2035 1419 2092 nullam
1449 2053 1576 2092 esse
1607 2042 1662 2093 et
1693 2039 1996 2096 ridiculam
2027 2056 2039 2094 :

403 2123 880 2194 quandoquidem
916 2125 1312 2181 Tertullianus
1344 2125 1830 2183 Montanistarum
1859 2127 2042 2184 hiare-

399 2209 505 2264 sim
534 2211 657 2280 jam
693 2219 814 2268 tum
839 2214 1202 2285 amplexatus
1229 2221 1375 2286 erat,
1407 2233 1541 2272 cum
1575 2217 1850 2290 scripsit:
1885 2220 2040 2275 «Sed

401 2297 498 2353 ubi
518 2301 920 2365 tres,Eeclesia
943 2303 1192 2371 est,licet
1224 2304 1412 2360 laici.»
1437 2306 1584 2373 Quid
1605 2306 2041 2378 igiturmirum,

399 2386 450 2442 si
479 2388 653 2446 homo
685 2389 1014 2461 haereticus,
1050 2393 1147 2465 qui
1179 2394 1476 2465 Oppositos
1522 2411 1704 2452 sacra;
1734 2397 2040 2469 Scriptura

398 2494 624 2536 errores
655 2479 841 2548 docet,
894 2486 1094 2538 contra
1143 2483 1524 2540 orthodoxam
1577 2485 1784 2558 lgnatii
1825 2486 2042 2542 doctri-

402 2584 539 2624 nam
573 2570 790 2625 scribat
828 2575 884 2626 et
917 2570 1192 2642 loquatur
1220 2573 1248 2627 ?
1277 2572 1480 2630 Nonne
1511 2575 1874 2647 potiorijure
1905 2576 2036 2648 quis

396 2657 476 2714 ita
497 2661 1048 2730 argumentaretur?
1064 2661 1461 2720 Tertullianus
1484 2664 1806 2721 catholicus
1837 2667 2036 2722 eadem

399 2765 464 2803 ac
491 2749 753 2820 lgnatius
776 2750 846 2804 de
864 2751 1121 2808 Ecclesia
1139 2753 1391 2825 scripsit.
1419 2757 1564 2827 Ergo
1599 2755 1807 2828 Ignatii
1829 2754 2038 2828 episto-

394 2837 460 2892 lis
493 2839 854 2896 Tertulliano
889 2858 999 2896 non
1037 2842 1271 2897 fuerunt
1302 2844 1626 2912 incognitas.

469 2927 551 2982 Ad
589 2931 906 2984 secundum
933 2930 1127 2985 Dallzei
1161 2931 1445 2988 rationem
1468 2935 2038 3005 respondemusTer-

397 3015 644 3072 tulliano
674 3019 864 3073 visum
891 3035 1040 3084 esse,
1061 3025 1124 3073 ut
1145 3019 1352 3076 horum
1385 3039 1533 3094 quos
1555 3024 1754 3080 citavit
1781 3027 2036 3099 Patrum,

397 3121 512 3160 non
549 3105 802 3176 plurium
836 3107 1174 3164 auctoritate
1216 3115 1416 3167 contra
1465 3113 1902 3174 Valentinianos
1932 3119 2036 3175 de-

393 3199 659 3250 certaret.
699 3195 813 3253 Nec
846 3214 986 3254 sane
1018 3198 1228 3256 Dallaao
1270 3201 1356 3256 vel
1391 3201 1492 3258 ulli
1519 3205 1618 3274 jus
1647 3211 1735 3261 est
1767 3223 1899 3263 cum
1929 3227 2036 3266 au-

2075 1883 2123 1948 B

2174 600 2316 671 quid
2347 600 2524 671 igitur
2570 601 2640 656 ad
2697 601 2754 654 id
2790 600 3154 671 probandum
3204 599 3448 656 Joannis
3492 603 3822 659 auctoritas

2171 688 2532 745 Tertulliano
2556 689 2698 745 satis
2717 707 2833 746 non
2863 701 3008 759 erat,
3033 688 3146 745 nisi
3167 695 3224 746 et
3251 689 3514 761 Ignatius
3539 693 3590 747 ei
3615 693 3828 764 adjun-

2168 784 2399 850 geretur
2429 779 2456 834 ‘I

2237 871 2308 924 At
2330 886 2483 940 vero,
2514 869 2708 941 inquit
2737 869 3008 941 Dallaaus,
3034 887 3138 926 nec
3170 870 3226 925 in
3253 871 3475 943 reliquo
3504 870 3604 927 illo
3637 888 3818 942 opere

2167 959 2566 1015 Tertullianus
2598 958 2775 1014 ullam
2808 958 3017 1030 Ignatii
3066 959 3201 1014 facit
3235 959 3614 1018 mentionem.
3661 961 3816 1025 Quid

2167 1047 2350 1104 inde?
2381 1046 2621 1103 Nullum
2653 1048 2825 1104 etiam
2860 1047 3040 1103 alium
3074 1047 3357 1117 nominat,
3392 1064 3580 1120 neque
3610 1054 3815 1106 tamen

2165 1137 2382 1194 idcirco
2404 1136 2826 1193 Tertullianum
2861 1153 3037 1208 opera
3058 1137 3330 1204 aliorum,
3351 1139 3452 1209 qui
3485 1139 3640 1194 hunc
3653 1156 3818 1195 erro-

2163 1244 2280 1284 rem
2317 1226 2792 1298 antiquissimum
2835 1228 3234 1292 confutarunt,
3267 1227 3594 1298 ignorasse,
3629 1235 3813 1301 atque

2161 1318 2302 1373 adeo
2336 1317 2497 1372 nulla
2530 1333 2790 1388 unquam
2816 1315 2997 1372 fuisse
3026 1317 3384 1372 credendum
3407 1323 3516 1373 est.

2233 1406 2448 1462 Ultima
2483 1407 2680 1461 Dallaai
2744 1405 2893 1461 ratio
2940 1423 3051 1461 non
3096 1406 3338 1477 majoris
3382 1411 3470 1462 est
3501 1407 3805 1479 ponderis.

2159 1495 2556 1552 Tertullianus
2590 1495 2771 1564 enim,
2794 1511 2927 1551 cum
2961 1511 3025 1550 ea
3047 1510 3173 1566 qum
3204 1495 3559 1565 objiciuntur
3590 1498 3812 1553 scribe-

2159 1590 2265 1651 ret,
2297 1585 2605 1641 haareticus
2637 1591 2779 1652 erat,
2831 1600 2897 1639 ac
2957 1584 3223 1656 proinde,
3285 1585 3367 1639 uti
3409 1586 3532 1655 jam
3566 1588 3806 1641 monui-

2158 1691 2310 1740 mus,
2347 1673 2696 1730 catholicam
2722 1673 2930 1745 Ignatii
2964 1673 3286 1729 doctrinam
3313 1674 3423 1729 sibi
3449 1676 3684 1732 omnino
3703 1677 3811 1732 ad-

2155 1780 2376 1820 versam
2402 1764 2460 1818 in
2494 1764 2752 1819 medium
2786 1764 3217 1832 producendam
3250 1779 3380 1819 esse
3408 1780 3522 1819 non
3555 1766 3809 1835 putavit.

2156 1854 2316 1918 Quod
2352 1857 2546 1909 autem
2580 1855 2651 1908 ad
2685 1853 3039 1909 orthodoxos
3069 1853 3297 1920 attinet,
3319 1860 3636 1925 potuerunt
3667 1855 3808 1926 qui-

2155 1945 2284 1998 dem
2317 1951 2518 1999 contra
2547 1942 2891 1999 Tertulliani
2925 1959 3151 1998 errores
3202 1943 3546 1999 auctoritate
3587 1944 3805 2017 lgnatii

2153 2049 2460 2104 pugnare:
2495 2034 2591 2088 sed
2643 2049 2773 2088 cum
2834 2049 3034 2087 eorum
3102 2032 3317 2104 scripta
3374 2050 3486 2088 non
3547 2039 3808 2101 exstent,

2155 2121 2303 2177 nihil
2350 2121 2457 2178 hac
2489 2123 2559 2178 de
2588 2138 2648 2178 re
2694 2139 2726 2176 a
2759 2137 3052 2193 quoquam
3085 2121 3312 2178 definiri
3345 2126 3554 2193 potest.
3599 2122 3806 2194 Neque

2154 2212 2306 2268 enim
2340 2210 2493 2266 ullus
2523 2209 2946 2266 Tortullianum
2979 2211 3178 2266 omnia
3210 2211 3320 2266 sibi
3349 2212 3421 2266 ab
3453 2211 3808 2269 orthodoxis

2152 2301 2378 2370 objecta
2413 2299 2660 2355 ﬁdeliter
2706 2299 2998 2368 retulisse,
3029 2297 3222 2371 iisque
3247 2299 3523 2355 omnibus
3556 2316 3803 2373 respon~

2152 2390 2329 2457 disse,
2364 2395 2514 2445 certo
2538 2388 2934 2445 afﬁrmaverit.
2971 2390 3033 2444 Et
3084 2406 3146 2445 re
3185 2389 3421 2460 quidem
3447 2389 3577 2462 ipsa
3607 2407 3803 2460 pauca

2150 2479 2415 2548 quaedam
2456 2479 2636 2536 fuisse
2678 2479 2752 2535 ab
2781 2495 2847 2536 eo
2879 2478 3094 2535 selecta
3124 2496 3258 2537 vero
3291 2496 3532 2551 prorsus
3563 2479 3802 2535 videtur

2151 2567 2545 2625 simillimum.

2224 2658 2393 2731 Urget
2413 2657 2682 2728 Dallmus,
2715 2675 2820 2714 cur
2847 2657 2945 2714 ille
2975 2658 3219 2728 Hermae,
3252 2674 3365 2714 non
3392 2675 3524 2714 vero
3559 2659 3805 2730 lgnatii,

2149 2747 2573 2804 citavitlibrum
2595 2748 2623 2802 ?
2644 2751 2940 2804 Instamus
2963 2752 3020 2804 et
3044 2765 3172 2814 nos,
3191 2765 3295 2803 cur
3308 2765 3422 2803 non
3447 2747 3624 2803 etiam
3649 2749 3802 2804 alio-

2148 2853 2278 2893 rum
2293 2837 2507 2894 ?Porro
2535 2837 3095 2908 respondemusideo
3117 2842 3393 2893 Hermum
3413 2839 3484 2892 ab
3502 2837 3600 2892 illo
3622 2839 3798 2894 citari

2145 2927 2236 2984 vel
2259 2927 2541 2999 quialibri
2559 2929 2685 2999 ejus
2705 2929 2762 2984 in
2788 2946 3018 2986 sacrum
3045 2928 3478 2999 Scripturarum
3503 2944 3795 2984 canonem

2148 3035 2182 3074 a
2212 3019 3047 3090 quibusdamiascribabantur,
3065 3018 3149 3074 vel
3171 3019 3243 3074 ob
3262 3035 3388 3074 eam
3410 3017 3794 3090 potissimum

2149 3123 2324 3178 quam
2369 3108 2562 3164 eodem
2613 3107 2670 3163 in
2721 3107 2869 3164 libro
2906 3107 3160 3163 reddidit
3206 3110 3489 3163 rationem
3539 3107 3608 3172 ³⁷,
3650 3107 3800 3179 quia

2149 3193 2448 3266 Scriptura
2489 3198 2578 3250 est
2609 3217 2637 3245 «
2671 3210 2800 3266 quas
2831 3194 2958 3249 sola
3009 3193 3265 3250 mmchos
3319 3197 3495 3248 amat.
3540 3215 3567 3242 η
3598 3193 3687 3248 Ab
3721 3209 3794 3248 eo

392 3288 546 3340 ctore
575 3285 772 3357 aliquo
815 3287 1203 3360 expostulare,
1236 3308 1340 3345 cur
1381 3309 1495 3347 non
1529 3293 1798 3365 pluribus
1829 3299 2032 3366 armis,

2152 3261 2358 3355 quippe
2379 3284 2448 3338 de
2477 3261 2716 3339 mcechis
2739 3287 2935 3339 utrum
2957 3283 3026 3338 ad
3056 3282 3452 3355 paenitentiam
3477 3283 3547 3337 ad
3559 3283 3795 3338 mitten-

386 3372 476 3428 vel
517 3379 725 3444 majori
769 3375 1075 3433 hominum
1110 3379 1482 3438 multitudine
1517 3399 1649 3439 cum
1683 3385 2031 3445 adversariis

391 3464 823 3535 congrediatur,
852 3465 945 3521 cui
969 3465 1342 3540 hmc,quibus
1373 3472 1579 3539 utitur,
1604 3473 1676 3529 ad
1705 3491 2033 3549 expugnan-

389 3551 495 3609 dos
525 3553 723 3611 hostes
756 3572 894 3613 suos
925 3557 1244 3616 sufficiunt.
1289 3560 1688 3619 Tertullianus
1712 3570 1904 3621 autem
1931 3584 2029 3623 eos

389 3657 535 3713 quos
569 3644 760 3700 citavit
792 3645 989 3702 Patres
1023 3647 1092 3703 ad
1127 3648 1498 3706 debellandos
1529 3651 1820 3709 Valentini
1853 3661 2032 3712 secta-

384 3736 537 3788 tores
555 3733 667 3789 sibi
686 3735 834 3792 satis
859 3752 1153 3809 superque
1183 3755 1331 3807 esse,
1356 3756 1459 3796 nec
1473 3740 1619 3798 alios
1643 3759 1706 3799 se
1735 3745 1908 3800 citare
1932 3762 2027 3801 vo-

386 3821 566 3879 luisse
592 3841 706 3879 non
727 3825 974 3882 obscure
1005 3827 1319 3900 significat,
1353 3846 1482 3886 cum
1516 3831 1586 3888 de
1616 3832 1735 3890 illis
1756 3834 1842 3891 sic
1874 3835 2031 3893 fatur

386 3912 432 3947 ³⁸
465 3930 478 3969 :
515 3934 544 3964 «
575 3914 679 3980 Qui
713 3914 970 3986 ipsorum
1008 3916 1526 3976 hazresiarcharum
1561 3925 2028 3996 contemporales

384 4002 863 4060 instructissimis
877 4005 1272 4062 voluminibus
1302 4013 1358 4064 et
1384 4010 1770 4081 prodiderunt
1790 4019 1846 4069 et
1877 4020 2026 4071 retu-

383 4092 612 4149 derunl.
645 4114 666 4144 ι
705 4092 838 4147 Illos
869 4094 1024 4149 enim
1042 4095 1354 4166 scriptores
1383 4098 1744 4156 ethaareticis
1770 4108 2026 4160 contem-

383 4178 633 4248 porales,
652 4183 710 4232 et
727 4194 929 4233 eorum
961 4195 1185 4236 errores
1218 4182 1690 4242 instructissimis
1718 4189 2026 4247 volumini-

383 4265 494 4318 bus
527 4264 816 4321 retudisse
841 4281 974 4320 cum
994 4267 1338 4334 dicat,duas
1371 4273 1570 4344 procul
1603 4276 1782 4333 dubio
1813 4295 2024 4352 sugge-

383 4353 458 4409 rit
489 4355 764 4421 rationes,
824 4355 1039 4424 quibus
1090 4360 1423 4416 testimonia
1464 4379 1666 4420 eorum
1707 4367 1821 4422 sibi
1852 4371 2022 4425 suffi-

383 4459 532 4512 cere,
567 4459 670 4498 nec
703 4441 867 4514 plura
897 4443 1214 4502 desiderari
1272 4450 1479 4507 debere
1534 4458 1731 4526 aperte
1761 4473 2022 4528 pronun-

383 4532 508 4588 tial.

2143 3371 2202 3427 di
2232 3376 2448 3438 essent,
2481 3376 2723 3445 quaestio
2751 3373 3107 3429 movebatur.
3141 3372 3268 3427 Haac
3298 3387 3433 3443 ergo
3455 3372 3788 3443 Scriptura,

2143 3478 2270 3533 quis
2295 3460 2707 3518 aTertulliano
2739 3461 2866 3518 sola
2899 3461 3155 3518 moechos
3186 3477 3383 3516 amare
3413 3461 3644 3527 dicitur,
3665 3459 3792 3516 sola

2141 3550 2212 3608 ab
2245 3566 2312 3606 eo
2345 3549 2573 3606 laudari
2598 3552 2818 3608 debuit.

2136 3656 2284 3727 §III.
2309 3657 2450 3713 Num
2483 3658 2617 3714 Caio
2654 3657 2826 3714 etiam
2873 3662 2926 3714 et
2967 3659 3233 3714 Clementi
3263 3657 3649 3715 Alexandrino
3696 3661 3793 3714 in-

2713 3733 2948 3802 cognita:
2965 3732 3194 3801 fuerim.

2206 3825 2343 3892 Caio
2369 3852 2598 3908 quoque
2615 3837 2843 3910 ignotas
2867 3838 3044 3894 fuisse
3065 3838 3270 3910 lgnatii
3297 3838 3481 3894 nostri
3499 3837 3785 3906 epistolas

2136 3930 2201 3978 ut
2234 3926 2503 3997 probaret
2547 3925 2820 3997 Dallaeus,
2854 3927 3098 3999 protulit
3127 3927 3172 3962 ³³
3211 3928 3474 3998 ejusdem
3505 3926 3623 3982 Caii
3663 3928 3786 3983 fra-

2135 4019 2454 4085 gmentum,
2471 4016 2805 4072 abEuaebio
2819 4016 3351 4088 transcriptum’9,::
3365 4017 3417 4071 bi
3441 4034 3506 4071 ex
3523 4017 3790 4088 antiquis

2135 4103 2406 4162 Patribus
2423 4111 2624 4162 contra
2656 4105 2923 4162 haeresim
2959 4107 3306 4172 Artemonis,
3337 4107 3632 4164 Christum
3661 4123 3789 4163 me-

2136 4208 2266 4248 rum
2301 4194 2598 4251 hominem
2615 4211 2743 4251 esse
2773 4194 3199 4265 delirantis,sic
3230 4196 3326 4251 ille
3349 4197 3792 4268 disputat:«Ac

2135 4281 2382 4339 fortasse
2407 4283 2462 4340 id
2497 4286 2648 4356 quod
2683 4284 2890 4340 dicunt
2910 4284 3190 4341 credibile
3217 4285 3530 4352 videretur,
3556 4287 3669 4340 nisi
3696 4284 3789 4341 eis

2136 4371 2571 4445 refragarentur
2619 4373 2874 4446 primum
2925 4375 3165 4445 quidem
3196 4375 3404 4430 divinas
3441 4375 3787 4446 Scriptum,

2135 4462 2381 4517 fratrum
2413 4463 2801 4532 quorumdam
2864 4463 3104 4536 scripta,
3143 4464 3388 4519 Victoris
3423 4469 3587 4519 aetate
3625 4465 3788 4519 anti-

2134 4551 2352 4622 quiora,
2385 4565 2508 4622 qua:
2531 4550 2614 4606 illi
2644 4552 2927 4608 adversus
2947 4562 3166 4622 gentes,
3199 4557 3256 4609 et
3285 4558 3489 4610 contra
3519 4555 3609 4608 sui
3634 4563 3785 4609 tem-

449 4619 654 4719 Tertia
670 4619 866 4719 Dallaei
889 4623 1036 4719 ratio
1055 4625 1560 4719 positisduntaxat
1590 4638 1723 4692 ante
1751 4638 2016 4697 omnium
2047 4654 2096 4719 Ι)
2129 4619 2286 4711 poris
2309 4619 2610 4697 haereticos
2627 4657 2731 4713 pro
2743 4619 3005 4698 veritatis
3030 4642 3369 4698 defensione
3387 4641 3782 4714 scripserunt,

377 4708 578 4765 oculos
609 4710 955 4767 Tertulliani
979 4715 1169 4771 verbis
1189 4716 1342 4775 illico
1365 4721 1718 4794 exploditur.
1754 4729 1840 4784 Ita
1860 4731 2014 4786 enim

374 4797 499 4857 ille:
519 4822 547 4850 «
577 4801 838 4873 Desinat,
861 4804 1052 4877 inquit
1075 4808 1141 4875 ⁸⁸,
1164 4825 1320 4866 nunc
1355 4811 1727 4874 haereticus...
1761 4819 2016 4877 aJudaso

374 4890 630 4945 mutuari
650 4891 1000 4963 phantasma
1029 4897 1331 4956 vindicans
1359 4901 1688 4975 Christum;
1724 4908 1837 4963 nisi
1862 4910 2017 4979 quod

371 4983 428 5034 et
450 4979 563 5036 ista
579 4981 864 5037 sententia
892 4983 1038 5042 alios
1068 4987 1301 5044 habebit
1319 4997 1584 5050 auctores
1607 5012 1944 5068 praecoquos
1960 5002 2017 5054 et

372 5069 666 5128 abortivos
682 5073 990 5142 quodam
1003 5077 1112 5132 odo
1128 5078 1302 5134 Marci
1310 5070 1526 5149 onitas,
1544 5100 1690 5154 quos
1713 5087 2014 5155 apostolus

367 5158 623 5216 Joannes
653 5161 1039 5221 Autichristos
1071 5168 1485 5236 pronuntiavit.
1525 5193 1554 5220 »
1577 5173 1718 5237 Quis
1748 5172 1903 5228 enim
1945 5191 2014 5232 ex

364 5247 458 5304 his
491 5250 658 5306 facile
682 5268 794 5307 non
817 5252 1106 5326 intelligat
1136 5254 1294 5311 aliud
1327 5259 1668 5314 Tertulliani
1694 5261 2008 5319 consilium

365 5353 478 5392 non
519 5339 721 5408 fuisse,
755 5357 931 5412 quam
965 5348 1089 5400 uta
1137 5343 1380 5403 Joannis
1411 5350 1668 5418 tempore
1708 5349 2008 5409 haereticos

361 5428 830 5486 Marcionitarum
852 5450 1240 5503 praecursores
1257 5437 1572 5508 exstitisse,
1591 5445 1766 5513 atque
1787 5439 1918 5499 illos
1938 5443 2012 5499 ab

2125 4729 2428 4785 Justinuzn
2465 4731 2755 4804 intelligo,
2787 4737 2845 4788 et
2883 4731 3223 4801 Miltiadem,
3251 4739 3307 4788 et
3332 4734 3670 4802 Tatianum,
3702 4751 3774 4790 ac

2127 4817 2506 4889 Clementem,
2537 4821 2803 4892 aliosque
2829 4821 3318 4894 quamplurimos,
3344 4823 3404 4879 in
3436 4824 3785 4896 quorumli-

2127 4908 2250 4964 bris
2281 4908 2496 4966 Christi
2548 4909 2826 4966 divinitas
2868 4911 3167 4968 asseritur.
3199 4912 3344 4966 Nam
3396 4913 3598 4969 Irenazi
3638 4916 3779 4986 qui-

2126 4998 2282 5066 dem,
2315 5004 2372 5055 et
2412 4997 2727 5068 Melitonis,
2761 5003 2817 5056 et
2855 5001 3216 5071 reliquorum
3255 5003 3494 5074 scripta,
3528 5004 3664 5076 quis
3691 5009 3786 5061 est

2099 5088 2226 5159 'qui
2260 5089 2504 5160 ignoret,
2549 5087 2606 5144 in
2667 5089 2884 5160 quibus
2930 5089 3230 5146 Christum
3296 5093 3475 5147 Deum
3503 5093 3683 5150 simul
3711 5112 3781 5152 ac

2126 5177 2421 5233 hominem
2453 5178 2849 5249 praedicarunt
2873 5179 2900 5234 ?
2927 5200 2955 5228 »
2986 5179 3188 5250 Atqui,
3219 5179 3412 5251 inquit
3429 5182 3706 5254 Dallaaus,
3726 5186 3781 5240 si

2123 5267 2300 5323 Caius
2356 5266 2642 5340 epistolas
2696 5284 2846 5339 quas
2878 5267 3268 5340 defendimus,
3308 5269 3408 5325 ubi
3437 5275 3775 5332 Artemonis

2123 5355 2365 5412 haeresis
2395 5356 2699 5427 splendide
2730 5357 3085 5430 confutatur,
3117 5359 3189 5415 ab
3231 5360 3453 5432 lgnatio
3487 5365 3779 5434 profectas

2123 5460 2249 5500 esse
2297 5446 2650 5517 rescivisset,
2685 5447 2769 5503 eis
2808 5447 3009 5520 procul
3056 5448 3237 5504 dubio
3277 5449 3538 5521 primum
3571 5451 3634 5508 in
3671 5454 3774 5512 hoc

431 5646 478 5684 ³⁵
503 5651 615 5710 loc.
641 5655 737 5712 cit.
769 5659 813 5694 ⁸⁸
843 5658 991 5717 Ibid.
1023 5661 1072 5697 37
1093 5661 1193 5718 lib.
1219 5666 1293 5720 De
1318 5666 1578 5738 pudicit.,
1609 5686 1738 5742 cap.
1762 5670 1850 5727 to.
1883 5669 1932 5706 ³⁸
1958 5687 2085 5744 cap.
2118 5671 2174 5746 9,
2207 5689 2337 5746 pag.
2370 5673 2497 5732 280.
2515 5674 2563 5713 ³³
2591 5676 2827 5749 Euseb.,
2867 5677 2968 5736 lib.
3001 5696 3055 5751 ν,
3087 5696 3216 5753 cap.
3248 5683 3336 5739 28.
