4062 6206
183 403 304 464 513

1159 402 1231 462 D.
1279 398 1615 462 NOURRII
1658 395 2204 460 DISSERTATIO.
2251 430 2328 444 —
2371 396 2574 457 PARS
2620 395 2668 456 Ι.

3492 397 3610 462 514

186 540 524 610 fragmento
557 536 824 592 dedisset
876 535 1091 592 locum.
1125 537 1334 594 Verum
1387 540 1452 591 ut
1505 535 1850 591 omittamus
1881 536 1935 602 Α
1965 533 2051 589 vel
2082 551 2274 590 errore
2296 531 2380 588 vel
2411 531 2794 603 incogitantia
2831 530 2918 587 vel
2970 533 3261 590 memorie
3311 534 3480 607 lapsu
3532 538 3606 594 ab

183 629 388 686 Caium
429 632 742 698 postquam
771 625 860 682 ha
911 626 1122 696 Ignatii
1165 627 1446 696 epistolas,
1501 627 1667 694 juxta
1721 623 1844 678 Sal-

188 717 384 783 masii,
424 715 712 772 Blondelli
747 721 809 771 et
839 714 1150 782 Albertini,
1182 715 1460 782 diximus,
1512 714 1845 785 opinionem

185 810 239 863 in
273 807 498 878 vulgus
531 804 884 877 prodierant,
934 805 1105 860 tertio
1144 804 1412 860 ﬂoruisse
1470 804 1723 870 saeculo;
1757 817 1844 858 re-

186 897 556 970 spondemus
585 895 694 950 hac
717 895 1225 966 argumentatione
1256 893 1403 950 nihil
1437 911 1604 966 posse
1637 893 1845 948 conﬁci

186 988 295 1043 nisi
329 987 498 1057 prius
529 985 731 1042 Caium
745 984 816 1039 ad
841 983 1251 1054 Ignatiinostri
1276 983 1540 1040 citandas
1565 983 1846 1054 epistolas

188 1077 546 1133 necessitate
594 1074 792 1146 aliqua
827 1074 1104 1129 adactum
1167 1072 1351 1129 fuisse
1390 1076 1844 1129 demonstretur.

195 1173 264 1223 At
297 1182 441 1220 cum
497 1163 619 1228 ille,
653 1163 856 1234 paucis
901 1162 1288 1233 scriptoribus
1347 1162 1846 1226 commemoratis,

186 1255 329 1312 alios
361 1251 844 1326 quamplurimas
866 1268 928 1307 se
942 1252 1390 1324 praetermisisse
1405 1251 1844 1317 testetur,nulla

184 1344 428 1401 omnino
461 1344 532 1398 ad
549 1358 647 1397 eas
676 1341 1004 1398 laudandae
1022 1341 1370 1396 necessitate
1387 1356 1449 1396 se
1467 1339 1844 1412 compulsum

189 1435 370 1489 fuisse
405 1430 787 1502 apertissime
811 1430 1132 1501 significat.

255 1527 451 1580 Instat
482 1521 817 1577 Dallaanus
886 1520 1198 1576 defensor:
1259 1519 1521 1591 lgnatius
1580 1519 1844 1575 omnium

197 1615 331 1686 quia
361 1631 399 1669 a
430 1613 566 1668 Caio
585 1615 989 1667 memorantur
1015 1609 1840 1682 antiquioretcelebriorerat:

195 1720 328 1775 ergo
357 1705 434 1758 ab
464 1718 533 1758 eo
555 1699 759 1757 debuit
787 1699 1094 1756 citari.Scd
1120 1700 1265 1756 falsa
1289 1705 1381 1756 est
1408 1716 1474 1755 ex
1520 1716 1656 1756 vero
1687 1705 1846 1756 ante-

196 1795 442 1851 cedente
471 1794 727 1848 deducta
758 1789 1197 1862 consequentia.
1223 1796 1419 1862 Neque
1458 1792 1612 1848 enim
1671 1791 1843 1848 Caius

1957 624 2165 694 Ignatii
2198 622 2474 693 opinione
2534 621 2824 676 recedere.
2887 625 3065 677 Porro
3118 629 3313 679 autem
3356 624 3454 681 ille
3486 627 3608 698 ipse

1954 730 2125 785 quem
2153 713 2400 767 Dallaeus
2449 713 2641 767 virum
2700 729 2947 768 summas
2997 713 3343 771 eruditionis
3390 717 3600 773 merito

1956 803 2242 868 nominat,
2276 803 2497 857 nescire
2531 819 2644 857 non
2679 808 2897 873 poterat
2926 801 3123 874 plures
3153 805 3223 859 ab
3249 803 3417 861 initio
3461 823 3599 862 nas-

1956 891 2142 947 centis
2173 891 2441 946 Ecclesiae
2469 897 2627 947 ortas
2650 891 2917 946 hareses.
2971 896 3332 964 Quapropter
3385 895 3444 949 in
3506 895 3605 952 illo

1956 987 2309 1054 opportuno,
2340 981 2512 1037 sicuti
2545 980 2800 1052 loquitur
2831 980 3100 1049 Dallaaus,
3132 981 3258 1038 loco
3282 999 3396 1038 non
3432 984 3597 1041 aliud

1955 1073 2152 1129 animo
2184 1073 2524 1128 intendebat
2549 1073 2839 1136 Clemens,
2868 1089 3037 1142 quam
3065 1077 3127 1127 ut
3156 1089 3256 1129 eos
3281 1075 3351 1130 de
3383 1076 3602 1146 quibus

1957 1161 2194 1218 disserit
2225 1162 2548 1225 haereticos,
2582 1178 2694 1216 non
2744 1165 2942 1226 tantes,
2997 1165 3280 1232 quantum
3339 1163 3376 1218 ii
3431 1166 3607 1236 jacti-

1955 1253 2182 1320 tabant,
2209 1251 2572 1320 antiquitatis
2597 1251 2781 1306 fuisse
2814 1251 3165 1306 ostenderet.
3204 1253 3289 1306 Ad
3317 1253 3372 1308 id
3408 1260 3604 1310 autem

1955 1341 2323 1414 probandum
2357 1342 2685 1397 necessaria
2720 1358 2830 1396 non
2857 1346 2981 1395 erat
3011 1340 3223 1412 Ignatii
3284 1343 3466 1398 nostri
3500 1360 3602 1399 au-

1955 1433 2214 1486 ctoritas.

2025 1523 2213 1591 Atque
2244 1520 2339 1576 hic
2376 1520 2730 1576 terminatur
2770 1521 3104 1591 negativum
3137 1519 3604 1579 adversariorum

1957 1614 2394 1680 argumentum,
2425 1625 2457 1664 e
2487 1608 2838 1679 scriptorum
2857 1609 2926 1663 de
2962 1608 3169 1680 Ignatii
3226 1609 3492 1680 epistolis
3523 1612 3604 1668 si-

1953 1697 2134 1754 lentio
2167 1699 2409 1770 petitum
2428 1697 2610 1769 ;quod
2638 1713 2847 1767 magno
2896 1698 3131 1768 quidem
3158 1699 3474 1754 verborum
3498 1717 3600 1771 ap-

1956 1787 2456 1860 paratu,miraque
2488 1786 2789 1842 inutilium
2819 1787 3184 1856 argutiarum
3217 1803 3430 1858 pompa
3458 1804 3606 1843 ven-

199 1882 342 1938 dixit
370 1880 1046 1954 sescriptoresomnium
1088 1880 1461 1952 antiquiores
1483 1886 1542 1936 et
1566 1881 1846 1938 celebrio-
1881 1895 1927 1961 Β
1956 1877 2180 1944 ditant;
2209 1877 2309 1932 sed
2351 1875 2511 1930 nullo
2551 1875 2846 1929 rationum
2898 1875 3177 1946 pondere,
3234 1875 3398 1930 nulla
3430 1874 3604 1946 plane

192 1989 278 2028 res
309 1971 682 2044 appellasse;
718 1970 822 2026 sed
851 1992 880 2020 ››
913 1971 1156 2025 fratrum
1184 1971 1568 2041 quorumdam
1604 1971 1845 2043 scripta,

195 2061 452 2118 Victoris
483 2064 650 2116 aetate
680 2059 1074 2130 antiquiora.»
1104 2062 1176 2114 At
1197 2064 1352 2115 certe
1365 2060 1504 2115 data
1533 2075 1710 2132 opera
1752 2060 1852 2116 ad-

196 2151 340 2206 didit
363 2172 397 2202 «
435 2149 830 2220 quorumdam
857 2165 872 2216 ;
903 2170 932 2198 »
959 2153 1022 2204 ut
1053 2149 1162 2204 hoc
1192 2149 1362 2205 verbo
1396 2148 1547 2205 inter
1574 2165 1673 2205 eos
1701 2165 1849 2221 quos

197 2239 417 2302 omisit,
454 2240 656 2311 plures
688 2238 870 2294 fuisse
902 2237 1148 2309 iis,quos
1179 2237 1460 2305 laudavit,
1485 2239 1847 2310 antiquiores

192 2338 245 2389 et
269 2333 648 2400 celebriores,
681 2348 854 2388 nemo
883 2331 1264 2388 inﬂciaretur.
1302 2331 1476 2388 Caius
1518 2332 1696 2404 igitur
1729 2350 1846 2388 non

194 2427 381 2493 magis
413 2423 698 2496 epistolas
729 2423 942 2495 Ignatii
973 2440 1152 2494 quam
1183 2423 1432 2480 aliorum
1464 2423 1844 2496 scripta,qua

189 2531 304 2570 non
335 2513 566 2582 citavit,
592 2512 892 2584 ignorasse
923 2512 1212 2568 dicendus
1239 2517 1351 2568 est.

266 2625 293 2656 ι
326 2603 490 2660 Idem
519 2601 912 2672 judicandum
945 2600 1017 2656 de
1045 2600 1340 2657 Clemente
1369 2600 1776 2672 Alexandrino,
1813 2626 1842 2654 »

185 2691 572 2764 prosequitur
595 2689 845 2746 Dallsaus
895 2691 960 2745 ‘°.
994 2689 1052 2745 Si
1121 2690 1273 2746 idem
1336 2691 1727 2761 judicandum
1773 2694 1844 2749 de

189 2781 510 2846 Clemente,
534 2781 658 2850 jam
694 2779 941 2850 ipsemet
962 2779 1208 2835 Dallzsus
1237 2795 1418 2836 causa
1448 2797 1552 2837 sua
1605 2783 1838 2838 cecidit.

191 2871 392 2942 Ipsum
417 2877 614 2923 tamen
643 2868 972 2925 audiamus.
1001 2868 1094 2924 Ait
1123 2868 1323 2940 itaque
1353 2869 1710 2926 Clementem
1752 2888 1842 2928 ve-

188 2960 581 3014 tustissimum
615 2974 746 3014 esse
776 2963 833 3012 et
867 2959 1278 3015 doctissimum
1339 2961 1586 3016 secundi
1641 2963 1840 3018 seaculi

189 3047 509 3120 praecipitis
538 3048 901 3118 scriptorem.
940 3047 1004 3103 Id
1044 3052 1102 3104 et
1141 3064 1248 3103 nos
1306 3048 1682 3105 verissimum
1713 3068 1841 3108 esse

190 3139 472 3193 dicimus.
498 3137 592 3192 Ait
624 3153 832 3193 rursus
862 3153 994 3193 eum
1031 3154 1134 3208 pro
1164 3136 1460 3194 immensa
1489 3156 1595 3194 sua
1647 3141 1844 3196 erudi-

189 3227 344 3281 tione
370 3227 660 3297 plurimos
692 3234 976 3288 auctores,
1009 3242 1144 3282 cum
1175 3226 1444 3298 gentiles,
1487 3233 1612 3283 tum
1671 3230 1837 3285 Chri-

194 3317 416 3371 stianos
449 3317 670 3386 passim
695 3314 991 3371 laudasse.
1017 3315 1096 3370 De
1121 3317 1437 3387 gentilibus
1469 3317 1703 3387 quidem
1727 3337 1841 3375 non

197 3402 648 3474 refragabimur,
687 3401 791 3456 sed
823 3401 995 3472 longe
1028 3401 1224 3473 plures
1255 3402 1616 3460 Christianos
1674 3407 1745 3460 ab
1777 3423 1843 3462 eo

192 3492 825 3563 praetermissos,quam
859 3491 1071 3547 citatos
1103 3492 1842 3558 contendimus.Quomodo

192 3584 381 3635 tamen
413 3595 679 3650 cumque
710 3593 771 3634 se
803 3595 892 3634 res
924 3578 1290 3648 habeat,quid
1311 3580 1445 3635 inde
1460 3587 1661 3636 contra
1683 3582 1845 3653 lgna-

198 3667 256 3721 tii
287 3668 479 3723 nostri
505 3665 837 3738 epistolas?
866 3689 894 3716 «
931 3665 1118 3734 Certe,
1176 3667 1369 3739 inquit
1421 3668 1690 3737 Dallaaus,
1743 3670 1843 3725 ubi

192 3759 366 3812 tradit
396 3757 805 3812 haereticorum
827 3761 1014 3813 sectas
1041 3757 1278 3814 Adriani
1311 3760 1558 3829 Augusti
1621 3767 1841 3831 tempo-

193 3847 353 3903 ribus
382 3844 716 3902 coalescere
763 3846 1029 3918 cepisse,
1084 3850 1450 3918 Opportunus
1508 3853 1632 3903 erat
1680 3849 1842 3905 locus

188 3937 501 4008 Ignatiaua
532 3935 1063 4002 commemorandi,
1097 3956 1121 3980 υ
1155 3952 1412 4008 quorum
1441 3936 1520 3991 ibi
1541 3954 1610 3992 ne
1641 3939 1844 3992 memi-

189 4029 269 4081 nit
303 4025 732 4098 quidem.Quid
762 4041 899 4096 ergo
925 4024 952 4079 ‘?
985 4026 1223 4091 Quoties
1269 4025 1537 4097 scriptori
1569 4034 1845 4098 opportu-

190 4131 300 4171 nus
363 4115 477 4170 fuit
527 4114 688 4169 locus
741 4112 1042 4186 Ignatiaua
1099 4116 1625 4181 commemorandi,
1673 4117 1842 4173 toties

194 4221 396 4260 eorum
430 4203 482 4259 si
500 4219 614 4258 non
645 4203 1046 4271 meminit,nec
1077 4203 1162 4257 illi
1189 4202 1555 4274 cognita,nec
1586 4204 1658 4259 ab
1681 4205 1843 4275 lgna-

196 4293 274 4348 tio
304 4293 530 4363 scripta
560 4306 686 4345 esse
718 4289 1246 4360 pronuntiabitur?
1281 4289 1427 4346 Mira
1474 4307 1615 4346 sane
1673 4307 1841 4364 argu-

193 4380 494 4438 mentandi
527 4379 815 4436 ratio.Seu
851 4379 1178 4434 mirabilius
1213 4381 1465 4450 profecto
1496 4396 1668 4451 quem
1701 4381 1840 4438 Dal-

190 4470 326 4527 laeus
355 4478 755 4541 opportunum
787 4467 1069 4524 Clementi
1115 4468 1418 4539 Ignatiaua
1478 4487 1839 4527 commemo-

188 4562 353 4616 randi
384 4559 581 4615 locum
613 4558 1015 4629 assignaverit.
1049 4580 1078 4609 ‹‹
1106 4558 1440 4629 Ignatianas
1499 4559 1837 4632 epistolas,»

188 4652 358 4706 verba
390 4648 585 4704 Dallasi
614 4652 773 4716 sunt,
813 4671 833 4697 ι
869 4665 988 4704 suae
1019 4649 1320 4704 traditioni
1354 4660 1747 4722 repugnantes
1787 4651 1838 4708 si
1868 4633 1917 4700 Ῑ)

189 4739 479 4803 scivisset,
501 4737 586 4793 vel
619 4753 717 4794 eas
749 4739 1077 4805 refutasset,
1107 4736 1193 4793 vel
1222 4753 1392 4793 suam
1424 4739 1549 4809 ipse
1585 4740 1836 4797 traditio-

188 4846 316 4885 nem
351 4829 424 4883 ad
457 4843 660 4882 earum
693 4842 961 4882 normam
985 4827 1389 4882 correxisset.»
1406 4827 1628 4884 Novum
1664 4829 1837 4900 plane

183 4922 240 4972 et
267 4916 603 4972 inauditum
636 4914 965 4987 argumenti
997 4914 1244 4987 negativi
1284 4931 1473 4986 genus
1505 4915 1518 4971 l
1551 4916 1832 4990 Nunquid

189 5013 248 5062 ut
271 5004 638 5063 sanctissimi
686 5004 940 5075 alicujus
967 5005 1270 5076 scriptoris
1300 5006 1590 5062 sententia
1612 5007 1836 5064 refella-

185 5102 302 5164 tur,
337 5096 440 5152 ille
458 5094 696 5151 nomlne
717 5111 825 5149 suo
855 5094 1244 5166 appellandus
1272 5101 1362 5152 est
1390 5095 1418 5149 ?
1449 5095 1566 5151 lmo
1600 5103 1664 5152 ut
1694 5115 1836 5170 pru-

188 5187 421 5242 dentius
443 5185 825 5255 securiusque
857 5184 1118 5256 lgnatius
1152 5185 1837 5254 confutaretur,celeber-

186 5275 324 5331 rimo
346 5274 513 5330 illius
535 5273 756 5329 nomini
791 5274 1148 5344 parcendum
1183 5279 1328 5329 erat.

253 5363 471 5419 Saltem
501 5363 772 5420 Clemens
804 5363 874 5417 ad
909 5363 1112 5432 Ignatii
1142 5378 1434 5429 normam,
1481 5369 1651 5437 urget
1705 5367 1836 5422 Dal-

187 5450 744 5516 leus,traditionem
813 5468 981 5507 suam
1042 5452 1410 5508 correxisset.
1469 5452 1668 5525 Neque
1728 5455 1838 5512 hoc

189 5541 376 5614 magis
408 5541 829 5598 necessarium.
863 5539 1056 5598 Potuit
1094 5541 1249 5598 enim
1279 5540 1550 5599 Clemens
1595 5542 1834 5616 alicubi,

323 5709 373 5748 ⁴⁶
397 5724 520 5783 cap.
552 5711 609 5775 9,
644 5727 704 5784 p.
731 5709 860 5770 280.

1959 1968 2150 2022 valida
2169 1971 2229 2022 et
2261 1966 2428 2021 ﬁrma
2451 1964 2790 2036 probatione
2831 1968 3068 2020 tuentur
3123 1979 3190 2019 ac
3247 1965 3598 2021 defendunt.

1959 2059 2077 2114 Nos
2097 2074 2129 2112 e
2157 2055 2450 2112 contrario
2469 2054 2834 2126 argumentis
2863 2053 3328 2120 alﬁrmativis,ab
3351 2056 3603 2128 scripto-

1960 2164 2086 2205 rum
2120 2145 2619 2202 nobilissimorum
2669 2144 3009 2200 auctoritate
3067 2144 3412 2215 désumptis,
3447 2145 3599 2202 hanc

1959 2239 2206 2312 primam
2232 2235 2612 2309 epistolarum
2655 2235 2904 2290 classem
2936 2233 3158 2303 Ignatio
3220 2239 3442 2303 nostro,
3475 2236 3583 2305 uti,

1958 2327 2333 2393 arbitramur,
2367 2322 2747 2381 invictissime
2773 2321 3222 2378 vindicavimus.

2605 2429 2836 2486 CAPUT
2857 2429 2948 2486 XI.

1957 2540 2258 2581 PROBATUR
2286 2539 2354 2578 EX
2387 2537 2530 2578 lPSlB
2560 2537 2842 2577 EPISTOLIS
2864 2535 3144 2576 IGNATIUM
3187 2537 3598 2578 ANTIOCHENUM

2330 2611 2529 2650 ΕΑΒοΜ
2559 2609 2704 2648 VERE
2727 2609 2858 2649 εεεε
2896 2609 3217 2649 ΑυϐΤΟΒΕΜ.

2376 2708 2402 2772 §
2434 2706 2475 2760 Ι.
2497 2704 2751 2758 Primum
2785 2709 3181 2771 argumentum

2023 2818 2136 2870 Has
2167 2830 2338 2887 porro
2371 2811 2578 2884 Ignatii
2602 2809 2879 2883 epistolas
2901 2826 3014 2865 non
3039 2809 3163 2864 sola
3220 2810 3588 2880 praestantis-

1952 2905 2236 2962 simorum
2262 2910 2564 2958 auctorum
2593 2899 2932 2959 testimonia
2963 2899 3072 2970 ipsi
3114 2897 3444 2954 certissime
3476 2901 3594 2956 vin-

1952 2995 2187 3064 dicant;
2221 2993 2318 3048 sed
2355 2993 2618 3064 ipszemet
2647 2990 2823 3045 etiam
2875 2987 3134 3060 epistolae
3185 3005 3248 3043 se
3285 2989 3357 3044 ab
3389 2989 3590 3044 eodem

1951 3079 2324 3137 sanctissimo
2357 3081 2609 3148 martyre
2631 3075 2879 3146 scriptas
2930 3089 3058 3129 esse
3109 3073 3301 3144 palam
3362 3078 3594 3146 aperte-

1950 3187 2060 3241 que
2116 3164 2593 3224 testiﬁcantur.ln
2627 3165 2698 3220 iis
2749 3163 2907 3218 enim
2951 3180 3122 3219 verus
3183 3163 3594 3235 genuinusque

1881 3267 1924 3333 α
1953 3259 2058 3314 viri
2090 3254 2634 3330 apostolici,divino
2683 3254 2816 3324 igne
2865 3252 3239 3318 inflammati,
3298 3256 3474 3324 atque
3518 3252 3591 3308 ad

1951 3347 2294 3420 martyrium
2329 3341 2656 3398 incredibili
2716 3342 2922 3396 ardore
2995 3340 3356 3412 properantis
3405 3341 3592 3414 stylus

1947 3440 2162 3510 ubique
2186 3435 2382 3502 micat,
2443 3437 2502 3488 et
2563 3432 2635 3486 ab
2675 3431 2950 3487 omnibus
3009 3429 3177 3485 facile
3227 3434 3586 3500 agnoscitur.

1950 3528 2154 3584 Modus
2172 3525 2346 3579 etiam
2383 3523 2506 3592 ipse
2524 3538 2638 3594 quo
2666 3521 2868 3575 litterae
2898 3523 3146 3575 exaratis
3179 3524 3593 3589 sunt,errores,

1949 3617 2317 3685 haeresesque
2338 3613 2394 3665 in
2429 3611 2512 3666 eis
2534 3609 3176 3681 impugnataﬁoctrina
3198 3607 3317 3663 sive
3337 3625 3585 3672 morum,

1950 3705 2070 3761 sive
2102 3702 2235 3757 fidei
2267 3699 2606 3755 Christianis
2657 3698 2736 3752 ibi
2783 3697 3018 3762 tradita,
3070 3700 3277 3751 cetera
3334 3696 3588 3767 denique

1948 3795 2145 3851 omnia
2169 3807 2284 3847 non
2319 3788 2500 3843 alium
2520 3803 2692 3858 quam
2734 3785 2925 3840 virum
2987 3786 3140 3839 inter
3187 3784 3590 3854 apostolorum

1948 3880 2267 3952 discipulos
2300 3874 2926 3941 sanctissimum,inter
2955 3871 3355 3928 sanctissimos
3378 3880 3590 3944 marty-

1946 3988 2039 4026 res
2089 3967 2560 4029 celeberrimum,
2638 3961 3222 4017 interceleberrimos
3257 3961 3592 4032 primosque

1947 4059 2211 4117 Ecclesiae
2245 4053 2521 4127 prasules
2554 4051 3134 4125 praestantissimum,
3160 4067 3276 4106 uno
3301 4051 3475 4106 verbo
3497 4050 3588 4121 ip-

1947 4150 2206 4204 summct
2223 4145 2510 4214 Ignatium
2529 4140 3594 4213 designarit,demonstrant,produnt-

1947 4254 2060 4310 que
2095 4231 2484 4292 auctorem.Id
2515 4231 2752 4303 quidem
2782 4229 2953 4297 longa
2976 4229 3311 4284 inductione
3344 4227 3592 4298 probare

1946 4344 2061 4383 non
2095 4321 2659 4396 suscepimus,quod
2693 4318 2834 4384 sols,
2869 4334 3047 4389 quam
3070 4317 3589 4382 dedimus,harum

1946 4416 2328 4489 epistolarum
2385 4410 2609 4483 analysi
2680 4409 2922 4480 planum
2976 4408 3040 4462 fit
3097 4407 3398 4472 omnibus,
3455 4422 3587 4460 om-

1947 4505 2204 4577 ninoque
2235 4501 2632 4575 perspicuum.
2667 4497 3090 4553 Verumtamen
3117 4493 3364 4550 Dallaaus
3389 4493 3450 4547 in
3477 4493 3595 4548 illis

1947 4593 2299 4651 econtrario
2361 4594 2654 4646 auctorem
2713 4587 2935 4658 Ignatio
2991 4585 3164 4656 longe
3213 4582 3592 4654 posteriorem

1945 4700 2072 4741 sese
2102 4679 2560 4753 deprehendisse
2592 4680 2797 4749 putat;
2827 4676 3003 4746 idque
3027 4689 3140 4728 non
3189 4671 3383 4728 minus
3415 4685 3592 4739 quam

1945 4771 2246 4840 sexaginta
2281 4768 2610 4826 rationibus
2659 4767 2905 4837 probare
2994 4766 3260 4818 conatur.
3305 4759 3416 4816 Sed
3456 4775 3592 4815 cum

1947 4863 2211 4936 plurimm
2242 4861 2311 4915 ad
2336 4858 2768 4930 lgnatianarum
2800 4851 3180 4926 epistolarum
3201 4847 3596 4920 interpolatio-

1917 4969 2073 5023 ,nes,
2104 4949 2192 5006 vel
2235 4950 2303 5005 ad
2364 4944 2643 5019 epistolas
2663 4944 2890 5015 lgnatio
2949 4956 3252 5012 perperam
3304 4939 3591 5008 ascriptas

1947 5055 2395 5133 pertineant,his
2427 5050 2930 5125 prmtermissis,ad
2963 5064 3063 5104 eas
3092 5051 3324 5102 tantum
3349 5061 3474 5116 qua:
3515 5045 3588 5100 ad

1947 5149 2131 5205 solam
2167 5145 2549 5219 genuinarum
2602 5140 2759 5195 illius
2809 5139 3135 5193 litterarum
3187 5135 3428 5190 classem
3464 5148 3594 5204 sps-

1945 5242 2130 5308 ctant,
2157 5233 2631 5307 respondendum
2663 5246 2789 5285 esse
2814 5226 3200 5284 credidimus.

2301 5344 2330 5410 §
2361 5339 2433 5396 II.
2467 5337 2777 5396 Secundum
2828 5340 3236 5406 argumentum.

2017 5456 2232 5506 Verum
2268 5455 2400 5502 ante
2427 5445 2627 5502 omnia
2656 5459 2842 5516 operae
2875 5440 3125 5513 pretium
3146 5441 3238 5495 est
3283 5436 3594 5492 observare

1946 5555 2150 5598 omnes
2181 5536 2378 5592 Dallaei
2417 5536 2914 5606 defensorumque
2942 5531 3068 5603 ejus
3107 5526 3491 5600 objectiones,
3523 5540 3593 5581 ex
