4026 6206
209 408 321 466 51⁵1

1169 406 1238 468 D.
1289 409 1623 470 NOURRII
1666 409 2204 471 DlSSERTATIO.
2253 446 2327 457 ——
2374 412 2574 473 PARS
2622 414 2669 473 Ι.

3507 422 3625 483 518

205 544 345 600 Nam
377 544 535 600 idem
566 544 913 601 Valentinus
936 545 1009 601 ab
1041 544 1137 612 iis,
1159 545 1257 618 qui
1292 549 1570 602 lrenamm
1607 563 1848 618 praeces-
1882 549 1932 613 Α
1964 546 2228 616 formam,
2266 550 2708 622 dispositionem
2728 555 2785 607 et
2805 552 3068 609 ordinem
3093 575 3111 622 ς
3133 555 3605 634 quibus,inquit,

204 640 419 701 serant,
446 635 571 704 jam
607 638 794 689 fuerat
824 635 1180 701 confutatus,
1215 641 1280 692 ut
1310 637 1557 707 ipsemet
1607 642 1857 691 [renisus

206 724 413 778 ibidem
452 724 797 779 testificatur
828 723 908 778 ‘0:
961 746 987 773 «
1038 724 1400 796 Quapropter
1463 725 1519 779 hi
1571 724 1669 797 qui
1724 734 1857 780 ante

205 830 311 868 non
349 814 616 879 fuerunt,
651 818 710 869 et
742 813 925 869 multo
958 813 1125 867 nobis
1167 813 1457 885 meliores,
1492 831 1605 869 non
1659 819 1856 869 tamen

204 905 339 958 satis
370 908 697 973 potuerunt
729 903 1126 959 contradicere
1156 903 1272 973 his,
1304 906 1404 975 qui
1437 910 1573 959 sunt
1605 922 1637 959 a
1661 905 1856 961 Valen-

202 996 315 1047 tino
343 1011 359 1061 ;
396 994 542 1064 quia
573 993 923 1064 ignorabant
946 993 1201 1064 regulam
1229 994 1517 1066 ipsorum,
1546 1012 1724 1065 quam
1749 1011 1855 1050 nos

203 1100 326 1138 cum
361 1084 528 1137 omni
564 1083 868 1153 diligentia
894 1084 951 1137 in
980 1084 1168 1155 primo
1189 1083 1338 1140 libro
1364 1084 1466 1139 tibi
1492 1085 1799 1139 tradimus.
1828 1106 1855 1132 »

206 1171 263 1224 Et
294 1171 368 1225 de
402 1171 721 1243 Polycarpo
753 1170 889 1226 alibi
922 1172 1125 1226 scribit
1153 1171 1196 1205 ⁶¹
1224 1189 1236 1227 :
1274 1194 1302 1220 ‹‹
1338 1173 1388 1226 ls
1419 1173 1575 1227 enim
1617 1176 1725 1239 est,
1754 1170 1855 1243 qui

204 1262 303 1314 sub
350 1260 597 1315 Anicato
628 1276 763 1314 cum
797 1261 1126 1315 advenisset
1152 1261 1209 1315 in
1244 1261 1471 1325 urbem,
1526 1260 1740 1316 multos
1786 1276 1856 1314 ex

205 1348 310 1414 his,
372 1366 528 1421 quos
581 1349 977 1419 prmdiximus,
1043 1349 1365 1416 hereticos,
1402 1371 1429 1397 »
1478 1348 1853 1404 Valentinum

204 1455 410 1510 nempe
432 1445 495 1493 et
516 1438 894 1505 Marcionem,
913 1461 942 1489 «
966 1440 1246 1494 convertit
1264 1439 1319 1493 in
1340 1438 1658 1494 Ecclesiam
1683 1439 1804 1494 Dei.
1824 1460 1853 1489 »

212 1529 411 1585 Utrum
450 1533 646 1582 autem
684 1529 785 1581 diu
817 1536 946 1582 ante
978 1533 1239 1599 tempora
1270 1528 1477 1600 Hygini
1513 1528 1854 1584 Valentinus

205 1628 506 1698 incoeperit
538 1642 707 1680 suam
753 1626 1045 1696 publicare
1095 1626 1379 1695 haeresim,
1432 1626 1577 1681 nihil
1624 1643 1657 1680 a
1708 1643 1855 1697 quo-

209 1732 380 1788 quam
412 1715 821 1770 indubitatum
854 1716 1030 1770 statui
1071 1732 1326 1786 unquam
1361 1716 1568 1786 potuit.

278 1809 501 1875 Urgent
539 1810 735 1859 tamen
784 1820 853 1859 ex
901 1805 1073 1860 citato
1124 1804 1357 1860 Eusebii
1405 1805 1689 1861 Chronico
1738 1809 1852 1861 Va-

210 1894 490 1950 lentinum
524 1909 678 1947 anno
710 1899 939 1948 tantum
966 1894 1067 1947 146
1088 1893 1371 1990 agnitum.
1399 1895 1543 1965 Ergo
1562 1894 1850 1990 inferunt,
1887 1925 1932 1990 Β

209 1990 373 2040 antea
394 1999 500 2039 nec
522 1983 759 2055 agnitus
786 1991 925 2052 erat,
945 1999 1048 2038 nec
1072 1982 1314 2055 proinde
1336 1999 1475 2039 suos
1499 1982 1661 2038 ullibi
1698 2000 1858 2055 spar-

212 2079 361 2130 serat
390 2089 644 2130 errores.
679 2073 786 2128 Sed
820 2074 1089 2144 quamvis
1121 2073 1241 2128 haec
1272 2088 1339 2128 ex
1373 2090 1437 2129 eo
1488 2089 1694 2145 urgere
1743 2089 1858 2129 non

212 2164 485 2220 deberent
517 2162 823 2229 Chronico,
857 2162 912 2217 in
947 2179 1063 2234 quo
1095 2162 1305 2218 menda
1335 2179 1461 2218 esse
1502 2162 1856 2235 pradicant;

213 2254 461 2309 dicimus
496 2256 695 2308 tamen
732 2252 789 2307 in
842 2252 1251 2323 hujuscemodi
1302 2251 1540 2325 scriptis
1586 2253 1855 2319 verbum,

208 2346 546 2414 agnoscitur,
581 2358 697 2397 non
730 2341 811 2396 ita
841 2341 1244 2414 accipiendum
1288 2358 1435 2407 esse,
1469 2358 1535 2397 ac
1583 2341 1631 2396 si
1688 2358 1862 2397 mun-

209 2449 383 2505 quam
418 2436 595 2487 antea
624 2431 935 2487 haereticus
967 2430 1063 2486 ille
1096 2448 1127 2485 a
1147 2446 1439 2503 quoquam
1462 2429 1696 2502 agnitus
1726 2430 1864 2486 fuis-

211 2526 336 2577 set:
370 2522 476 2576 sed
513 2520 664 2575 nihil
696 2519 851 2575 aliud
913 2518 1265 2591 significare,
1318 2535 1495 2592 quam
1546 2518 1712 2575 illum
1761 2518 1859 2589 qui

210 2612 485 2682 privatim
530 2615 588 2666 et
638 2611 857 2666 sensim
909 2611 1035 2666 sine
1084 2626 1257 2665 sensu
1305 2626 1566 2666 errorum
1620 2626 1859 2665 suorum

202 2716 426 2755 venena
487 2700 652 2771 prius
706 2698 1135 2771 pr0pinaverat,
1189 2700 1312 2769 jam
1371 2697 1743 2771 apertissime
1795 2714 1862 2754 ea

208 2794 582 2861 spargentem
616 2788 689 2844 ab
722 2789 997 2844 omnibus
1038 2788 1326 2860 agnitum.

291 2882 376 2947 At,
410 2880 711 2951 inquiunt,
746 2879 1112 2945 Valentinus,
1140 2882 1285 2933 teste
1316 2876 1699 2944 Tertulliano,
1750 2876 1861 2932 sub

205 2984 490 3039 supremo
521 2966 829 3022 Eleutherii
872 2966 1236 3038 pontificatu,
1266 2965 1327 3020 id
1357 2971 1466 3031 est,
1501 2974 1558 3019 ut
1584 2964 1859 3030 diximus,

204 3057 375 3111 circa
436 3072 647 3110 annum
712 3056 834 3123 180,
890 3056 1079 3111 Rome
1128 3055 1320 3110 adhuc
1367 3055 1858 3110 commorabatur.

203 3147 381 3203 Unde
414 3147 769 3203 concludunt
799 3146 964 3202 illum
999 3147 1205 3219 Ignatii
1255 3152 1515 3217 tempore
1563 3155 1663 3201 aut
1710 3145 1864 3202 inter

204 3238 394 3302 vivos,
421 3243 520 3291 aut
550 3236 753 3292 saltem
785 3236 937 3292 inter
988 3254 1191 3306 pravos
1230 3236 1552 3291 haereseum
1597 3236 1861 3291 doctores

1963 642 2020 692 et
2040 646 2187 692 secta
2214 640 2342 710 ejus
2366 658 2398 694 a
2424 642 2645 697 caeteris
2664 642 2938 697 omnibus
2962 649 3113 699 recte
3136 646 3409 705 distincta
3431 657 3539 719 est,
3564 659 3622 707 et

1964 725 2061 781 ille
2094 729 2164 781 ab
2198 728 2413 783 Irenaeo
2439 730 2569 798 jure
2603 733 2849 787 traditur
2893 731 2960 800 ⁵³,
3012 734 3284 806 antiquas
3334 738 3391 792 in
3440 756 3614 795 suum

1964 815 2354 872 characterem
2392 821 2782 876 transtulisse.
2826 823 2930 877 Sed
2967 839 3255 894 quaenam,
3286 828 3497 883 amabo
3539 834 3613 892 te.

1963 909 2053 960 est
2084 905 2181 960 illa
2211 906 2517 962 Valentina
2549 909 2741 964 forma
2762 910 2789 964 ‘i
2816 910 2941 965 Non
2966 928 3032 966 ea
3053 914 3287 982 quidem
3312 916 3425 971 sita
3448 918 3615 973 estin

1962 995 2173 1062 verbis,
2206 994 2349 1064 Nus,
2387 997 2587 1066 Logos,
2621 997 2707 1053 vel
2741 998 2911 1071 Sige;
2945 1002 3420 1072 quandoquidem
3453 1027 3481 1054 κ
3516 1005 3614 1060 Pa-

1965 1088 2111 1139 trem
2146 1085 2438 1153 innatum,
2474 1086 2663 1157 inquit
2694 1088 2938 1143 Dallaaus
2963 1088 3033 1154 ⁵⁸,
3065 1096 3121 1145 et
3142 1092 3295 1161 Nun,
3327 1098 3385 1148 et.
3418 1098 3609 1167 Logon

1965 1176 2112 1244 apud
2149 1175 2481 1244 Basilitlem,
2512 1183 2569 1231 et
2613 1178 2777 1247 Sigen
2823 1180 2974 1248 apud
3030 1181 3418 1252 Antiphauem
3475 1200 3609 1255 poe-

1965 1270 2080 1318 tam
2141 1264 2393 1319 invenio.
2454 1288 2483 1315 »
2542 1266 2813 1329 Quisnam
2872 1273 2962 1322 est
3013 1284 3150 1339 ergo
3207 1268 3312 1324 illa
3366 1271 3552 1326 forma
3586 1273 3614 1327 ?

1963 1374 1989 1401 (ι
2013 1356 2202 1423 Logon
2246 1370 2275 1407 e
2314 1352 2445 1423 Sige
2470 1360 2689 1421 ortum,
2708 1356 3078 1427 prosequitur
3100 1356 3349 1413 Dallieus
3372 1360 3437 1425 ⁸⁸,
3454 1361 3612 1431 apud

1964 1445 2239 1495 neutrum
2274 1442 2525 1497 invenio.
2560 1443 2637 1497 Ea
2669 1460 2862 1498 rerum
2897 1444 3206 1515 dispositio
3237 1449 3393 1518 apud
3429 1466 3612 1505 unum

1960 1529 2337 1584 Valentinum
2365 1532 2610 1602 ejusque
2640 1531 2963 1603 discipulos
2994 1538 3200 1589 exstat.
3231 1555 3258 1587 ιο

2033 1618 2141 1672 Sed
2176 1618 2427 1674 Dallaaus
2457 1636 2526 1675 ea
2558 1620 2832 1691 profecto,
2863 1639 2989 1692 quas
3011 1624 3182 1693 paulo
3214 1635 3342 1696 post
3366 1627 3614 1699 ipsemet

1961 1706 2184 1773 retulit,
2219 1708 2416 1763 Irenaei
2458 1709 2633 1763 verba
2665 1725 2781 1763 non
2811 1712 2955 1765 satis
2988 1718 3207 1769 attente
3227 1713 3468 1786 legerat.
3490 1720 3611 1773 Ire-

1961 1811 2120 1850 naaus
2150 1798 2365 1852 etenim
2399 1797 2475 1852 ibi
2510 1799 2580 1852 de
2602 1797 2933 1870 Antiphane
2966 1808 3130 1871 poeta
3153 1804 3236 1858 sic
3282 1805 3612 1861 disserit“:

1970 1904 1993 1935 ι
2035 1883 2192 1940 Unde
2224 1889 2278 1940 et
2309 1885 2442 1957 ipsi,
2476 1885 2895 1955 Valentiniani,
2919 1891 3031 1944 sibi
3055 1900 3425 1949 assumentes
3448 1895 3614 1951 fabu-

1970 1971 2248 2029 lam.......
2282 1975 2651 2031 solummodo
2684 1977 3059 2034 demutantes
3105 1996 3305 2036 eorum
3358 1983 3614 2053 nomina,

1969 2060 2228 2133 idipsum
2261 2067 2456 2119 autem
2489 2064 2894 2122 universorum
2928 2070 3325 2138 generationis
3357 2072 3614 2140 initium,

1969 2156 2025 2206 et
2055 2152 2430 2209 emissionem
2471 2156 2862 2225 ostendentes,
2916 2174 3016 2229 pro
3068 2165 3232 2215 nocte
3277 2165 3334 2216 et
3382 2161 3613 2219 silentio

1970 2241 2181 2298 Bitbon
2211 2246 2269 2298 et
2296 2243 2469 2314 Sigen
2502 2245 3078 2303 nominantes.........
3110 2264 3174 2303 ac
3210 2266 3312 2321 pro
3336 2252 3538 2321 primis
3560 2256 3618 2307 et

1974 2330 2244 2387 maximis
2275 2328 2388 2388 diis
2418 2349 2612 2388 aaonas
2644 2335 3060 2405 formaverunt,
3093 2345 3142 2390 et
3190 2355 3294 2409 pro
3340 2341 3618 2396 secundis

1970 2419 2084 2475 diis
2113 2437 2261 2486 eam,
2295 2438 2421 2493 qua
2447 2427 2605 2478 extra
2635 2422 2971 2494 pleromatis
3006 2424 3267 2496 ipsorum
3316 2433 3615 2497 enarrant,

1971 2509 2439 2581 dispositionem.
2474 2532 2503 2562 ››
2536 2512 2684 2577 Quid
2715 2529 2850 2568 vero
2881 2517 3028 2583 quod
3077 2514 3461 2572 Valentiniani
3510 2519 3616 2574 has

1974 2599 2301 2672 primorum
2334 2600 2575 2657 deorum
2608 2618 2673 2657 ac
2704 2619 2929 2658 mnuum
2973 2606 3398 2675 generationes,
3446 2608 3623 2663 emis-

1972 2691 2168 2747 siones
2199 2696 2256 2747 et
2288 2700 2451 2747 ortus
2480 2709 2595 2747 non
2628 2710 2660 2747 a
2682 2694 2924 2765 paganis
2946 2699 3196 2761 tantum,
3221 2697 3319 2751 sed
3344 2696 3521 2753 etiam
3545 2698 3616 2754 ab

1972 2778 2284 2850 hmreticis,
2317 2781 2519 2837 eodem
2549 2783 2765 2838 Irenaeo
2798 2787 2965 2851 teste,
2998 2783 3443 2841 delibaverant?
3492 2786 3621 2857 Ipse

1971 2870 2129 2927 enim
2161 2871 2333 2943 paulo
2364 2889 2541 2943 supra
2565 2872 2797 2945 scriptis
2826 2873 3182 2931 tradiderat:
3206 2896 3236 2925 κ
3273 2878 3397 2931 Ηωο
3419 2882 3617 2933 autem

1972 2978 2099 3032 quis
2133 2963 2289 3018 dicta
2319 2972 2457 3019 sunt
2478 2965 2546 3018 de
2568 2980 2744 3019 sensu
2768 2965 3128 3035 emissionis,
3151 2966 3423 3024 similiter
3440 2974 3499 3024 et
3516 2970 3619 3024 ad-

1974 3068 2174 3108 versus
2203 3068 2325 3119 eos,
2356 3051 2456 3123 qui
2488 3070 2521 3107 a
2551 3052 2802 3108 Basilide
2834 3063 2992 3119 sunt,
3036 3056 3315 3112 adversus
3365 3057 3620 3129 reliquos

1974 3140 2303 3207 Gnosticos,
2327 3158 2360 3196 a
2391 3142 2607 3212 quibus
2643 3142 2695 3196 bi
2730 3142 2898 3196 initia
2922 3143 3304 3199 emissionem
3329 3145 3621 3218 accipien-

1976 3236 2084 3296 tes,
2115 3252 2144 3280 »
2175 3235 2284 3285 etc.
2318 3231 2491 3302 Atqui
2517 3229 2645 3286 illas
2675 3231 2824 3287 inter
2846 3232 3087 3287 deorum
3112 3250 3175 3289 ac
3202 3251 3431 3290 (sonum
3453 3237 3632 3293 emis-

212 3343 329 3383 non
364 3327 629 3397 potuisse
661 3327 1051 3381 annumerari.
1091 3326 1201 3380 Sed
1236 3325 1293 3381 in
1329 3324 1669 3381 Tertulliani
1696 3325 1858 3380 libris
1901 3300 1944 3367 (αἶ
1975 3319 2190 3386 siones,
2223 3320 2341 3375 sive
2375 3321 2612 3391 primas,
2647 3320 2765 3377 sive
2808 3323 3122 3389 secundas,
3173 3324 3372 3379 debuit
3420 3326 3624 3397 procul

205 3416 617 3471 describendis
648 3421 905 3471 erratum
938 3415 1067 3479 fuit,
1100 3415 1186 3471 vel
1219 3415 1343 3485 ipse
1372 3431 1596 3471 errasse
1618 3431 1860 3469 censen-

206 3508 313 3562 dus
343 3513 458 3561 est.
494 3504 745 3561 Irenaeus
797 3505 1013 3576 quippe
1065 3504 1551 3577 diligentissimus
1599 3521 1858 3559 errorum

208 3597 502 3652 Valentini
548 3596 950 3667 investigator,
987 3596 1043 3649 in
1085 3612 1213 3662 suo,
1266 3611 1441 3666 quem
1497 3596 1607 3649 sub
1656 3595 1858 3649 eodem

207 3686 540 3742 Eleutherio
574 3700 808 3739 summo
842 3685 1109 3757 pontiﬁce
1131 3686 1481 3755 composuit,
1508 3684 1678 3751 libro,
1703 3700 1864 3739 asse-

208 3782 364 3832 verat
396 3774 775 3830 Valentinum
810 3775 1218 3829 tantummodo
1251 3790 1436 3845 usque
1465 3775 1536 3829 ad
1558 3773 1860 3829 Anicetum

204 3872 444 3938 tempus
480 3864 680 3919 Romae
712 3880 1075 3936 prorogasse,
1105 3863 1163 3919 id
1195 3868 1283 3919 est
1314 3881 1426 3919 non
1479 3862 1711 3931 vixisse,
1763 3867 1865 3917 aut

204 3956 280 4010 ibi
311 3972 432 4010 non
468 3953 870 4024 comparuisse
901 3952 1173 4022 amplius.
1207 3952 1354 4007 Huic
1398 3952 1591 4008 Irenaai
1633 3962 1862 4008 senten-

203 4045 293 4097 tiae
338 4041 703 4112 subscripsit
746 4042 1051 4108 Eusebius,
1106 4042 1358 4114 scriptor
1405 4041 1860 4098 oculatissimus.

206 4136 280 4187 Bx
313 4134 543 4204 quibus
575 4135 729 4185 recte
760 4129 1134 4187 concluditur
1158 4132 1471 4186 obscurum
1499 4147 1648 4197 esse,
1682 4130 1864 4185 omni-

208 4238 397 4294 noque
457 4221 749 4275 incertum
810 4236 951 4274 num
1011 4218 1358 4275 Valentinus
1423 4218 1631 4290 Ignatii
1683 4218 1863 4273 nostri

205 4316 468 4383 tempore
502 4323 730 4364 errores
763 4308 991 4379 aliquos
1023 4325 1135 4364 non
1170 4309 1453 4379 sparserit
1479 4307 1537 4363 in
1561 4308 1790 4379 vulgus.

341 4404 371 4471 ς
402 4403 503 4456 IV.
543 4398 954 4455 Valentinianus
1001 4398 1150 4454 hunc
1177 4398 1241 4454 de
1270 4398 1395 4469 Sige
1421 4412 1662 4454 errorem
1691 4414 1724 4452 a

749 4487 1011 4544 Gnostici:
1063 4486 1329 4543 hausisse.

278 4583 385 4634 Fac
404 4584 607 4633 tamen
630 4578 1003 4634 Valentinum
1021 4576 1240 4648 Ignati’o
1262 4576 1440 4631 fuisse
1461 4575 1862 4647 posteriorem,

1974 3412 2153 3466 dubio
2184 3427 2310 3466 esse
2344 3411 2525 3482 Logos
2553 3427 2581 3466 e
2614 3411 2747 3483 Sige
2800 3418 2985 3469 ortus.
3042 3412 3427 3470 Valentiniani
3482 3431 3620 3489 ergo

1972 3500 2136 3555 illum
2172 3500 2351 3569 Logos
2384 3504 2574 3554 ortum
2611 3515 2725 3555 non
2757 3516 2927 3556 secus
2967 3517 3033 3557 ac
3086 3502 3339 3573 reliquas
3379 3504 3619 3561 deorum

1973 3606 2213 3644 suorum
2247 3588 2593 3644 emissiones
2615 3590 2684 3644 ab
2703 3589 2955 3645 ethnicis
2976 3595 3150 3661 atque
3172 3591 3461 3647 haereticis
3487 3609 3616 3649 mu-

1976 3676 2122 3732 tuati
2156 3681 2315 3731 sunt.

2047 3776 2243 3846 Neque
2274 3791 2405 3830 vero
2437 3774 2515 3830 ibi
2549 3776 2706 3831 sistit
2734 3779 3009 3841 Irenaeus,
3041 3777 3138 3832 sed
3173 3777 3298 3847 ipse
3324 3778 3523 3834 eodem
3560 3779 3618 3835 in

1972 3865 2100 3921 loco
2132 3864 2357 3920 addidit
2385 3882 2398 3918 :
2438 3887 2465 3915 «
2498 3870 2573 3919 De
2593 3882 2660 3921 ea
2680 3876 2874 3920 autem
2895 3882 3024 3936 quae
3047 3872 3228 3921 estex
3253 3866 3341 3923 his
3361 3870 3622 3925 secunda

1972 3954 2288 4012 emissione
2322 3953 2577 4009 hominis
2607 3958 2663 4009 et
2700 3953 2966 4010 Ecclesiae
3006 3954 3115 4024 ipsi
3166 3961 3361 4025 patres
3415 3972 3618 4013 eorum

1974 4043 2119 4099 falso
2177 4041 2572 4114 cognominati
2634 4040 2892 4097 Gnostici
2944 4041 3291 4113 impugnant
3337 4042 3618 4100 adversus

1972 4132 2239 4199 invicem,
2272 4148 2380 4187 sua
2406 4130 2639 4202 prOpria
2668 4128 3050 4196 vindicantes,
3072 4135 3128 4185 et
3160 4129 3346 4186 malos
3381 4132 3535 4188 fures
3558 4149 3622 4189 se

1972 4238 2101 4278 esse
2130 4220 2559 4277 convincentes.
2597 4241 2623 4269 »
2656 4219 2803 4286 Quid
2835 4233 3030 4275 autem
3074 4219 3193 4274 haec
3241 4221 3417 4277 verba
3460 4222 3622 4278 aliud

1975 4311 2329 4383 significant,
2357 4325 2534 4380 quam
2587 4308 3121 4365 Valentinianorum
3182 4316 3377 4380 patres
3439 4312 3622 4368 fuisse

1975 4402 2280 4457 Gnosticos
2312 4418 2344 4457 a
2375 4400 2592 4472 quibus
2640 4399 2727 4455 illi
2778 4416 2893 4455 non
2945 4400 3197 4470 primam
3254 4400 3468 4467 solum,
3520 4403 3622 4457 sed

1972 4491 2146 4546 etiam
2169 4490 2323 4546 enim
2343 4491 2414 4545 ob
2440 4505 2676 4545 causam
2698 4488 2825 4560 puri
2849 4489 3110 4560 merique
3129 4488 3387 4544 Gnostici
3430 4488 3627 4544 Valen-

1972 4582 2161 4636 tinum
2194 4581 2439 4650 ejusque
2470 4585 2805 4646 sectatores,
2837 4594 2904 4633 eo
2940 4578 3090 4648 quod
3124 4578 3182 4631 in
3214 4582 3445 4647 patrum
3479 4594 3622 4632 suo-

204 4671 346 4740 quid
384 4669 527 4723 inde
576 4675 777 4724 contra
825 4666 1185 4724 sanctissimi
1236 4667 1510 4738 martyris
1560 4665 1860 4738 epistolas,
1895 4666 1942 4728 D
1972 4686 2102 4725 rum
2149 4667 2415 4723 doctrina
2470 4674 2522 4722 et
2581 4666 2811 4738 placitis
2868 4664 3121 4737 plurima
3176 4664 3618 4734 immutassent,

203 4762 257 4814 si
293 4759 646 4817 Valentinus
677 4760 827 4815 hanc
859 4759 929 4815 de
972 4759 1122 4831 Logo
1156 4776 1189 4813 a
1240 4758 1372 4830 Sige
1421 4762 1545 4813 orto
1595 4756 1859 4813 haeresim

198 4850 275 4904 ad
342 4850 631 4905 hareticis
686 4848 1103 4904 vetustioribus
1149 4847 1366 4914 hausit,
1418 4863 1595 4918 quam
1651 4846 1707 4901 in
1777 4846 1862 4900 eis

200 4940 455 4995 damnat
488 4940 748 5011 Ignatius
774 4938 803 4994 ?
832 4939 1107 4995 Concedit
1146 4948 1335 4993 autem
1387 4936 1641 5006 Dalleus,
1695 4936 1778 4991 uti
1832 4953 1865 4991 a

198 5030 383 5084 nobis
405 5046 587 5101 supra
603 5030 972 5085 observatum
995 5027 1167 5094 est“,
1188 5049 1207 5075 ι
1231 5029 1421 5099 ipsam
1445 5042 1637 5082 rerum
1658 5028 1862 5082 silvam

200 5126 388 5191 atque
421 5118 747 5186 materiam,
781 5135 850 5174 ex
871 5136 990 5189 qua
1012 5116 1355 5172 Valentinus
1378 5134 1485 5172 sua
1506 5117 1863 5188 composuit,

193 5212 327 5280 jam
363 5208 521 5279 apud
553 5208 918 5273 vetustiores,
956 5206 1167 5279 partim
1207 5205 1516 5262 Gnosticos
1539 5204 1862 5270 haereticos,

201 5299 428 5371 partim
445 5299 620 5353 etiam
642 5302 973 5367 poetas,aut
993 5296 1374 5367 philosophos
1386 5296 1648 5351 ethnicos
1665 5296 1863 5350 fuisse.

201 5388 359 5453 Quid
412 5403 546 5453 ergo
606 5386 737 5441 novi
799 5384 1037 5456 protulit
1093 5383 1480 5440 Valentinus?
1537 5384 1870 5456 Respondet

204 5477 465 5532 Dallaaus
486 5474 656 5530 illum
689 5474 826 5530 huic
857 5473 1015 5529 silvas
1037 5489 1102 5529 ac
1130 5472 1381 5529 materiis
1404 5489 1612 5529 novam
1636 5473 1868 5529 dedisse

206 5737 337 5794 cap.
371 5720 429 5774 5.

1974 4782 2003 4811 α
2018 4757 2200 4814 malos
2219 4758 2365 4812 feres
2387 4772 2515 4813 esse
2536 4778 2565 4806 ››
2581 4756 3021 4811 convinc’ebaut.
3039 4754 3252 4809 Contra
3270 4770 3402 4809 vero
3421 4753 3596 4809 Valen
3610 4784 3625 4796 -

1970 4847 2176 4904 tiniani
2234 4845 2365 4901 illos
2419 4845 2511 4900 sui
2572 4846 2852 4916 temporis
2916 4843 3223 4899 Gnosticos
3281 4844 3621 4899 earumdem

1972 4936 2322 4993 incusabant
2352 4934 2853 4989 immutationum.
2886 4934 3006 4997 Quo
3055 4942 3206 4988 certe
3255 4949 3322 4989 ex
3376 4933 3623 4988 dissidio

1974 5032 2148 5097 atque
2189 5022 2467 5080 conﬂictu
2517 5025 2712 5092 aperte
2759 5020 3053 5093 colligitur
3095 5025 3375 5092 utrosque
3424 5025 3479 5074 et
3528 5036 3627 5075 va-

1974 5112 2351 5170 lentinianios
2380 5115 2437 5166 et
2466 5110 2814 5182 posteriores
2845 5110 3151 5166 Gnosticos
3208 5110 3279 5164 ab
3325 5108 3627 5179 antiquio-

1976 5204 2136 5259 ribus
2167 5200 2459 5258 Gnosticis
2492 5216 2605 5256 non
2638 5198 2847 5255 silvam
2880 5199 3161 5254 duntaxat
3191 5202 3247 5252 et
3290 5198 3622 5264 materiam,

1975 5294 2075 5349 sed
2108 5293 2350 5348 deorum
2402 5305 2743 5359 annumque
2795 5294 2958 5345 ortus
3018 5287 3286 5343 hausisse
3340 5290 3396 5341 et
3441 5284 3619 5341 emis-

1976 5397 2740 5540 81()lgtfsspondetDallaaanus
2800 5466 3070 5522 defensor
3118 5481 3230 5521 non
3288 5464 3622 5536 Gnosticos,

274 5649 322 5684 ⁸⁸
354 5648 590 5708 Prolog.
620 5645 682 5702 in
712 5644 810 5701 lib.
843 5662 903 5701 ιν
931 5644 1054 5700 adv.
1095 5644 1313 5700 Valent.
1388 5641 1432 5677 ⁵⁵
1466 5642 1569 5698 lib.
1611 5658 1674 5697 ιιι
1724 5641 1853 5697 adv.
1908 5596 2277 5708 Valentdcap.
2309 5635 2364 5690 3.
2430 5633 2482 5669 ⁵³
2530 5649 2664 5708 pag.
2716 5634 2839 5692 303.
2900 5632 2948 5671 ⁵³
2994 5633 3097 5691 lib.
3127 5650 3149 5692 ι
3197 5636 3319 5693 adv.
3386 5635 3628 5707 Valent,

506 5663 590 5753 ἒξ.
620 5663 682 5702 ιι)
713 5663 810 5701 ιιι).
843 5663 903 5701 ιν
931 5663 1054 5700 aav.
1084 5663 1313 5728 .vatenr.
1340 5713 1350 5725 .
1388 5663 1432 5677 "
1468 5663 1569 5698 llD.
1612 5663 1674 5697 ιιι
1724 5663 1853 5697 aav.
1911 5663 2116 5697 ﬂuam.
2152 5663 2177 5692 υ

573 5735 705 5792 pag.
738 5718 863 5774 303.
938 5717 985 5753 ⁵⁸
1014 5717 1161 5773 Ibid.
1236 5715 1283 5750 ⁵⁸
1314 5714 1418 5772 lib.
1450 5731 1494 5770 ιι
1523 5713 1625 5770 adv
1662 5714 1897 5783 Valent.,
1928 5728 2056 5784 cap.
2090 5709 2177 5766 19.
