4026 6206
3311 32 3430 58 "rw
3437 32 3882 72 «ετξ-*Μετ’

416 421 535 480 519
1487 411 1551 470 S.
1598 408 1998 470 IGNATIUS.
2048 440 2124 456 —
2167 412 2774 474 PROLEGOMENA.
3649 428 3756 486 520

418 556 520 612 sed
552 550 844 610 Valentini
877 545 1199 617 discipulos
1228 543 1338 599 has
1363 541 1764 598 doctrinarum
1817 557 2058 596 suarum
2087 543 2143 611 Α
2172 542 2376 598 dictis:
2415 565 2444 595 «
2477 545 2724 602 Verbum
2757 562 2789 602 a
2817 545 3052 602 silentio
3086 549 3460 619 progrediens,
3489 575 3516 604 »
3557 571 3751 629 praepo-

420 645 533 701 sibi
564 643 808 698 invicem
855 637 1234 708 exprobrasse
1265 639 1324 688 et
1354 632 1638 702 obiecisse
1688 632 2058 687 mutationes.
2174 642 2410 698 nuntur,
2436 651 2502 688 ea
2521 651 2651 689 cum
2677 634 3214 691 Valentiniauorum
3235 639 3524 708 erroribus,
3548 644 3752 714 fabulis,

417 736 525 789 Sed
577 734 772 803 ipsum
828 743 1054 790 eorum,
1100 741 1228 796 quae
1273 739 1404 780 cum
1449 722 1657 778 Dallazo
1710 721 1880 794 paulo
1931 727 2064 777 ante
2172 724 2228 775 et
2266 720 2608 780 deliratione
2664 725 2903 780 omnino
2962 725 3246 781 cohaerere
3299 729 3632 798 ostenderet;
3675 733 3759 790 ille

418 824 658 889 dixerat,
691 820 996 890 Oportebat
1035 831 1165 871 esse
1225 828 1562 869 memorem.
1607 811 1750 867 Nam
1802 809 1896 866 ille
1948 827 2061 866 non
2170 813 2370 865 tamen
2401 811 2472 866 de
2504 813 2790 884 praecipuo
2814 815 2965 886 quod
3000 814 3216 870 ibidem
3245 816 3314 871 ab
3346 817 3548 887 lgnatio
3575 825 3760 878 tracta-

416 926 586 965 secus
643 924 709 964 ac
759 906 1006 963 Dallaeus
1055 903 1429 960 Valentinum
1492 902 1679 957 Romae
1745 899 2064 956 Eleutherii
2173 902 2672 972 tur,argumento,
2696 901 2976 958 nimirum
3001 905 3174 960 vitam
3195 910 3758 968 nostram-secundum

415 1000 580 1068 Papa
613 1005 892 1068 tempore,
925 1013 1036 1066 quo
1075 996 1325 1050 [renisus
1357 993 1534 1061 hunc,
1567 1009 1740 1064 quem
1786 993 2059 1060 citamus,
2171 987 2543 1045 Judaismum
2579 1011 2608 1041 »
2645 1008 2758 1047 non
2816 1009 2946 1048 esse
3003 993 3435 1063 instituendam,
3489 1014 3554 1053 ne
3604 999 3762 1055 ullum

412 1087 632 1143 librum
660 1087 860 1153 edidit,
895 1089 1320 1142 commoratum
1372 1083 1550 1138 fuisse
1601 1082 2061 1154 pertinacissime
2173 1078 2412 1149 quidem
2444 1081 2679 1136 verbum
2713 1081 2864 1138 fecit.
2901 1083 3055 1139 Unde
3084 1100 3220 1155 ergo
3252 1089 3365 1140 tam
3399 1084 3568 1141 altum
3597 1088 3766 1146 Danai

413 1183 729 1235 asseverat.
764 1175 939 1247 Atqui
969 1175 1018 1230 si
1052 1175 1302 1229 [renisus
1345 1189 1410 1228 eo
1459 1172 1518 1226 in
1570 1171 1720 1227 libro
1765 1172 2059 1228 memoria:
2172 1166 2665 1240 defensorumque
2695 1172 2821 1240 ejus
2869 1171 2975 1226 hac
3029 1173 3100 1227 de
3143 1189 3201 1228 re
3248 1171 3576 1230 silentium?
3616 1177 3762 1234 Nulla

411 1268 669 1342 prodidit
700 1265 1118 1334 discipulorum
1151 1261 1435 1317 Valentini
1472 1269 1663 1332 patres
1694 1259 1872 1316 fuisse
1913 1260 2060 1317 alios
2171 1262 2326 1312 certe
2355 1257 2472 1312 alia
2503 1257 2661 1315 illius
2691 1276 2870 1315 causa
2910 1260 3038 1330 fuit,
3068 1261 3183 1318 nisi
3233 1261 3370 1334 quia
3417 1263 3764 1321 Valentiniani

299 1408 306 1413 .
409 1357 675 1429 ejusdem
725 1352 1019 1409 Valentini
1071 1351 1416 1420 discipulos,
1467 1349 1546 1404 ita
1601 1353 1665 1404 ut
1712 1347 2059 1405 Valentinus
2174 1344 2279 1400 hoc
2310 1346 2381 1402 de
2412 1353 2755 1419 argumento
2785 1351 2984 1406 eadem
3047 1367 3112 1407 ac
3170 1351 3449 1423 Ignatius,
3501 1354 3764 1426 ceterique

408 1451 653 1518 nepotes
687 1449 826 1500 tunc
852 1443 1110 1510 haberet,
1144 1441 1214 1496 de
1243 1441 1418 1496 variis
1449 1439 1724 1496 doctrinae
1755 1456 1894 1506 suae,
1929 1456 2056 1512 quae
2171 1450 2374 1491 omnes
2423 1437 2726 1493 orthodoxi
2786 1440 3088 1494 sentirent.
3146 1440 3280 1496 Jam
3337 1457 3467 1497 vero
3520 1459 3640 1498 cum
3693 1461 3770 1500 res

408 1536 480 1591 ab
531 1535 614 1589 eis
676 1534 836 1588 factae
895 1533 1146 1596 fuerant,
1205 1528 1716 1585 immutationibus
1775 1528 2056 1584 acerrime
2171 1524 2372 1594 procul
2403 1525 2580 1582 dubio
2606 1527 2686 1582 ita
2724 1543 2786 1584 se
2816 1527 3046 1594 haheat,
3079 1530 3150 1584 ab
3182 1530 3518 1587 adversariis
3549 1532 3771 1604 postula-

403 1624 810 1694 disputantes;
843 1621 979 1676 hinc
1011 1620 1252 1693 planum
1284 1618 1772 1691 perspicuumque
1804 1617 1901 1674 fiet
1949 1621 2056 1673 Va-
2171 1630 2325 1682 mus,
2361 1632 2500 1671 num
2535 1616 2704 1674 alicui
2739 1617 3034 1690 probabile
3065 1620 3162 1675 fiet
3192 1620 3477 1692 Ignatium
3507 1622 3571 1677 ad
3614 1622 3767 1678 refel-

407 1714 718 1781 lentinum,
783 1716 847 1767 ut
901 1727 1081 1783 supra
1131 1708 1494 1776 dicebamus,
1548 1708 1676 1778 ipso
1737 1706 2050 1763 Eleutherii
2171 1702 2374 1760 lendos
2413 1705 2854 1764 Valentinianos
2903 1708 2982 1764 ibi
3026 1709 3294 1765 animum
3348 1709 3640 1782 appulisse,
3679 1712 3768 1767 ubi

408 1803 772 1875 pontificatu,
800 1817 929 1856 esse
959 1799 1129 1872 longe
1159 1797 1571 1871 antiquiorem.
1619 1798 1781 1864 Quod
1838 1813 1974 1853 cum
2021 1813 2055 1852 a
2171 1809 2422 1850 errorem
2447 1795 2518 1851 ab
2539 1795 2746 1853 haeresi
2772 1796 3184 1855 Valentiniana
3205 1799 3442 1856 omnino
3461 1800 3776 1868 alienum,et

406 1891 711 1949 Dallteanis
745 1891 1045 1963 praefracte
1077 1892 1340 1960 negetur,
1371 1887 1516 1943 illud
1549 1886 1620 1941 ab
1662 1887 1875 1942 lrenteo
1909 1885 2050 1942 scri-
2082 1911 2128 1978 B
2169 1882 2496 1978 rationibus
2528 1886 2597 1940 ad
2631 1902 2760 1942 eam
2791 1886 2952 1943 nullo
2981 1888 3152 1944 modo
3184 1889 3574 1960 spectantibus
3602 1888 3772 1959 impu-

404 1987 571 2055 ptum
610 1998 724 2037 non
761 1980 940 2036 fuisse
973 1979 1079 2051 ipsi
1112 1979 1402 2034 fateantur
1441 1993 1678 2034 necesse
1705 1985 1810 2033 est.
2082 1973 2122 1978 ”
2166 1973 2403 2042 gnahat.
2437 1979 2720 2031 Praeterea
2735 1992 2869 2032 vero
2893 1975 3034 2033 illud
3061 1979 3220 2049 quod
3240 1978 3524 2048 objiciunt
3548 1979 3613 2034 ab
3633 1979 3776 2050 lgna-

475 2073 557 2139 At,
592 2070 842 2142 inquies,
871 2086 1138 2141 quaenam
1170 2069 1351 2141 igitur
1375 2074 1501 2124 erat
1521 2066 1941 2122 Valentinianis
1964 2081 2052 2121 se-
2164 2063 2244 2119 tio
2276 2063 2498 2120 dictum
2531 2086 2558 2114 «
2592 2063 2846 2121 Verbum
2879 2083 2912 2121 a
2943 2065 3173 2122 silentio
3204 2066 3576 2139 progrediens
3605 2085 3619 2134 ;
3644 2088 3669 2118 υ
3711 2067 3779 2122 ibi

399 2164 506 2216 σιω
529 2161 716 2214 forma
740 2158 1126 2230 peculiariset
1149 2156 1431 2230 propria?
1455 2156 1902 2228 Respondemus
1924 2170 2050 2211 eam
2163 2152 2341 2209 unius
2399 2154 2679 2209 momenti
2729 2159 2786 2210 et
2845 2157 3400 2226 argumentationis,
3457 2173 3571 2228 qua
3618 2155 3778 2225 legem

403 2264 555 2312 esse,
587 2263 716 2318 qua:
749 2247 950 2302 Irenzei
982 2247 1193 2315 verbis,
1228 2263 1262 2301 a
1293 2246 1460 2302 nobis
1491 2246 1618 2316 jam
1655 2243 1873 2308 relatis,
1907 2245 2056 2300 desi-
2162 2241 2478 2298 Mosaicam
2509 2259 2623 2298 non
2665 2244 2920 2316 amplius
2969 2247 3323 2301 servandam
3377 2262 3500 2301 esse
3548 2245 3774 2317 lgnatius

405 2340 656 2410 gnatur:
689 2358 716 2386 «
756 2337 1126 2391 Demutantes
1175 2335 1433 2405 nomine,
1479 2340 1536 2390 et
1587 2351 1690 2406 pro
1742 2334 1948 2407 primis
1997 2339 2054 2391 et
2160 2331 2386 2401 probat,
2421 2336 2644 2402 partem
2675 2333 3058 2389 constituunt.
3090 2338 3240 2390 Cum
3273 2351 3411 2408 ergo
3440 2340 3557 2391 tota
3579 2333 3674 2390 illa
3699 2350 3775 2390 ar-

407 2425 679 2481 maximis
710 2425 822 2480 diis
854 2441 1047 2481 arenas
1080 2423 1498 2490 formaverunt,
1531 2430 1586 2478 et
1625 2440 1728 2495 pro
1780 2425 2053 2480 secundis
2158 2420 2520 2491 gumentatio
2547 2423 2618 2476 ad
2665 2420 3096 2480 Valentinianos
3149 2441 3267 2481 non
3319 2429 3572 2496 spectet;
3616 2439 3780 2495 neque

405 2515 518 2572 diis
548 2532 697 2585 eam,
729 2530 853 2586 quae
886 2519 1050 2571 extra
1081 2513 1418 2586 pleromatis
1447 2515 1706 2586 ipsorum
1756 2518 2047 2580 enarrant,
2160 2525 2337 2564 unam
2393 2510 2522 2580 ejus
2590 2515 2811 2582 partem
2871 2513 2943 2568 ad
3019 2530 3117 2570 eos
3187 2515 3517 2587 respexisse
3587 2519 3783 2572 certum

403 2605 867 2677 dispositionem.
903 2628 926 2658 ι
962 2607 1150 2677 Atque
1189 2604 1262 2660 iis
1311 2603 1651 2660 nominibus
1702 2621 1880 2660 novos
1935 2606 2048 2661 for-
2157 2597 2405 2654 videtur.

400 2695 554 2751 sitan
587 2697 956 2764 addiderunt,
982 2695 1068 2751 vel
1100 2695 1560 2751 immutaverunt
1589 2694 1969 2751 emissionum
1993 2699 2050 2751 et
2226 2705 2338 2761 sed
2369 2721 2499 2777 age,
2531 2723 2652 2762 rem
2693 2709 2878 2778 ipsam
2912 2713 3183 2767 accurate
3217 2712 3622 2784 inspiciamus.
3651 2709 3784 2768 Dicit

399 2792 631 2840 artuum
667 2787 922 2840 ordines.
962 2787 1243 2842 Caeterum
1277 2787 1346 2840 ad
1382 2801 1588 2839 novam
1621 2785 1770 2839 inter
1813 2784 1989 2840 haaret

2194 2794 2403 2850 tallaaus
2420 2795 2860 2854 Valentinianos
2881 2799 3151 2856 docuisse
3174 2800 3237 2856 in
3272 2803 3406 2857 ﬁcta
3427 2819 3646 2858 aaonum
3669 2816 3784 2857 suo-

397 2891 516 2941 cos,
553 2874 802 2930 maxime
849 2891 982 2930 vero
1025 2874 1482 2940 Valentinianos,
1536 2874 1902 2929 condendam
1952 2891 2048 2929 se-
2153 2899 2282 2938 ι-υω
2304 2883 2661 2956 genealogia,
2692 2907 2714 2936 ι
2748 2903 2815 2942 εχ
2848 2887 2980 2958 Sige
3011 2889 3293 2946 eductum
3333 2893 3519 2964 Logon
3561 2889 3642 2946 vel
3689 2891 3784 2945 im-

397 2971 549 3021 ctam
583 2982 699 3020 non
728 2982 940 3036 magna
961 2965 1235 3020 doctrinas
1262 2965 1592 3019 immutatio
1619 2963 2041 3035 requirebatur,
2151 2973 2424 3040 mediam,
2459 2979 2524 3028 ut
2553 2991 2586 3029 ο,
2618 2979 2800 3030 matre
2832 2975 3017 3031 ﬁlium
3048 2978 3175 3046 ;vel
3206 2963 3473 3036 mediam
3499 2985 3562 3035 ut
3592 2981 3658 3035 ab
3679 2977 3787 3034 avia

396 3058 462 3110 ut
493 3071 559 3110 ex
589 3054 680 3120 iis,
711 3071 838 3125 quas
871 3055 942 3109 de
972 3053 1280 3109 Ptolomaeo
1323 3058 1517 3107 narrat
1565 3053 1927 3125 Augustinus
1973 3053 2041 3118 ⁸⁷.
2149 3069 2444 3132 nepotem.
2480 3083 2510 3113 »
2541 3064 2644 3118 Sed
2693 3063 2790 3120 ille
2819 3064 2928 3120 hac
2958 3066 3324 3136 disjunctiva
3375 3069 3783 3140 conjunctione,

397 3145 588 3216 quivis
617 3143 784 3200 facile
813 3142 1126 3215 intelligat:
1162 3164 1191 3194 ‹‹
1227 3142 1592 3210 Ptolomaeus,
1631 3143 1837 3214 inquit,
1871 3143 2041 3198 disci-
2153 3171 2180 3200 ‹‹
2213 3152 2550 3207 immediate
2575 3154 2662 3208 vel
2687 3154 2983 3210 mediam.
3021 3172 3134 3211 non
3167 3159 3304 3215 sine
3329 3158 3468 3215 dolo
3500 3159 3705 3214 utitur:
3733 3160 3786 3211 ut

393 3233 566 3305 pulus
593 3233 887 3288 Valentini
921 3232 1184 3288 haeresim
1227 3249 1432 3287 novam
1481 3234 1726 3288 condere
1776 3234 2037 3304 cupienS,
2072 3270 2115 3336 C
2148 3255 2216 3295 ea
2246 3240 2525 3296 nimirum
2560 3243 2762 3298 fraude
2791 3243 3241 3304 Valentinianos
3263 3250 3340 3305 ab
3359 3259 3593 3305 auctore
3612 3252 3784 3302 nostro

389 3333 634 3394 quatuor
662 3340 874 3391 zeonas,
907 3328 963 3378 et
992 3322 1138 3378 alios
1169 3325 1421 3394 quatuor
1453 3337 1707 3377 asserere
1747 3321 1972 3378 maluit.
2010 3344 2038 3372 »
2075 3321 2115 3336 ’³
2145 3327 2524 3401 impugnatos
2557 3330 2808 3388 incautis
2829 3338 2887 3388 et
2916 3334 3385 3407 simplicioribus
3413 3339 3786 3412 persuaderet.

387 3411 444 3466 Si
486 3412 606 3467 haac
651 3411 774 3468 sola
831 3411 1074 3467 mutatio
1133 3427 1343 3466 novam
1406 3411 1555 3464 inter
1605 3410 2038 3500 Valentinianos
2146 3417 2288 3473 Nam
2324 3419 2707 3476 Valentiniani
2742 3439 3036 3492 nunquam
3068 3441 3136 3480 ex
3176 3427 3317 3500 Sige
3372 3410 3568 3500 Logon
3613 3430 3786 3483 imme-

389 3507 610 3557 sectam
640 3503 873 3570 creavit,
910 3503 1125 3556 frustra
1155 3502 1211 3555 in
1247 3500 1595 3570 inquirenda
1627 3517 1772 3556 nova
1830 3498 2034 3555 Valen-
2143 3507 2292 3562 diate
2338 3509 2615 3564 eductum
2669 3511 2936 3568 docuisse
2984 3498 3402 3584 perhibentur.
3450 3498 3583 3574 Ilaec
3633 3516 3793 3589 igitur

387 3591 625 3647 tinianm
656 3599 821 3647 sectae
854 3593 1040 3646 forma
1070 3591 1318 3646 desudat
1353 3588 1624 3656 Uallzeus,
1660 3606 1785 3659 quas
1820 3591 1878 3645 in
1934 3607 2033 3644 su-
2144 3596 2558 3664 disjunctionis
2577 3599 2880 3656 Dallaaante
2903 3618 3035 3673 pars
3056 3603 3416 3674 immediate,
3443 3624 3474 3663 e
3497 3588 3677 3663 medio
3699 3605 3789 3659 tol-

387 3680 716 3752 perioribus
748 3680 942 3736 Irenmi
974 3680 1165 3735 verbis
1195 3679 1358 3735 facile
1391 3679 1748 3750 agnoscitur.
2143 3685 2316 3742 lenda
2343 3693 2449 3743 est.
2484 3687 2736 3745 lrenaaus
2756 3694 3072 3762 enimvero,
3092 3694 3535 3766 Tertullianus,
3556 3695 3795 3768 Epipha-

458 3769 655 3842 Neque
688 3776 809 3825 erat
835 3772 984 3840 quod
1023 3769 1175 3823 ultra
1203 3769 1301 3824 illa
1342 3768 1619 3838 objiceret
1650 3768 1696 3804 ⁵⁸
1748 3768 2032 3840 scripturn
2128 3775 2298 3853 Anius,
2334 3777 2722 3849 Augustinus,
2757 3785 2931 3849 atque
2961 3779 3080 3849 alii,
3125 3783 3230 3853 qui
3277 3787 3354 3841 de
3404 3785 3795 3842 Valentiniana

385 3875 419 3914 a
449 3858 807 3914 Tertulliano
831 3858 878 3894 ⁵³
907 3863 1041 3914 ante
1073 3857 1448 3926 Marcionem,
1473 3864 1531 3913 et
1549 3858 1830 3930 Apellem,
1855 3867 1909 3914 et
1929 3875 2030 3913 an-
2127 3851 2344 3920 haeresi
2377 3864 2724 3933 disseruere,
2755 3869 2992 3924 tradunt
3021 3851 3174 3926 inter
3227 3873 3407 3932 ﬁctos
3453 3873 3798 3932 Valentinia-

383 3953 620 4020 tequam
654 3949 994 4004 Valentinus
1025 3965 1217 4004 aeonas
1245 3965 1384 4004 suos
1416 3950 1805 4020 praedicasset,
1848 3949 2031 4004 netni-
2141 3970 2350 4009 norum
2406 3955 2566 4019 deos,
2615 3963 2669 4012 et
2725 3960 3022 4029 utriusque
3071 3977 3248 4018 sexus
3303 3981 3531 4034 mones,
3588 3964 3793 4036 primos

380 4055 516 4094 nem
550 4038 822 4094 docuisse
848 4039 1026 4128 alium
1061 4054 1189 4094 esse
1223 4043 1395 4128 Deum
1428 4044 1770 4095 creatorem.
1803 4041 1883 4094 Ex
1915 4057 2030 4111 quo
2139 4050 2323 4106 fuisse
2350 4052 2558 4108 Bithon
2588 4057 2645 4109 et
2676 4053 2873 4125 Sigen,
2903 4071 3001 4110 seu
3036 4057 3376 4128 silentium,
3417 4067 3480 4118 et
3509 4077 3580 4117 ex
3608 4073 3796 4116 eorum

377 4129 668 4221 inferebat
697 4129 849 4221 idem
887 4127 1146 4221 Dallasus
1166 4127 1542 4221 Valentinum
1573 4128 1730 4221 nihil.
1760 4128 1830 4221 ob
1880 4129 2030 4183 anli-
2137 4140 2411 4212 conjugio
2444 4143 2801 4212 processisse
2839 4147 2965 4199 Nun
3020 4150 3078 4201 et
3126 4127 3492 4219 Veritatem,
3541 4155 3712 4221 atque
3738 4162 3798 4201 ex

386 4216 519 4312 fluis
551 4220 1067 4312 {SSOFiUFUEWIIl-
1101 4213 1242 4312 Nil}?
1277 4219 1412 4312 811ῐρ
1443 4213 1733 4312 νᾶιξηῐίῐιμί
1767 4220 2028 4312 “ungoru
2135 4229 2269 4285 istis
2298 4230 2513 4286 deinde
2540 4233 2894 4302 processisse
2921 4233 3173 4291 Verbum
3208 4254 3319 4293 seu
3359 4213 3588 4312 Logon,
3614 4213 3666 4294 et
3707 4235 3800 4290 Vi-

380 4304 533 4358 hanc
565 4301 921 4372 impietatem
953 4318 985 4355 a
1017 4300 1287 4388 Basilide,
1321 4302 1638 4370 Saturuilo,
1672 4307 1848 4375 atque
1879 4304 1964 4360 Gn

2209 4331 2284 4370 m.
2305 4321 2388 4372 Ex
2418 4300 2636 4388 quibus
2666 4318 2794 4375 luce
2826 4321 3146 4378 meridiana
3176 4324 3410 4383 clarius
3432 4300 3528 4383 est
3545 4300 3643 4383 eos
3663 4321 3799 4380 nihil

382 4389 542 4446 sticis
572 4388 1000 4482 antiquioribus
1023 4387 1475 4482 disseminatum
1499 4389 1681 4444 fuisse
1704 4392 1782 4445 ita
1803 4398 2024 4448 certum
2135 4403 2293 4458 aliud
2328 4387 2570 4468 dixisse.
2603 4423 2783 4478 quam
2809 4412 3002 4480 Logon
3035 4414 3410 4482 processisse
3444 4421 3678 4471 tantum
3701 4426 3802 4466 me-

378 4485 487 4546 est,
523 4483 588 4533 ut
623 4476 815 4532 Dallaai
859 4474 1348 4569 defensormillum
1408 4475 1514 4532 hac
1576 4478 1633 4569 in
1684 4495 1744 4535 re
1793 4483 2026 4551 penitus
2131 4491 2361 4549 diateex
2385 4474 2841 4567 Sige,tanquam
2866 4474 2940 4553 ab
2973 4474 3101 4555 avia
3145 4501 3372 4559 filium.
3425 4506 3573 4569 Quis
3623 4508 3806 4560 autem

375 4569 664 4631 deserere,
698 4579 1070 4664 erroremque
1101 4563 1281 4635 illius,
1320 4583 1494 4636 quem
1535 4568 1722 4625 celare
1769 4572 2025 4644 amplius
2057 4635 2103 4664 Π
2134 4579 2191 4633 in
2227 4563 2488 4636 animum
2521 4582 2634 4638 sibi
2676 4563 2937 4654 inducat,
2971 4588 3259 4659 Ignatium
3298 4593 3410 4649 ubi
3443 4563 3600 4649 alios
3637 4603 3806 4664 quam

375 4661 763 4752 nonpoterat,
802 4656 1116 4728 aliquando
1175 4635 1410 4714 tandem
1469 4660 1734 4716 confiteri
1791 4635 2026 4721 coactus
2056 4635 2103 4697 Β
2135 4635 2954 4732 Valentinianorumﬂerrores
2971 4635 3259 4752 isi-eilia.
3438 4635 3808 4748 egigni;

382 4747 461 4802 sit
488 4747 555 4800 °°.
2133 4774 2345 4827 eosque
2397 4760 2555 4818 solos
2599 4765 2945 4835 respexisse,
2995 4784 3128 4822 cum
3162 4785 3175 4823 :
3205 4747 3236 4821 ᾇ
3289 4770 3569 4829 Verbum
3626 4788 3737 4827 non
3777 4785 3809 4824 a

513 4839 541 4906 §
570 4835 633 4890 V.
668 4836 1061 4934 [gingiuam-Orig
1105 4836 1700 4934 [fugenginggpofﬁullo
1725 4842 1881 4899 modo
2131 4847 2363 4904 silentio
2394 4852 2794 4923 progrediens,
2829 4877 2858 4904 »
2892 4872 2997 4911 nec
3028 4856 3195 4928 plura
3225 4861 3302 4914 ad
3341 4878 3454 4920 eos
3488 4861 3809 4934 spectantia

751 4910 1080 4980 respexistis,
1111 4909 1204 4964 sed
1233 4908 1302 4964 ad
1328 4909 1634 4967 Εὑίοηίιαδο
2130 4935 2344 4993 ibidem
2381 4908 2699 4996 scriberet?
2729 4908 2846 4999 Cur
2876 4908 3808 5008 4'nii3'§a*3;{a£u'35ﬁ3$;d33

443 5021 620 5110 Porro
649 5030 1014 5087 quascunque
1045 5014 1143 5070 illa
1172 5015 1545 5110 fueritsectae
1592 5018 2019 5110 Valentiniano-
2130 5028 2446 5084 transivit?
2475 5029 2591 5085 Cur
2620 5047 2726 5087 nec
2755 5035 2828 5088 de
2859 5039 3044 5105 patre,
3079 5053 3187 5092 nec
3217 5037 3294 5092 de
3334 5045 3562 5110 matre,
3599 5057 3708 5097 nec
3750 5041 3813 5094 de

371 5122 502 5161 rum
537 5106 1058 5197 forma,qerrorque
1082 5103 1402 5197 peculiaris
1432 5111 1490 5197 et
1505 5108 1800 5178 preprius,
1824 5110 1892 5164 ad
1921 5126 2018 5165 eos
2129 5115 2281 5172 ﬁctis
2312 5116 2558 5174 aliorum
2581 5136 2809 5177 teonum
2833 5103 3142 5195 conjugiis,
3169 5103 3563 5197 parentibus,
3588 5129 3726 5185 ﬁliis
3745 5139 3810 5181 ne

367 5195 630 5292 [gnatius
649 5193 989 5292 nullomodo
1007 5192 1670 5292 collineavit,multoque
1680 5199 1878 5292 minus
1895 5216 2016 5266 eos,
2131 5222 2314 5260 unum
2348 5208 2586 5278 quidem
2613 5210 2818 5267 habuit
2838 5192 3077 5269 verbum
3101 5214 3128 5270 ?
3149 5192 3324 5272 Ratio
3357 5235 3520 5276 sane
3544 5192 3610 5276 in
3633 5233 3814 5292 prom-

368 5291 431 5340 ut
463 5285 544 5340 ait
576 5284 846 5352 Dallaeus,
881 5305 910 5334 «
944 5281 1316 5354 apertissime
1346 5283 1531 5340 caedit.
1569 5307 1599 5335 »
1629 5285 1778 5342 Illud
1820 5293 2012 5344 autem
2128 5302 2228 5365 ptu
2260 5301 2369 5359 est,
2402 5301 2459 5352 et
2504 5297 2692 5354 cuivis
2741 5316 2904 5372 aequo
2954 5317 3150 5358 rerum
3203 5305 3581 5364 estimatori
3632 5281 3812 5369 obvia,

368 5390 534 5467 exeo
565 5374 720 5429 clare
746 5374 1198 5467 demonstratur,
1249 5373 1409 5467 quod.
1447 5375 1727 5467 quamvis
1769 5377 2016 5467 Dallaaus
2126 5383 2419 5452 Ignatium
2453 5402 2664 5458 nempe
2694 5404 2827 5444 cum
2865 5406 3036 5447 suam
3067 5391 3225 5449 dedit
3259 5395 3632 5467 epistolam,
3677 5389 3816 5452 nihil

370 5461 515 5516 nulli
549 5463 872 5533 pepercerit
901 5461 1107 5532 labori,
1146 5467 1209 5519 ut
1251 5463 1452 5520 omnia
1496 5479 1623 5535 quae
1671 5463 1763 5521 his
1813 5466 2015 5538 Ignatii
2127 5471 2197 5525 de
2231 5470 2654 5533 Valentinianis
2683 5478 2991 5550 cogitasse.

437 5697 483 5734 ⁵⁷
505 5696 609 5754 lib.
639 5716 658 5756 ι
693 5701 766 5758 De
793 5702 990 5761 haras.
1067 5702 1114 5737 ⁵⁸
1145 5717 1271 5775 cap.
1305 5703 1395 5772 l2,
1426 5719 1482 5776 p.
1513 5655 1645 5775 258}
1719 5703 1764 5740 ⁸⁸
1793 5705 1868 5760 De
1891 5719 2027 5778 praet

1367 5710 1395 5772 ι,
1426 5719 1482 5776 p.
1513 5701 1645 5775 298}
1719 5703 1764 5740 ⁸³
1793 5705 1868 5760 De
1891 5707 2232 5781 praesa-ipa,
2263 5724 2392 5782 cap.
2420 5702 2519 5770 ⁷34.
2595 5713 2643 5750 ⁸ο
2670 5729 2802 5787 pag.
2834 5715 2957 5772 214.
