4026 6206
423 296 541 354 523

1484 287 1547 346 S.
1593 284 1980 346 IGNATIUS.
2027 318 2104 329 -—
2144 283 2744 346 PBOLEGOMENA.

3673 291 3777 351 524

425 428 728 486 Ebionmos
761 425 963 482 cadere
995 439 1109 479 non
1144 423 1357 492 potest.
1393 439 1424 470 ι»
1477 417 1686 475 Futilis
1731 418 1988 489 profecto
2020 422 2076 474 et
2107 419 2160 488 Α
2192 434 2308 474 non
2341 417 2538 474 minus
2569 433 2746 489 quam
2761 415 3035 473 undecim
3066 413 3124 471 in
3158 431 3270 472 uno
3287 416 3586 492 eodemque
3615 423 3786 494 capite

426 535 578 575 vana
606 523 696 574 est
727 516 847 571 haec
878 511 1074 568 Dallaai
1105 509 1607 578 defensio.Neque
1628 509 1785 564 enim
1818 508 2080 576 Ignatius

427 609 534 664 hos
563 620 789 662 errores
819 619 886 657 ea
916 602 976 654 in
998 596 1246 670 epistola
1260 598 1592 654 confutasse
1620 595 2081 668 legitur.Deinde

430 696 629 752 nullus
659 690 954 762 negaverit
1002 688 1199 760 plures
1230 687 1289 742 in
1321 688 1524 742 eadem
1575 686 1829 757 epistola
1856 702 2080 742 errores

430 784 685 855 potuisse
723 780 794 834 ab
827 775 1050 849 lgnatio
1085 775 1289 831 refelli.
1326 775 1613 831 Dallmano
1659 775 1838 846 igitur
1883 774 2080 830 defen-

431 870 546 927 sori
580 868 945 940 probandum
964 864 1472 920 erathaereticosin
1489 863 1610 930 illo,
1635 879 1808 934 quem
1833 862 2081 918 Dallaeus

431 958 664 1030 objecit,
697 955 822 1012 loco
845 956 918 1010 ab
947 955 1179 1026 lgnatio
1213 957 1412 1008 nostro
1443 953 1794 1022 confutatos,
1824 967 1924 1007 eos
1953 967 2082 1007 esse

430 1049 554 1120 qui,
588 1063 736 1118 quos
786 1046 910 1117 ipse
964 1041 1273 1110 recensuit,
1327 1056 1559 1098 errores
1609 1040 2079 1113 propugnabant.

432 1138 594 1204 Quod
643 1139 797 1192 certe
842 1149 946 1189 nec
988 1131 1088 1187 ille
1121 1130 1272 1186 alius
1312 1129 1629 1202 quisquam
1677 1130 2083 1186 demonstrare

432 1240 694 1295 unquam
727 1222 956 1293 poterit.

502 1315 788 1370 Caeterum
805 1311 856 1366 si
888 1309 1021 1381 quis
1052 1307 1199 1364 alios
1229 1310 1300 1365 ab
1334 1308 1623 1364 Ebionltis
1653 1306 1954 1364 haereticos
1985 1307 2083 1364 ob-

428 1403 599 1474 jectis
631 1399 846 1473 Ignatii
871 1399 1062 1455 verbis
1093 1397 1274 1453 refelli
1309 1397 1525 1454 invicto
1553 1396 1913 1469 probaverit,
1947 1395 2083 1451 huic

433 1491 665 1562 penitus
699 1506 814 1544 non
845 1487 1506 1560 repugnabimus,modo
1532 1485 1605 1541 iis
1638 1486 2080 1542 sanctissimum

431 1581 599 1637 illum
637 1584 948 1650 martyrem
981 1579 1050 1632 ad
1087 1577 1524 1632 Valentinianos
1547 1577 1674 1648 ipso
1708 1575 2076 1648 posteriores,

432 1685 547 1725 non
581 1667 904 1738 respexisse
935 1669 1204 1723 fateatur.

464 1761 491 1826 §
523 1758 609 1814 VI.
645 1759 771 1813 Atia
801 1757 1097 1828 explicatio
1121 1757 1416 1812 verborum
1448 1756 1659 1824 Ignalii
1685 1756 2039 1827 proponitur.
2109 1782 2156 1849 Β

504 1849 604 1903 llis
635 1846 911 1902 omnibus
943 1845 1018 1901 ad
1035 1846 1227 1902 varias
1259 1845 1721 1901 adversariorum
1743 1850 2080 1901 nostrorum

431 1937 969 2010 argumentationes
999 1943 1054 1990 et
1081 1933 1442 2005 sophismata
1473 1933 1791 2005 responsis,
1818 1933 1961 1990 illud
1994 1934 2086 1989 in-

432 2043 610 2100 super
639 2041 958 2098 possumus
987 2025 1419 2095 adjicere,hano
1452 2024 1659 2096 lgnatii
1689 2024 2036 2080 sententiam
2064 2043 2078 2081 :

432 2140 461 2166 ‹‹
494 2117 748 2172 Verbum
781 2119 1063 2171 aeternum
1118 2131 1230 2170 non
1269 2131 1303 2168 a
1351 2113 1581 2170 silentio
1613 2114 2013 2185 progrediens,
2049 2136 2076 2164 ››

430 2207 646 2261 idcirco
677 2205 749 2258 ab
791 2219 857 2258 eo
889 2204 997 2258 hac
1029 2205 1088 2258 in
1123 2202 1371 2275 epistola
1399 2203 1674 2274 scriptam
1707 2203 1909 2272 videri,
1943 2203 2083 2276 quia

431 2295 511 2349 ibi
544 2294 659 2349 duo
691 2292 1391 2364 Cbristimysteriatuisse
1423 2292 1805 2360 docebat,alia
1836 2293 2073 2364 quidem

432 2381 770 2451 obscura,in
802 2381 1058 2436 tenebris
1089 2397 1154 2436 ac
1189 2381 1422 2436 silentio
1454 2383 1526 2436 ab
1542 2397 1608 2437 eo
1641 2384 1902 2452 patrata;
1929 2383 2082 2439 unde

432 2476 556 2545 ipse
583 2488 595 2527 :
621 2493 649 2522 «
677 2473 744 2526 Et
773 2470 946 2526 latuit
978 2469 1295 2542 principem
1329 2469 1524 2525 saeculi
1545 2469 2082 2542 hujus,inquiebat,

430 2560 736 2633 virginitas
769 2560 984 2629 Mariae,
1008 2565 1066 2615 et
1098 2564 1299 2630 partus
1329 2560 1600 2632 ipsius,et
1634 2576 1795 2616 mors
1824 2559 2078 2632 Domini,

430 2650 541 2706 tria
576 2648 849 2722 mysteria
880 2648 1174 2713 clamoris,
1198 2664 1325 2718 quas
1356 2649 1414 2703 in
1447 2647 1676 2704 silentio
1709 2653 1944 2720 operata
1974 2665 2074 2706 seu

431 2747 660 2814 patrata
690 2745 848 2795 sunt.
884 2761 912 2789 η
943 2739 1070 2794 Alia
1099 2754 1231 2794 vero
1265 2738 1581 2802 luminosa,
1617 2738 1744 2794 luce
1777 2756 1842 2794 ac
1873 2740 2074 2810 splen-

430 2831 568 2886 dore
599 2847 706 2884 sun
741 2829 1025 2900 fulgentia
1053 2835 1112 2882 et
1143 2828 2074 2901 micantia.Taleeratmysterium

427 2921 820 2988 generationis
867 2920 996 2985 ejus
1025 2923 1269 2984 aeternae,
1302 2919 1374 2971 ab
1417 2917 1678 2988 antiquis
1709 2918 1982 2994 Patribus
2016 2925 2074 2975 et

429 3007 1001 3077 prophetisagnitum
1035 3013 1210 3076 atque
1235 3007 1748 3073 annuntiatumﬁe
1780 3025 1891 3078 quo
1923 3009 2076 3063 Psal-

429 3094 606 3150 mista
639 3094 851 3148 cecinit
887 3094 984 3147 ειη
1040 3092 1420 3163 splendoribus
1469 3099 1784 3149 sane/orum
1821 3112 1890 3149 ex
1919 3101 2072 3152 utero

427 3191 558 3240 ante
589 3182 882 3252 luci/erum
910 3183 1086 3250 genui
1110 3191 1156 3238 le
1187 3180 1252 3236 7°.
1289 3183 1488 3238 Potuit
1542 3184 1737 3254 itaque
1788 3183 2068 3254 Ignatius,

427 3288 561 3328 cum
593 3289 760 3327 suam
797 3272 959 3326 daret
979 3270 1383 3341 epistolam,ad
1417 3272 1536 3326 haec
1563 3272 1876 3327 Psalmistze
1901 3275 2072 3330 verba

423 3360 1007 3425 attendens,scribere
1038 3376 1051 3414 :
1079 3360 1385 3415 «Verbum
1415 3367 1695 3416 aeternum
1714 3379 1825 3416 non
1847 3381 1880 3417 a
1901 3362 2072 3417 silen-

425 3451 504 3506 tio
530 3451 929 3522 progrediens.
961 3468 988 3500 ι
1024 3449 1080 3505 id
1116 3455 1204 3505 est
1228 3449 1484 3506 Verbum
1509 3459 1786 3507 aeternum
1821 3469 1849 3506 e
1875 3452 2070 3506 divino

421 3541 621 3595 aeterni
683 3540 869 3594 Patris
901 3540 1034 3594 sinu
1090 3539 1147 3594 in
1181 3538 1438 3607 silentio,
1497 3539 1583 3595 vel
1641 3540 1758 3595 ulla
1801 3541 2067 3596 tenebra-

420 3648 552 3686 rum
612 3630 964 3686 obscuritate
1012 3634 1068 3685 et
1119 3630 1366 3700 caligine
1423 3631 1822 3702 progrediens,
1875 3632 1974 3686 sed
2011 3633 2067 3687 in

419 3725 834 3795 splendoribus
867 3727 1204 3778 sanctorum
1224 3740 1293 3778 ex
1310 3723 1437 3793 ejus
1462 3728 1622 3778 utero
1652 3723 2068 3795 genitum.Quo

430 3814 666 3886 quidem
703 3811 975 3885 loquendi
1003 3812 1172 3868 modo
1202 3813 1328 3884 ipse
1358 3829 1424 3868 eo
1456 3812 1756 3868 lubentius
1789 3830 1932 3869 usus
1962 3818 2067 3882 est,

428 3905 579 3975 quod
629 3903 764 3958 inde
794 3920 908 3958 non
952 3902 1142 3957 solum
1175 3901 1438 3958 divinum
1470 3903 1639 3958 Verbi
1673 3902 2066 3971 splendorem,

425 3993 525 4047 sed
561 3993 720 4047 illius
752 3992 926 4047 etiam
979 3992 1386 4057 aeternitatem,
1415 4008 1590 4062 quam
1652 3991 1794 4046 nihil
1827 3994 2066 4046 omnino

424 4080 838 4152 praecessisset,
872 4078 1196 4134 evidentius
1240 4078 1698 4134 demonstrabat.
1743 4079 1895 4135 Nihil
1929 4096 2064 4150 ergo

421 4172 478 4224 in
510 4169 618 4223 hac
647 4168 939 4223 locutione
969 4168 1242 4236 occurrit,
1276 4169 1426 4238 quod
1464 4183 1576 4221 non
1629 4169 1706 4222 sit
1735 4183 1867 4222 vere
1899 4169 2065 4239 lgna-

422 4257 669 4325 tianum,
701 4260 758 4311 et
788 4273 820 4310 a
853 4261 1014 4311 tanto
1047 4260 1298 4327 martyre
1329 4257 1398 4310 in.
1416 4255 1679 4326 epistola,
1716 4271 1887 4324 quam
1920 4256 2068 4326 ipse-

422 4351 540 4402 met
569 4344 826 4418 scripsit,
861 4348 1011 4400 recte
1059 4348 1303 4414 apteque
1331 4348 1632 4399 exaratum
1668 4348 1724 4398 et
1753 4345 2060 4402 traditum.

1022 4449 1252 4505 CAPUT
1305 4450 1452 4506 XIII.

2190 509 2408 578 profert
2437 507 2832 580 exempla.Sed
2857 523 2926 561 ex
2957 506 3048 560 his
3083 506 3344 562 undecim
3375 508 3635 580 exemplis
3664 528 3785 582 qna-

2185 607 2312 653 tuor
2341 603 2571 654 tantum
2620 598 2688 651 ad
2729 613 2849 663 eas,
2882 597 2953 651 de
2997 596 3213 666 quibus
3260 596 3493 666 agimus,
3522 599 3790 669 pertinent

2185 685 2464 759 epistolas
2501 704 2515 742 :
2560 690 2764 741 caetera
2815 686 2989 741 falsas
3032 683 3474 756 suppositosque
3527 693 3786 758 spectant,

2185 776 2275 832 vel
2305 776 2694 849 genuinarum
2723 775 3296 846 interpolationes.Ex
3331 775 3421 831 his
3452 780 3632 832 autem
3657 795 3791 849 qua-

2186 870 2321 920 tuor
2350 864 2633 937 exemplis
2657 881 2785 936 qua:
2808 864 2881 920 ad
2896 864 3185 936 genuinas
3208 865 3477 935 epistolas
3507 867 3790 936 pertinent,

2186 953 2437 1010 Dallaaus
2469 956 2528 1010 in
2560 953 2749 1010 tribus
2781 971 2934 1009 asuo
2953 953 3252 1010 defensore
3276 954 3502 1025 penitus
3517 954 3794 1025 deseritur,

2185 1043 2287 1114 qui
2321 1059 2436 1099 uno
2467 1047 2698 1099 tantum
2730 1043 2790 1098 in
2817 1040 3246 1098 articuloillum
3270 1043 3415 1097 tueri
3447 1049 3676 1098 conatus
3699 1047 3794 1099 est.

2185 1131 2473 1188 Dallmum
2521 1136 2715 1186 tamen
2747 1133 2818 1186 de
2847 1131 2939 1186 his
2971 1139 3238 1202 quatuor,
3273 1147 3344 1187 ne
3373 1130 3511 1202 quid
3540 1130 3796 1187 intactum

2184 1219 2493 1291 reliquisse
2524 1236 2889 1286 accusemur,
2922 1219 3324 1290 disputantem
3348 1219 3665 1274 audiamus.

2255 1310 2519 1366 Primum
2551 1310 2748 1382 itaque
2777 1309 3409 1382 Dallaeiargumentum
3439 1325 3505 1364 ex
3525 1308 3611 1364 his
3630 1309 3800 1365 verbis

2185 1401 2399 1472 petitur
2432 1416 2444 1454 :
2485 1422 2505 1449 ε
2543 1400 2611 1454 Et
2640 1398 3100 1471 supercmlestia,
3137 1403 3195 1454 et
3238 1396 3423 1470 gloria
3468 1397 3800 1470 angelorum,

2183 1491 2241 1544 et
2279 1487 2572 1560 principes
2602 1486 2861 1544 visibiles
2911 1485 2978 1554 ⁸⁸,
3027 1511 3054 1539 ››
3106 1491 3244 1553 etc.,
3279 1487 3433 1542 unde
3463 1485 3544 1541 sic
3586 1485 3802 1558 arguit:

2185 1598 2212 1626 ‹‹
2247 1577 2406 1642 Quod
2438 1576 2534 1632 hic
2563 1576 2636 1631 de
2665 1575 3031 1648 principibus
3063 1574 3400 1631 visibilibus
3431 1574 3667 1645 scriptor
3691 1573 3804 1629 ideo

2183 1665 2429 1722 fortasse
2458 1665 2703 1734 dixerat,
2734 1665 2894 1736 quod
2924 1665 3048 1734 ejus
3077 1681 3194 1721 aevo
3227 1664 3430 1736 aliqua
3461 1665 3580 1736 jam
3607 1668 3718 1718 erat
3742 1663 3803 1718 de

2185 1755 2529 1822 Constantii,
2559 1756 2648 1811 vel
2697 1754 3066 1810 Constantini
3095 1757 3226 1825 ejus
3275 1755 3406 1823 ﬁlii,
3437 1753 3523 1810 vel
3553 1753 3809 1808 Christia-

2187 1843 2378 1900 nismo
2409 1842 2497 1900 vel
2529 1843 2600 1900 ad
2651 1842 3169 1900 Christianismum
3201 1843 3590 1916 propensione
3629 1859 3806 1914 sparsa

2183 1933 2359 1989 fama.
2388 1951 2413 1984 ι
2449 1932 2527 1988 De
2569 1932 2680 1989 hoc
2711 1931 2906 1987 Dallaii
2955 1938 3310 2004 argumento
3355 1933 3440 1990 sic
3498 1931 3809 2004 pronuntiat

2186 2023 2314 2091 ejus
2364 2021 2632 2078 defensor
2652 2020 2699 2057 ⁶⁹
2729 2037 2744 2076 2
2769 2044 2797 2072 ‹‹
2828 2021 2940 2077 Sed
2999 2021 3156 2078 hunc
3197 2021 3400 2078 locum
3431 2022 3614 2078 obiter
3647 2019 3810 2091 tangit

2187 2109 2439 2166 Dallaeus
2464 2128 2478 2179 ;
2502 2109 2668 2165 illum
2693 2111 2949 2182 proferre
2979 2115 3324 2180 contentus,
3347 2125 3703 2182 nequaquam
3733 2125 3815 2164 ur-

2187 2204 2302 2272 get.
2337 2221 2367 2249 »
2395 2206 2466 2255 At
2487 2215 2628 2254 sane
2659 2198 2825 2254 illum
2860 2215 2972 2255 non
3005 2199 3197 2255 solum
3226 2216 3345 2256 non
3381 2198 3703 2270 urgere,sed
3723 2211 3811 2252 nec

2186 2287 2438 2360 proferre
2451 2304 2712 2359 unquam
2728 2288 3172 2344 debuisset.Non
3197 2292 3361 2346 enim
3380 2291 3614 2345 verbum
3632 2287 3813 2361 ἄρχον-

2181 2397 2290 2444 τες,
2320 2379 2472 2449 quod
2508 2379 2888 2450 magistratus
2919 2379 3215 2451 quoslibet
3247 2397 3316 2436 ac
3343 2381 3630 2452 principes
3649 2379 3813 2451 signi-

2183 2469 2338 2538 ficat,
2394 2467 2474 2522 ibi
2521 2469 2926 2523 Constantium
2977 2469 3066 2525 vel
3116 2470 3575 2527 Constantinum
3615 2468 3811 2541 potius,

2184 2571 2358 2628 quam
2391 2556 2628 2627 quosvis
2659 2555 2803 2613 alios
2834 2558 3128 2630 principes
3154 2559 3471 2632 designare
3508 2558 3702 2630 potuit.

2273 2645 2302 2717 §
2336 2645 2407 2699 II.
2441 2646 2712 2703 Secundae
2735 2650 2788 2701 et
2820 2649 3005 2704 tertia?
3045 2647 3349 2719 abjectiom'
3369 2648 3732 2720 respondetur.

2255 2735 2587 2789 Secundum
2619 2735 2816 2790 Dallaii
2843 2743 3262 2807 argumentum
3298 2755 3369 2794 ex
3393 2737 3489 2794 his
3520 2735 3816 2793 desumitur

2181 2826 2373 2881 verbis
2424 2840 2440 2882 :
2473 2847 2501 2875 «
2534 2825 2780 2881 Vinctus
2819 2827 3017 2882 decem
3065 2827 3377 2898 leopardis
3395 2827 3444 2864 7°
3487 2849 3502 2898 ς
3539 2850 3565 2879 ››
3596 2843 3693 2898 quo
3716 2825 3820 2880 leo-

2183 2914 2501 2984 pardorum
2525 2916 2761 2970 nomine
2801 2915 3112 2986 quemdam
3146 2917 3558 2974 Romanorum
3596 2915 3822 2971 militum

2183 3004 2472 3070 ordinem,
2507 3003 2606 3076 qui
2637 3004 2894 3059 auctoris
2951 3006 3135 3060 nostri
3171 3012 3452 3078 tempore
3499 3009 3553 3062 in
3587 3023 3686 3061 usu
3716 3019 3823 3059 esse

2183 3094 2452 3158 desierat,
2499 3093 2758 3151 denotari
2807 3097 3124 3151 arbitratus
3169 3103 3254 3152 est
3303 3115 3317 3153 :
3376 3121 3404 3150 (ι
3437 3099 3544 3155 Sed
3590 3096 3823 3169 quando,

2185 3183 2379 3254 inquit
2410 3185 2540 3252 ejus
2571 3183 3021 3251 defensor",bis
3038 3183 3399 3243 solisverbis
3415 3187 3620 3244 nititur
3647 3182 3822 3241 Dallazi

2181 3277 2910 3350 argumentum,nullisque
2935 3279 3141 3334 veteris
3167 3281 3488 3354 scriptoris
3518 3281 3720 3336 fultum
3749 3281 3826 3333 est

2181 3367 2539 3433 testimonio,
2575 3383 2686 3423 non
2733 3385 3150 3441 usquequaque
3181 3372 3448 3427 solidum
3513 3370 3655 3426 mihi
3685 3369 3823 3422 vide-

2179 3464 2292 3512 tur.
2316 3480 2335 3504 ι
2357 3455 2683 3512 Bcchartus
2716 3463 2911 3513 autem
2937 3459 3070 3513 inde
3093 3467 3523 3530 argumentum
3557 3458 3825 3540 Dallaiano

2177 3543 2225 3578 ⁷³
2257 3544 2424 3616 plane
2446 3545 2778 3616 oppositum
2811 3546 3011 3602 elicit:
3043 3569 3070 3596 «
3096 3547 3390 3618 Leopardi
3425 3543 3821 3620 vox,inquit"3,

2179 3632 2366 3688 serius
2417 3634 2687 3705 usurpari
2735 3635 2909 3706 coepit
2966 3633 3335 3692 Constantini
3389 3654 3538 3694 sevo.
3596 3633 3826 3693 Proinde

2183 3721 2393 3793 lgnatii
2424 3723 2727 3794 epistolam
2752 3724 2820 3777 ad
2848 3723 3161 3793 Romanos,
3181 3741 3370 3796 quam
3395 3727 3822 3792 circumferunt,

2179 3827 2245 3866 eo
2278 3812 2512 3867 demum
2547 3813 2757 3868 saeculo
2782 3813 2961 3868 fuisse
2993 3813 3276 3884 scriptam
3313 3817 3403 3874 vel
3439 3835 3510 3874 ex
3547 3819 3655 3874 hoc
3676 3831 3831 3888 argu-

2180 3908 2377 3957 mento
2409 3901 2664 3972 colligas.
2701 3923 2726 3951 n
2761 3901 2870 3957 Sed
2922 3903 3044 3959 haec
3090 3905 3366 3963 Bccharti
3410 3907 3830 3982 argumentatio

2180 3989 2468 4047 Dallaeana
2499 3991 2739 4048 validior
2774 4009 2885 4048 non
2936 3999 3044 4050 est.
3093 3998 3395 4055 Eusebius
3450 4000 3743 4072 siquidem
3772 4015 3836 4058 ex

2180 4081 2287 4136 hac
2320 4084 2516 4137 eadem
2551 4083 2997 4154 epistola,quam
3035 4085 3262 4156 Ignatio
3299 4088 3720 4147 indubitanter
3743 4091 3834 4146 tri-

2178 4171 2325 4237 buit,
2369 4170 2513 4225 illud
2550 4171 2803 4244 leopardi
2854 4173 3051 4228 retulit
3087 4179 3325 4245 nomen,
3385 4182 3554 4251 quod
3609 4181 3836 4255 proinde

2176 4259 2540 4315 Constantini
2574 4279 2690 4317 sevo
2715 4262 2999 4334 judicavit
3032 4279 3160 4321 esse
3187 4268 3609 4341 antiquius.Et
3643 4290 3700 4329 re
3725 4273 3840 4343 qui-

2175 4350 2303 4436 dem
2339 4349 2465 4419 ipsa
2496 4368 2605 4406 vox
2640 4353 2736 4407 illa
2769 4353 2826 4408 in
2863 4355 3025 4411 Actis
3071 4362 3420 4416 sanctarum
3463 4363 3760 4436 Perpetuis
3789 4366 3841 4418 et

2178 4435 2509 4506 Felicitatis,
2557 4456 2662 4496 nec
2695 4458 2809 4498 non
2843 4446 2995 4514 apud
3053 4445 3444 4517 Spartianum
3501 4459 3563 4509 et
3584 4435 3842 4519 Festum,

421 4561 605 4602 NULLA
633 4559 763 4599 ESSE
795 4559 850 4597 IN
883 4557 974 4596 HIS
997 4557 1274 4597 EPISTOLIS
1307 4557 1543 4598 PRETER
1556 4557 1866 4600 TEMPORUM
1888 4561 2064 4602 FIDEM

2187 4545 2239 4586 ac
2271 4528 2517 4584 tandem
2550 4530 2702 4602 apud
2728 4512 3188 4590 Athanasiumin
3219 4536 3360 4595 Vita
3381 4544 3580 4600 sancti
3617 4512 3844 4600 Antonii

979 4629 1282 4669 PERPEIIAM
1325 4629 1503 4670 FICTA.

420 4706 449 4778 §
479 4707 523 4762 I.
557 4709 743 4778 Quam,
769 4703 1418 4778 inconsiderateDallaeus
1437 4704 2062 4776 objectionessuasmul-

701 4776 1030 4847 tipli'caverit
1065 4791 1077 4832 :
1110 4781 1159 4832 et
1181 4778 1380 4848 prima?
1401 4780 1774 4849 respondetur.

487 4882 567 4940 De
599 4881 920 4941 haeresibus
953 4887 1125 4957 atque
1157 4884 1693 4958 htereticis,quosin
1726 4889 2041 4962 lgnatiicpi

416 4972 584 5032 stolis
607 4975 791 5032 nostri
826 4979 1051 5031 notatos
1086 4992 1215 5032 esse
1247 4981 1432 5048 putat,
1465 4977 1586 5033 haec
1626 4978 1878 5035 Dallaeus
1927 4995 2060 5034 cum

417 5064 758 5132 dixisset,ad
791 5064 903 5120 alia
928 5065 1736 5140 progreditur,contenditque
1768 5069 1823 5124 in
1851 5067 2057 5122 iisdem

411 5153 620 5212 litteris
652 5158 838 5212 muIta
867 5154 1122 5212 essealia
1152 5163 1355 5227 praeter
1376 5160 1699 5228 temporum
1735 5157 1904 5212 {idem
1928 5171 2058 5227 per-

414 5259 612 5318 peram
644 5245 780 5302 ﬁcta
810 5243 1102 5301 5".Horum
1127 5251 1320 5301 autem
1343 5245 1426 5302 sic
1457 5261 1760 5318 perperam
1793 5245 2058 5301 {ictorum

2175 4617 2284 4692 legi
2296 4624 2410 4674 tur.

2245 4707 2501 4764 Tertium
2542 4708 2737 4766 Dallaai
2787 4717 3199 4783 argumentum
3251 4715 3299 4750 7‘
3332 4719 3484 4778 inde
3519 4723 3846 4791 conficitur,

2173 4799 2328 4870 quod
2364 4799 2624 4871 Ignalius
2663 4822 2681 4849 ι
2720 4801 2944 4871 publice
2975 4804 3323 4874 pmnitentes
3358 4810 3735 4882 absolvht,et
3765 4828 3849 4868 re-

2172 4888 2438 4944 conciliet
2470 4889 2763 4946 Ecolesiaa.
2787 4913 2815 4942 ιι
2852 4895 3069 4948 Verum
3101 4896 3228 4968 ejus
3261 4898 3577 4970 defensor,
3612 4926 3641 4954 «
3677 4901 3848 4958 falsus

2171 4982 2277 5046 est,
2314 4978 2415 5050 ait,
2476 4995 2588 5034 sua
2641 4979 2916 5047 opinione
2969 4985 3518 5054 praestantissimus
3578 4991 3851 5062 Dallaaus,

2170 5083 2414 5140 eamque
2466 5073 2773 5142 propterea
2821 5074 3243 5131 emendaturus
3289 5088 3481 5147 esset,
3514 5084 3565 5136 si
3599 5083 3848 5145 vixisset,

2170 5163 2235 5213 ut
2259 5161 2446 5215 amico
2479 5161 2799 5234 rescripsit,
2840 5166 3008 5235 eique
3039 5165 3163 5224 loca
3198 5186 3300 5240 pro
3333 5174 3704 5246 receptione
3743 5189 3852 5246 po:-

2168 5247 2473 5306 nitentium
2523 5251 2678 5324 apud
2710 5253 3144 5314 vetustissimos
3194 5257 3483 5318 Ecclesia
3534 5264 3851 5336 scriptores

485 5502 533 5593 ξε
563 5475 1578 5593 13.8%]:__ce;_.3;.21£ea}3.,eis
1615 5502 1755 5593 eos
1781 5500 1837 5593 ξε
1865 5502 2048 5593 eis:

2195 5503 2438 5593 Smyrna.“
2466 5504 2514 5542 θ’
2569 5523 2703 5581 pag.
2763 5510 2890 5567 272.
2924 5509 2970 5547 7°
3019 5513 3199 5586 Epist.
3251 5514 3321 5572 ad
3387 5518 3558 5576 Rom.
3627 5518 3675 5556 ἰ
3730 5531 3856 5593 pag.

411 5572 539 5630 3l3.
575 5573 624 5608 ⁷³
655 5590 785 5646 pag.
813 5576 938 5632 272.
972 5575 1017 5611 ⁷⁸
1043 5573 1324 5631 Hierolox.
1358 5572 1504 5647 part.
1526 5572 1579 5639 ἲ,
1611 5575 1709 5630 lib.
1737 5591 1821 5641 in,
1854 5572 1980 5647 cap.
2013 5575 2068 5630 8.

2187 5572 2308 5648 pag}
2336 5577 2462 5634 273.
