4062 6206
410 314 525 374 527
1472 304 1540 365 S.
1586 299 1980 364 IGNATIUS.
2029 334 2103 347 —
2150 301 2763 366 PROLEGOMENA.
3663 319 3765 378 523

409 463 547 506 sane
575 447 763 504 Verba
794 447 864 502 ab
911 444 1145 499 auctore
1176 441 1376 496 nostro
1412 454 1527 494 non
1588 435 1845 504 aliunde,
1881 452 2056 509 quam
2091 438 2140 505 Α
2172 438 2401 510 dignas,
2428 455 2606 512 quam
2632 454 2717 507 ea,
2751 453 2875 510 quas
2904 434 3038 493 vitae
3071 453 3189 494 sua!
3212 441 3768 523 pertaesa,lucemque,

408 556 478 596 ex
509 536 836 610 apocrypho
893 534 1294 588 Nazareorum
1343 527 1649 600 Evangelio
1708 526 2056 599 transcripta
2170 532 2326 601 quod
2360 534 2524 601 poeta
2554 529 3032 603 canit,perosa,in
3053 532 3294 588 mortem
3319 549 3552 608 praeceps
3582 540 3718 597 ruit}
3744 565 3768 593 η

407 630 588 685 fuisse
622 626 772 680 haud
797 622 1134 677 dubitanter
1155 619 1429 675 affirmat.
1455 620 1547 684 At,
1570 616 1786 688 inquit,
1811 617 1860 673 is
1894 620 2058 690 Igna-
2160 619 2271 675 Sed
2316 620 2550 693 dignior
2606 624 2697 676 est
2753 619 2985 676 ethnico
3039 624 3247 691 poeta,
3297 637 3462 693 quam
3518 627 3768 700 scriptore

406 722 524 774 tius
581 718 801 786 martyr
828 727 954 767 esse
1010 726 1124 765 non
1160 713 1372 782 potest,
1429 707 1530 779 qui
1560 707 1827 764 veritatis
1868 710 2054 763 fontes
2160 708 2487 765 Christiano
2546 709 2668 765 hac
2721 708 3076 767 exclamatio.
3158 709 3344 783 Longe
3376 710 3533 770 aliter
3579 718 3769 775 sentie-

405 805 732 869 fastidiens,
791 802 983 874 potius
1014 798 1164 855 falsa
1218 797 1433 854 Christi
1475 798 1651 853 verba
1701 813 1770 853 ex
1802 797 2053 868 impuris
2162 797 2301 855 bant
2330 798 2619 855 Eusebius
2665 803 2722 856 et
2754 798 3166 871 Hieronymus,
3200 800 3297 872 qui
3328 802 3554 873 praefata
3582 804 3765 877 lgnatii

403 894 864 967 apocryphorum
892 890 1142 957 lacunis,
1177 906 1351 962 quam
1386 905 1518 945 vera
1545 906 1612 945 ex
1642 889 1813 945 certis
1841 887 2049 944 divina
2158 889 2354 955 verba,
2386 906 2616 945 summa
2646 888 2860 962 pietate
2890 890 3017 959 ejus
3049 893 3105 944 et
3148 889 3396 946 mirabili
3428 909 3652 963 prorsus
3677 915 3765 968 pro

402 986 713 1057 Scriptores
745 982 911 1038 libris
953 995 1221 1053 promere
1255 977 1547 1034 maluerit.
1584 979 1781 1050 Neque
1834 978 2049 1035 dixeris
2148 976 2397 1034 'Cbristo-
2416 978 2706 1035 moriendi
2737 979 2932 1034 studio
2971 984 3093 1034 tam
3125 977 3301 1051 digna
3332 985 3680 1055 putaverunt,
3714 993 3769 1043 ut

400 1074 730 1146 apocrypha
759 1089 874 1129 non
908 1073 1086 1127 semel
1124 1069 1194 1124 ab
1247 1068 1501 1140 antiquis
1534 1067 1806 1124 Patribus
1838 1068 2004 1124 citari
2031 1087 2045 1138 ;
2156 1084 2229 1124 ex
2257 1068 2474 1125 caeteris
2502 1067 2776 1125 omnibus
2821 1068 3179 1124 sanctissimi
3212 1070 3477 1137 martyris
3505 1072 3683 1143 dictis,
3709 1092 3767 1132 ea

399 1163 554 1219 illico
614 1161 768 1217 enim
828 1158 1157 1214 Dallzeanus
1216 1157 1489 1212 defensor
1533 1155 1709 1211 altius
1767 1156 2043 1229 insurgit,
2155 1156 2531 1229 potissimum
2578 1160 2700 1213 suis
2728 1159 2786 1213 in
2818 1156 2985 1213 libris
3006 1157 3466 1228 transcribenda,
3501 1162 3766 1219 omnium-

397 1255 680 1324 urgetquc
722 1253 1014 1306 auctorem
1077 1250 1341 1303 nostrum
1370 1263 1482 1302 non
1516 1245 1645 1301 ideo
1677 1246 1842 1317 argui
1892 1247 2046 1317 quod
2154 1261 2265 1315 que
2293 1246 2762 1304 Christianorum
2795 1247 3064 1318 religioni
3096 1252 3152 1303 et
3190 1248 3550 1305 admirationi
3584 1266 3768 1324 propo-

396 1341 725 1414 apocrypha
755 1338 1077 1396 laudaverit
1104 1338 1239 1405 ;sed
1270 1337 1420 1406 quod
1453 1336 1763 1392 historiam
1785 1335 1945 1392 illam
1977 1354 2045 1393 ex
2153 1337 2347 1394 nenda
2374 1337 2704 1411 selegerint.
2738 1337 2888 1403 Quid
2918 1339 3073 1410 quod
3105 1356 3218 1393 non
3253 1338 3441 1395 solum
3473 1344 3767 1412 Patres,sed

395 1431 558 1488 falsis
591 1450 705 1488 non
738 1448 806 1486 ex
834 1428 1007 1493 veris,
1042 1428 1137 1483 ubi
1171 1429 1361 1482 exstat
1392 1425 1630 1498 gravius
1662 1432 1835 1498 atque
1865 1425 2040 1481 lucu-
2152 1428 2211 1480 et.
2241 1426 2511 1483 Vedelius
2538 1428 2669 1499 ipse
2696 1427 3071 1494 Calvinianaa,
3112 1427 3288 1484 sicuti
3332 1428 3590 1497 Dallaeus,
3623 1437 3765 1488 sectis

394 1523 610 1578 lentius
640 1516 1371 1592 exposita,Evangeliorum
1404 1514 1592 1581 libris,
1626 1516 1702 1571 sit
1720 1520 2037 1571 mutuatus.
2151 1514 2666 1584 addictus,eadem
2694 1518 3093 1589 Ignatiiverba
3116 1517 3197 1574 ad'
3222 1519 3442 1590 sopitos
3457 1520 3767 1592 tepidiorum

463 1610 574 1666 Sed
606 1628 639 1665 a
685 1608 972 1664 [)allaaano
1004 1606 1311 1661 defensore
1341 1604 1660 1675 quaerimus
1694 1606 1845 1660 unde
1876 1608 2038 1675 Igna-
2148 1602 2609 1661 Christianorum
2658 1606 2824 1679 ignes
2879 1606 3259 1664 suscitandos
3303 1607 3450 1663 ultro
3488 1611 3761 1681 proponit:

395 1700 541 1755 tium
574 1700 747 1754 verba
778 1697 900 1764 illa,
934 1712 1061 1768 quae
1092 1694 1311 1766 objicit,
1368 1694 1440 1748 ab
1472 1694 1802 1766 apocrypho
1852 1694 2037 1751 Naza-
2150 1714 2179 1743 «
2221 1693 2401 1757 Quem
2427 1694 2633 1751 mortis
2664 1705 2717 1752 et
2747 1694 3174 1768 suppliciorum
3211 1701 3431 1753 terrore
3460 1702 3765 1755 consterna-

390 1805 637 1845 raeorum
678 1786 986 1886 Evangelio
1019 1784 1288 1886 hausisse
1319 1782 1584 1839 didicerit
1605 1783 1788 1886 ‘I‘Non
1820 1801 1888 1839 ex
1918 1785 2033 1840 Eu-
2071 1816 2117 1886 Β
2146 1789 2274 1843 tum
2293 1791 2533 1845 sanctus
2554 1792 2902 1860 martyrnon
2920 1789 3329 1862 restituanqui
3353 1791 3422 1845 ad
3443 1790 3646 1847 bestias
3661 1794 3767 1848 ten-

390 1879 551 1935 sebio
583 1878 842 1950 quidem,
876 1875 977 1948 qui
1034 1890 1095 1931 se
1128 1875 1183 1930 id
1215 1875 1517 1947 ignorasse
1570 1874 1760 1946 paiam
1804 1878 2036 1948 prufite-
2071 1874 2115 1886 ”
2146 1877 2310 1943 dens,
2334 1878 2539 1935 dentes
2568 1895 2767 1934 earum
2790 1879 3353 1951 dilacerationesque
3373 1879 3764 1938 subiturus.....

387 1974 485 2025 tur
512 1968 556 2004 ⁸1
583 1986 594 2022 :
627 1990 654 2017 «
689 1968 845 2038 Quae,
870 1965 1079 2038 inquit,
1115 1964 1270 2019 unde
1295 1965 1603 2037 acceperit,
1634 1965 1860 2037 ignoro.
1888 1968 2034 2024 »Soli
2144 1966 2419 2024 Gratulor
2449 1968 2595 2024 mihi
2626 1968 2698 2025 de
2719 1969 2946 2037 bestiis,
2971 1984 3096 2041 qum
3124 1970 3439 2025 adversum
3464 1985 3548 2025 me
3572 1969 3763 2040 “,uetc.

387 2058 586 2130 itaque
622 2058 988 2128 llieronymo.
1022 2056 1086 2110 ut
1112 2053 1239 2125 ipse
1272 2055 1503 2121 fatetur,
1541 2054 1681 2108 illud
1727 2062 2032 2129 acceptum
2215 2058 2395 2130 Urget
2415 2065 2612 2115 tamen
2644 2057 2895 2115 Dallmus
2924 2059 3001 2114 υς
3037 2057 3312 2114 «Christi
3349 2062 3619 2131 martyres
3642 2076 3768 2115 mor-

384 2147 585 2202 referri
618 2146 804 2201 debet.
841 2144 896 2199 Is
928 2143 1142 2215 quippe
1174 2146 1502 2198 constanter
1533 2153 1829 2201 asseverat
1859 2151 2030 2217 lgna-
2141 2151 2259 2204 tem
2286 2152 2642 2222 exspectant,
2676 2165 2791 2205 non
2825 2156 3138 2205 accersunt
3166 2166 3181 2217 ;
3216 2149 3289 2205 ad
3321 2154 3530 2205 metam
3563 2165 3770 2221 compo-

385 2234 533 2289 tium
575 2235 696 2289 haec
727 2234 1041 2289 deflorasse
1071 2248 1139 2288 ex
1162 2230 1493 2305 Evangelia,
1531 2253 1558 2285 α
1591 2236 1745 2306 quod
1782 2252 1968 2306 nuper
1998 2254 2031 2292 a
2138 2239 2277 2305 aito,
2309 2256 2422 2295 non
2472 2240 2751 2311 pracipiti
2783 2240 2970 2312 gradu
3016 2240 3319 2296 feruntur.
3355 2263 3376 2293 ι
3415 2242 3561 2307 Quid
3608 2240 3769 2313 ergo?

383 2341 549 2390 me,»
584 2325 668 2379 uti
700 2323 781 2377 ait
807 2323 871 2391 ⁸³,
913 2321 1313 2377 «translatum
1338 2325 1445 2377 est.
1477 2343 1504 2372 »
1531 2323 1636 2378 Sed
1670 2324 1719 2378 si
1756 2325 2027 2383 Dallceani
2137 2328 2247 2385 Tot
2279 2335 2581 2398 martyres,
2613 2329 2715 2402 qui
2746 2328 3089 2385 occasiones
3115 2345 3222 2401 pro
3275 2330 3503 2386 Christo
3539 2328 3769 2401 patiendi

378 2417 519 2471 illull
580 2417 650 2471 ab
711 2417 1059 2488 Hieronymo
1111 2414 1458 2484 didicerunt,
1491 2431 1596 2471 cur
1651 2421 1771 2473 tam
1832 2435 2027 2475 severe
2134 2419 2292 2472 tanto
2317 2420 2523 2473 ardore
2548 2417 3036 2491 qumsierunt,qui
3060 2418 3131 2473 ad
3161 2424 3425 2474 mortem
3456 2424 3653 2490 sponte
3674 2434 3767 2473 sua

378 2508 666 2581 Ignatium
722 2510 793 2565 ob
827 2508 881 2563 id
945 2508 1358 2575 condemnant,
1413 2509 1569 2579 quod
1623 2511 1871 2567 eximius
1930 2511 2025 2568 ille
2134 2513 2540 2573 cucurrerunt,
2573 2509 2671 2581 qui
2705 2509 2761 2563 in
2788 2508 2950 2580 ignes
2979 2512 3037 2563 et
3066 2507 3368 2576 ﬂammas,
3398 2509 3495 2579 qui
3526 2508 3579 2562 in
3603 2523 3763 2578 aquas

376 2600 577 2656 doctor
608 2606 770 2654 tanto
806 2602 1056 2670 martyre
1088 2597 1262 2670 plane
1294 2598 1540 2671 dignum
1574 2600 1840 2656 credidit.
2131 2602 2189 2652 et
2220 2596 2467 2653 flumina
2498 2598 2820 2670 praecipites
2849 2614 2912 2653 se
2948 2598 3269 2666 dederunt,
3302 2598 3341 2653 ii
3372 2597 3679 2668 impietatis
3706 2611 3762 2651 ac

448 2688 661 2745 Deinde
689 2687 978 2744 incertum
1010 2694 1097 2743 est
1126 2704 1264 2744 num
1310 2691 1574 2761 tempore
1609 2690 1813 2759 Ignatii
1845 2708 2019 2748 evan-
2130 2687 2516 2745 immodestiae
2556 2687 2867 2744 accusandi
2898 2687 3082 2743 sunt?
3129 2689 3256 2743 Cur
3286 2704 3423 2761 ergo
3476 2687 3657 2742 Patres
3682 2689 3759 2740 tot

371 2779 590 2849 gelium
642 2779 1041 2835 Nazarzeorum
1076 2778 1229 2833 inter
1278 2779 1610 2852 apocrypha
1641 2783 2017 2840 amendatum
2129 2775 2403 2833 laudibus
2431 2794 2529 2833 eos
2556 2777 2994 2834 celebraverunt
3015 2776 3104 2832 “3’
3160 2777 3287 2833 Cur
3318 2777 3567 2834 Ecclesia
3595 2776 3754 2831 tantis

370 2870 596 2925 fuisset.
633 2870 773 2924 Cum
832 2869 1011 2937 enim,
1044 2872 1189 2922 teste
1219 2872 1415 2924 Isaaco
1458 2870 1822 2940 Casaubono,
1872 2882 2013 2929 tem-
2126 2866 2448 2924 honoribus
2472 2882 2571 2923 eos
2602 2867 3022 2939 prosequitur?
3044 2869 3336 2925 Pretcrea
3361 2870 3604 2937 Ignatius
3620 2882 3756 2920 mar-

369 2976 506 3032 pore
538 2974 685 3029 opus
721 2958 915 3022 fuerit,
954 2962 1019 3013 ut
1067 2956 1383 3030 apocryphi
1417 2956 1823 3028 hujuscemodi
1881 2962 2014 3019 libri
2124 2958 2255 3030 tyrii
2288 2960 2379 3014 sui
2410 2962 2679 3030 tempore
2699 2974 2814 3016 non
2846 2958 3193 3027 antevertit;
3218 2958 3333 3015 sed
3366 2957 3666 3013 damnatus
3693 2953 3756 3009 ad

368 3048 710 3102 auctoritate
768 3045 1033 3101 Ecclesiae
1092 3046 1613 3117 proscriberentur,
1658 3065 1758 3120 per
1818 3051 2059 3121 priora‘
2122 3047 2362 3117 bestias,
2421 3048 2611 3121 iisque
2653 3049 2900 3119 jamjam
2975 3048 3377 3120 objiciendus,
3439 3046 3606 3104 citius
3657 3041 3756 3099 frui

365 3136 575 3193 saecula
608 3137 844 3191 fuerunt
882 3134 1066 3203 dubii,
1099 3139 1154 3190 et
1203 3136 1567 3192 auctoritatis
1599 3138 1807 3194 saltem
1848 3142 2007 3196 anci-
2049 3204 2080 3210 _
2122 3142 2304 3209 optat.
2331 3138 2711 3194 Romanosne
2726 3138 2782 3192 id
2815 3138 3139 3210 impediant
3163 3139 3464 3207 obsecrat,
3483 3140 3539 3192 et
3567 3133 3761 3191 bestias

365 3226 523 3299 pitis.
582 3229 704 3282 Huc
735 3225 960 3281 accedit
1013 3226 1166 3296 quod
1228 3225 1483 3297 plurimi,
1518 3232 1581 3283 ut
1620 3228 2007 3302 Hieronymus
2038 3204 2081 3266 ο
2122 3204 2177 3282 si
2202 3227 2312 3282 sibi
2347 3226 2733 3298 pepercerint,
2764 3233 2825 3282 ut
2859 3204 2931 3281 ab
2965 3226 3111 3299 ipsis
3154 3226 3433 3282 celeriter
3450 3204 3761 3287 devoretur,

362 3316 487 3389 ipse
518 3315 714 3381 tradit,
750 3314 1131 3387 Evangelium
1166 3314 1307 3370 illud
1343 3334 1376 3371 a
1408 3316 1675 3374 Matthiae
1726 3320 2012 3392 scriptum
2121 3321 2323 3388 aperta
2352 3316 2402 3371 vi
2438 3332 2500 3372 se
2531 3317 2873 3372 adacturum
2904 3320 3171 3371 testatur.
3205 3317 3323 3373 Sed
3356 3316 3449 3371 his
3478 3332 3546 3372 ex
3573 3314 3764 3368 arden-

362 3422 490 3463 esse
522 3406 959 3462 existimabant.
2120 3400 2469 3457 dentissimo
2520 3419 2622 3474 pro
2668 3402 2898 3458 Christo
2929 3401 3216 3457 moriendi
3277 3417 3480 3459 amore
3515 3399 3762 3473 profectis

434 3496 691 3567 Denique
730 3495 886 3551 idem
918 3497 1300 3553 Casaubonus
1334 3513 1448 3553 non
1482 3498 1736 3555 absurde
1786 3500 2013 3558 addidit
2116 3490 2375 3557 vocibus,
2398 3490 2531 3547 illas
2564 3492 2863 3547 modestiae
2892 3507 3010 3546 sua:
3044 3496 3226 3546 testes
3255 3491 3619 3546 continenter
3636 3488 3760 3545 sub-

357 3584 648 3658 Ignatium
684 3602 797 3640 non
832 3584 1084 3656 alicujus
1115 3587 1411 3659 Evangelii
1453 3589 1648 3656 verba,
1683 3590 1779 3644 sed
1829 3591 2009 3647 tradi-
2107 3578 2346 3652 jungit:
2381 3603 2409 3630 (ί
2447 3581 2738 3653 Ιςηοεοίιθ
2785 3579 2953 3635 mihi»
2987 3580 3133 3647 Quid
3170 3580 3322 3635 mihi
3357 3580 3505 3637 “me
3530 3581 3623 3646 είιν
3670 3594 3760 3649 98°

359 3676 573 3731 tionem
606 3673 889 3747 allegasse
924 3692 1037 3731 non
1071 3676 1510 3750 scriptam,qua:
1544 3684 1747 3749 postea
1778 3680 1834 3735 in
1860 3679 1963 3737 litti

2149 3671 2267 3726 :ovi.
2310 3690 2339 3719 »
2373 3670 2537 3736 Quod
2567 3684 2709 3726 sane
2744 3672 2801 3726 et
2829 3670 3188 3725 sanctissimi
3225 3669 3511 3743 martyris
3539 3670 3753 3743 pietate,

356 3783 450 3821 ras
510 3765 685 3821 fuerit
739 3768 943 3834 relata,
999 3768 1056 3820 et
1113 3765 1391 3822 Hebraico
1454 3767 1789 3839 Evangelia,
1851 3770 2008 3842 quod
2113 3762 2170 3815 et
2199 3759 2502 3827 modestia,
2534 3765 2591 3816 et
2620 3758 2851 3831 piorum
2884 3758 3149 3815 omnium
3184 3758 3472 3816 laudibus
3502 3766 3558 3815 et
3588 3757 3758 3815 admi-

357 3857 624 3913 Matthaeo
679 3856 1034 3922 tribuebant,
1092 3856 1333 3914 inserta.
1396 3857 1511 3915 Nec
1547 3858 1695 3915 male
1744 3861 2003 3932 quidem,
2112 3851 2337 3907 ratione
2362 3851 2772 3921 dignissimum
2793 3868 2923 3907 esse
2946 3867 3117 3907 nemo
3139 3850 3755 3909 sincerusChristianie

355 3946 503 4005 Nam
537 3946 798 4018 Ignatius
850 3946 949 4018 qui
983 3946 1210 4002 litteras
1238 3964 1377 4003 suae
1424 3948 1675 4018 vinctus,
1707 3955 1766 4006 et
1795 3951 1853 4005 in
1909 3951 2003 4006 iti-
2111 3940 2406 4015 religionis
2439 3942 2632 4000 cultor
2662 3959 2923 4015 unquam
2957 3942 3334 4000 difﬁtebitur.

355 4052 513 4102 nere,
571 4053 637 4091 ac
668 4044 885 4090 secreto
944 4036 1221 4126 exaravit,
1280 4036 1459 4092 verba
1516 4037 1618 4093 illa
1646 4056 1776 4109 quas
1833 4041 2003 4098 nobis
2737 4067 2972 4125 CAPUT
3010 4066 3125 4126 xv,

351 4126 729 4194 objiciuntur,
762 4139 830 4177 ex
891 4123 1187 4188 memoria,
1243 4142 1309 4180 ac
1353 4129 1524 4195 prout
1580 4129 1762 4184 menti
1814 4129 2001 4201 ipsius
2744 4148 2747 4151 ι
2816 4123 2824 4124 κ
2894 4123 2907 4124 κ
2945 4123 2957 4125 -
3041 4123 3052 4124 η
3113 4123 3124 4126 _

351 4216 723 4236 “mu-""4
808 4227 910 4236 “’“’
959 4210 1175 4236 ”“¹²”···²”¹
1242 4212 1307 4236 ’³⁸
1345 4214 1582 4236 ---²“¹²-
1634 4220 1776 4236 τ’-Αη
1804 4235 1814 4236 ί
1869 4219 1907 4236 ι·
1953 4221 1964 4233 ο
2151 4194 2308 4235 Νίῐῖιῐι
2345 4195 2516 4234 FALSO
2552 4194 2620 4234 ET
2656 4194 2880 4233 TEMEnE
2920 4195 2978 4234 1N
3019 4194 3111 4235 ms
3151 4195 3449 4236 Εριετοωδ
3485 4195 3693 4236 mm.qu

348 4216 747 4282 occurrerunt,
808 4227 913 4267 nec
1239 4212 1310 4268 de
1343 4214 1583 4286 scriptis
1634 4219 1999 4292 Evangelicis
2107 4210 2308 4299 nimus
2345 4210 2516 4299 tanqu
2552 4210 2613 4299 ι·δῖ
2663 4210 2880 4233 somnum
2920 4210 2975 4234 In
3019 4210 3111 4299 £1.15
3136 4210 3449 4299 .DI’IBLULID
3486 4210 3655 4299 muli.

344 4300 431 4356 vel
484 4279 751 4374 legendo,
798 4301 887 4358 vel
946 4279 1092 4358 forte
1141 4301 1316 4358 etiam
1374 4279 1677 4375 cogitando
1735 4279 1944 4380 epistol

344 4391 591 4430 ςηαομιιςι
625 4409 747 4430 unm

2163 4285 2207 4341 Ι.
2267 4290 2387 4341 Non
2418 4284 2475 4340 id
2517 4285 2723 4355 falsum
2753 4300 2882 4351 esse,
2914 4285 3058 4356 quod
3112 4284 3181 4340 de
3210 4287 3457 4356 epistola
3488 4284 3655 4342 Pauli
3690 4279 3761 4337 ad

2173 4356 2428 4430 Ephesios
2459 4357 2749 4430 scribitur,
2790 4361 2838 4413 et
2871 4356 3011 4430 quod
3039 4357 3294 4428 Ignatius
3323 4361 3514 4429 [erlur
3560 4357 3758 4413 dixisse

342 4396 595 4448 Inseruit
625 4409 769 4449 Βυωσ
2169 4396 2459 4484 ῖεμυὶἆῖςεε
2490 4397 2788 4485 Christum.

679 4501 706 4569 §
738 4499 832 4557 ῙῙῙ·
869 4498 1082 4569 Quart“
1112 4498 1337 4573 οθῙθσίίθ
1369 4500 1664 4576 "Iulum"
2024 4577 2067 4609 η
2170 4535 2382 4608 Objicit
2416 4538 2613 4605 postea
2650 4534 2904 4593 Dallteus
2956 4536 3103 4594 illud
3135 4536 3361 4595 falsum
3426 4553 3579 4605 esse,
3612 4534 3756 4609 quod

409 4610 489 4666 Ex
530 4610 820 4701 omnibus
851 4626 1021 4701 porro
1081 4609 1278 4667 Dallazi
1323 4614 1689 4685 argumentis
1752 4618 1981 4677 nullum
2019 4577 2067 4643 D
2096 4577 2299 4683 auctdr
2347 4577 2545 4682 no'ster
2574 4626 2809 4700 scripsit
2838 4627 2907 4682 ad
2968 4627 3297 4701 Ephesios:
3360 4652 3382 4679 ε
3420 4577 3751 4685 Paul’ug.....

329 4716 471 4755 sane
525 4698 623 4755 illo
680 4698 1010 4756 mirabilius
1063 4704 1170 4764 est,
1231 4702 1385 4774 quod
1416 4701 1515 4759 ille
1564 4704 1725 4762 ducit
1756 4724 1824 4765 ex
1883 4708 1977 4767 his
2090 4716 2190 4787 qui
2220 4715 2279 4771 in
2312 4716 2471 4771 omni
2502 4698 2756 4789 Episto'la
2780 4698 3126 4773 memoriam
3151 4718 3291 4774 facit
3324 4719 3512 4775 vestri
3540 4718 3598 4774 in
3618 4717 3750 4774 Jesu

328 4789 685 4879 sanctissimi
710 4790 1484 4879 martyrisnostriverbis”:
1513 4793 1793 4854 «Utinam
1816 4798 1979 4856 fruar
2086 4804 2316 4863 Christo
2346 4803 2414 4862 3°.
2450 4824 2476 4857 ι
2510 4807 2622 4863 Sed
2664 4806 2786 4862 haec
2833 4822 2949 4863 non
2982 4810 3152 4879 urget
3200 4808 3336 4878 ejus
3371 4809 3668 4873 defensor,
3696 4808 3751 4861 et

326 4876 555 4969 bestiis,
588 4894 736 4951 quas
763 4882 820 4969 et
852 4877 1154 4934 blanditiis
1187 4880 1549 4969 demulcebo,
1578 4887 1643 4938 ut
1672 4885 1849 4943 cilius
1881 4904 1975 4945 me
2084 4899 2237 4951 recte
2266 4894 2526 4969 quidem.
2560 4895 2700 4963 Quis
2732 4894 2888 4952 enim
2928 4876 3150 4953 nesciat
3184 4876 3443 4954 Paulum
3478 4913 3652 4954 unam
3682 4895 3745 4950 ad

323 4966 636 5059 devorent,
697 4967 797 5023 sed
855 4971 912 5023 et
962 4969 1102 5039 ipsa:
1156 4968 1439 5026 volentem
1491 4971 1697 5044 nolint,
1751 4992 1857 5048 ego
1916 4995 1927 5023 η

2141 4966 2362 5055 phesios
2384 4983 2699 5057 Epistolam
2733 4985 2985 5056 dedisse,
3005 5003 3070 5043 ac
3099 4985 3161 5042 in
3188 4986 3355 5043 omni
3390 5003 3463 5043 ea
3496 4984 3745 5059 Epistola

321 5057 553 5129 adigam
587 5052 853 5146 8‘5)th
884 5056 1039 5112 enim
1062 5056 1258 5125 verba.
1283 5074 1410 5132 quae
1443 5059 1674 5133 piorum
1705 5064 1968 5123 omnium
2077 5052 2460 5146 Ephesiorum
2500 5073 2705 5131 fecisse
2765 5052 3126 5133 memoriam.
3162 5077 3291 5132 llaec
3357 5052 3566 5133 autem
3626 5076 3744 5130 ideo

318 5146 522 5203 laudes
567 5145 1131 5219 admirationemque
1164 5163 1446 5217 meruere,
1481 5149 1693 5209 Dallaeo
1726 5169 1760 5209 a
1810 5171 1922 5211 mai

2130 5169 2343 5221 )servat
2373 5165 2652 5237 lgnatius,
2680 5167 2959 5239 quoniam
2984 5167 3041 5222 in
3065 5183 3133 5225 ea
3153 5166 3383 5225 Paulus
3414 5167 3734 5241 gloriosam

314 5234 458 5329 tyris
490 5234 707 5329 pietate
737 5250 803 5293 ac
829 5234 1136 5329 “modestia
1167 5234 1359 5329 aliena
1388 5241 1629 5329 omnino
1672 5240 1958 5300 videntur.
2073 5249 2306 5308 illorum
2343 5234 2562 5326 ubique
2591 5234 2730 5310 facit
2766 5255 3141 5325 mentionem,
3172 5264 3351 5329 atque
3385 5234 3489 5315 eos
3520 5258 3594 5313 ad
3626 5255 3740 5327 pie-

314 5323 588 5420 Un-deuin
620 5325 770 5420 hanc
826 5324 1284 5420 ille_prorumpit
1332 5327 1811 5420 exclamationem
1868 5332 1955 5392 ⁸⁵ε
2069 5323 2941 5418 tateminforniandoﬁpsorum
2965 5323 3207 5404 virtutes
3230 5323 3477 5420 semper
3498 5323 3737 5407 extollit.

312 5434 340 5463 ‹‹
382 5414 425 5471 0
456 5416 612 5473 diras
670 5419 727 5473 et
756 5413 1121 5474 truculentae
1170 5432 1357 5487 voces,
1414 5435 1527 5475 non
1587 5418 1702 5477 alia
1758 5423 1957 5483 anima
2064 5434 2120 5486 et
2155 5432 2465 5504 praedicat:
2502 5413 2714 5491 nullibi
2744 5434 3099 5507 vero,sicuti
3129 5436 3186 5493 iu
3216 5413 3737 5509 aliisquibusdam

307 5608 355 5645 ι,
377 5537 703 5645 ῗαηθὲῗὲδ·
733 5540 1306 5645 ἐὲδηςέξὶιθὲξκςξδέἒ
1334 5543 1545 5645 531...?
1588 5551 2447 5645 Hi-.“’£t’-£°F’€~I~.-“Epist:
2490 5560 2746 5645 “ditem
2816 5562 3298 5645 “Pelian-caro
3320 5562 3459 5645 -18,
3493 5578 3552 5635 ρο
3612 5560 3733 5645 34.2:

385 5628 530 5709 935;
547 5613 672 5709 33?;
718 5612 992 5709 _°‘nf§gi_,§t-
1028 5612 1865 5709 gfgicéjgnleqat-Igpistgj
1895 5642 2027 5701 pag.
2060 5629 2184 5685 346.
2244 5612 2824 5691 δίθᾸὶἧδιίοῄείΪῖὖῗιῐῐ
2874 5612 3589 5708 ιῑῑίῖῧᾶῗᾶἕιῖξγζᾘοῖνξθ
3616 5612 3734 5690 ἐξιῖέ

305 5689 366 5739 et
386 5680 549 5753 'Aug.
584 5680 683 5738 lib.
718 5699 735 5740 ι
767 5680 997 5754 ὓθὶὶυη
1031 5701 1156 5756 cap.
1188 5686 1259 5742 22
1287 5687 1357 5742 89
1384 5680 1510 5760 cap.
1548 5680 1640 5761 t9;
1662 5708 1718 5763 p.
1751 5694 1876 5755 351.
