4026 6206
299 425 412 485 529

1249 423 1325 483 ι).
1374 420 1707 484 NOURRll
1755 420 2296 484 DISSEHTATIO.
2343 455 2419 469 --
2461 422 2664 484 PARS
2706 424 2758 483 I.

3602 425 3719 486 530

299 556 597 631 Epistolis,
630 558 701 615 ad
736 557 883 614 alios
912 557 1185 627 exaratis,
1218 555 1349 614 illos
1372 554 1638 630 arguisse
1669 558 1770 613 aut
1792 556 1940 614 vitu-
1974 558 2027 628 Α
2061 556 2189 615 vidi.
2222 557 2334 615 Sed
2366 561 2532 615 vetus
2562 558 2660 615 ille
2689 557 2997 630 interpres,
3034 560 3098 612 ut
3144 572 3213 613 ex
3267 556 3396 629 eius
3446 557 3711 616 versione

294 664 536 722 perasse
566 647 809 720 legitur.

362 740 493 795 Hac
522 756 659 794 cum
684 738 868 795 levius
900 737 1189 811 attigisset
1216 736 1494 809 Dallaus,
1527 737 1716 794 multo
1749 736 1945 794 acrius

290 829 359 885 de
390 846 459 885 eo
493 828 781 902 disputat,
815 830 972 903 quod
1003 828 1266 902 Ignatius
1287 827 1584 884 Christum
1617 845 1678 885 se
1730 827 1949 891 vidisse

289 919 503 975 asserit
537 937 551 976 :
588 943 613 969 (ι
649 919 769 992 Ego
802 918 956 974 enim
992 924 1049 975 et
1078 922 1211 991 post
1240 917 1725 975 resurrectionem
1748 918 1945 989 ipsum

282 1008 418 1078 vidi,
452 1017 509 1064 et
535 1009 709 1065 credo
740 1008 1085 1065 existentem
1114 1008 1179 1063 ⁸ο.
1214 1029 1243 1059 »
1264 1010 1357 1079 At,
1410 1008 1606 1080 inquit
1662 1007 1941 1075 Dallaus,

284 1098 741 1170 Chrysostomus
790 1099 1054 1156 oratione
1126 1098 1477 1171 panegyrica
1520 1094 1582 1153 in
1628 1096 1940 1168 lgnatium,

283 1204 585 1260 nusquam
608 1187 776 1243 illum
803 1210 831 1237 ‹‹
857 1186 1071 1244 Christi
1093 1192 1337 1260 aspectu
1358 1192 1416 1243 et
1438 1185 1888 1253 consuetudine,
1912 1210 1939 1237 »

281 1278 439 1348 quod
471 1277 531 1333 in
558 1294 625 1334 eo
649 1293 918 1334 sermone
946 1294 1061 1333 non
1090 1284 1213 1333 erat
1236 1277 1763 1350 pratermissurus,
1798 1298 1826 1327 «ι
1849 1292 1945 1349 ga-

279 1367 473 1423 visum
499 1383 629 1423 esse
654 1371 958 1423 memorat.
984 1388 1012 1416 n
1032 1366 1204 1439 Ergo,
1230 1366 1409 1421 infert
1448 1364 1603 1422 idem
1650 1365 1899 1421 Dallaus
1921 1384 1941 1420 :

280 1455 321 1490 “
385 1454 739 1513 «Manifesti
785 1455 1073 1511 mendacii
1131 1454 1494 1511 convincitur
1563 1452 1940 1526 epistolarum

282 1545 527 1618 sciptor.
569 1568 591 1595 ι
630 1546 728 1601 llis
763 1545 1189 1618 respondemus
1221 1544 1278 1599 in
1312 1543 1506 1600 Graco
1556 1542 1938 1615 epistolarum

278 1633 495 1706 Ignatii
521 1632 749 1690 sincero
781 1638 838 1689 et
869 1632 1094 1706 integro
1127 1632 1345 1699 codice,
1388 1647 1492 1687 nec
1538 1648 1653 1686 non
1702 1629 1938 1685 Eusebii

279 1729 335 1779 et
355 1723 709 1779 Theodoreti
760 1723 999 1795 scriptis
1052 1738 1166 1778 non
1209 1720 1323 1794 legi
1384 1716 1528 1773 εἶδον
1564 1719 1703 1787 vidi,
1750 1720 1850 1776 sed
1884 1716 1934 1773 ἐν

284 1813 442 1885 σαρκὶ
474 1812 636 1867 αὐτὸν
673 1810 811 1882 οῖδα,
843 1811 934 1867 καὶ
987 1810 1226 1868 πιστεύω
1271 1805 1419 1869 ὄντα.
1471 1816 1647 1868 Porro
1694 1811 1934 1867 verbum

2059 646 2227 703 facile
2248 644 2621 719 intelligitur,
2666 665 2781 704 non
2832 646 2912 703 ita
2960 647 3150 702 Graece
3202 648 3409 703 doctus
3453 652 3599 717 erat,
3650 653 3713 704 ut

2054 738 2299 795 verbum
2331 738 2457 793 oio‘a
2486 754 2584 810 per
2613 739 2881 796 Latinum
2912 738 3056 806 vidi,
3088 740 3347 795 cumscio
3369 739 3456 795 vel
3479 742 3608 796 novi
3630 739 3715 795 di‘

2056 842 2185 884 cere
2218 828 2543 895 debuisset,
2576 832 2729 885 recte
2760 827 3091 884 reddidisse
3126 827 3376 883 dicatur.
3426 826 3709 900 Hierony-

2056 933 2188 972 mus
2214 932 2372 985 vero,
2402 916 2502 987 qui
2524 916 2820 972 versiones
2844 933 2981 973 suas
3005 916 3289 974 citissime
3333 916 3504 973 edere
3552 921 3711 973 sole-

2053 1005 2177 1069 bat,
2211 1004 2452 1062 humani
2480 1005 2653 1061 etiam
2679 1005 2894 1077 aliquid
2929 1007 3172 1063 forsitan
3197 1024 3407 1077 passus
3426 1011 3552 1076 est;
3586 1005 3702 1062 uisi

2052 1095 2123 1151 ab
2142 1094 2340 1166 aliquo
2359 1094 2633 1168 imperito
2658 1095 2973 1167 interprete
2996 1095 3192 1153 Latino
3211 1096 3384 1153 fuerit
3401 1098 3702 1167 deceptus.

2054 1184 2269 1241 Verum
2294 1186 2708 1257 quoquomodo
2738 1200 2831 1241 res
2872 1201 2939 1241 se
2989 1184 3222 1253 habeat,
3282 1190 3436 1242 certe
3489 1186 3704 1243 Gracis

2052 1290 2186 1329 cum
2218 1273 2598 1343 epistolarum
2625 1274 2861 1348 lgnatii,
2884 1278 3011 1331 tum
3034 1275 3270 1331 Eusebii
3297 1276 3562 1331 Historia
3584 1293 3707 1332 ma-

2055 1362 2373 1435 nuscriptis
2404 1364 2704 1420 codicibus
2736 1364 2925 1435 major
2975 1365 3148 1421 debet
3191 1381 3317 1421 esse
3362 1364 3705 1435 auctoritas,

2052 1451 2391 1523 caterisque
2417 1452 2693 1509 omnibus
2715 1454 3124 1525 anteponenda
3144 1458 3251 1510 est.
3275 1454 3344 1509 Et
3373 1454 3430 1509 id
3465 1455 3701 1527 quidem

2050 1559 2117 1599 ex
2145 1559 2212 1599 eo
2242 1543 2577 1599 conﬁrmari
2602 1548 2810 1615 potest,
2835 1544 2990 1614 quod
3022 1544 3143 1615 ipse
3164 1544 3452 1616 Ignatiani
3481 1561 3705 1599 sermo-

2050 1632 2140 1688 nis
2164 1649 2397 1702 sensus,
2431 1634 2679 1705 ejusque
2711 1638 3076 1704 argumenta,
3109 1634 3349 1690 verbum
3409 1627 3531 1685 οἶδα
3589 1633 3702 1687 ibi-

2049 1722 2179 1777 dem
2214 1723 2451 1779 omniuo
2485 1722 2805 1795 postulent.
2840 1723 3101 1795 Ignatius
3132 1722 3422 1794 siquidem
3469 1722 3699 1780 duabus

2048 1818 2250 1868 contra
2278 1812 2582 1869 hareticos
2632 1813 2827 1884 petitis
2875 1830 2944 1869 ex
2999 1812 3309 1883 Evangelia
3362 1811 3693 1867 rationibus

282 1899 427 1972 οἶδα,
462 1906 684 1960 fatente
707 1904 943 1972 Dallao,
978 1903 1292 1973 signiﬁcat,
1322 1904 1458 1969 srio,
1491 1903 1933 1973 novi,cognosco.
1962 1933 2013 2003 Β
2046 1901 2341 1957 Christum
2379 1919 2492 1957 non
2528 1903 2727 1957 ﬁctum
2762 1910 2861 1957 aut
2906 1901 3276 1965 simulatum,
3332 1902 3429 1955 sed
3489 1916 3690 1956 verum

279 1991 442 2049 Unde
474 1994 654 2048 etiam
688 1993 934 2048 Ruﬁnus
965 1992 1022 2047 in
1046 2010 1154 2048 sua
1172 1992 1509 2047 Eusebiana
1530 1990 1787 2046 Historia
1809 2007 1928 2046 ver-
1962 1990 2008 2011 ’⁷
2042 1991 2339 2049 hominem
2371 1993 2551 2048 fuisse
2572 1994 2965 2048 demonstrat.
3001 1994 3072 2046 At
3100 1990 3151 2046 si
3181 1990 3481 2047 Christum
3544 1990 3695 2045 suis-

270 2083 455 2148 sione,
484 2083 630 2138 illud
668 2099 858 2154 priore
889 2084 1087 2149 verbo,
1111 2081 1248 2147 scio,
1269 2081 1471 2137 Latine
1511 2079 1785 2136 reddidit.

348 2173 542 2228 Instat
572 2171 829 2228 Dallaus
860 2171 1280 2243 manuscriptis
1312 2169 1548 2238 Gracis,
1593 2168 1694 2241 qui
1735 2168 1931 2225 totin-

274 2262 778 2334 terpolationibus
810 2262 957 2319 fmde
979 2260 1231 2331 corrupti
1267 2263 1426 2328 sunt,
1461 2258 1684 2315 nullam
1729 2257 1929 2315 haberi

270 2368 446 2424 posse
473 2352 655 2407 ﬁdem
688 2368 702 2408 :
745 2352 883 2407 item
936 2351 1238 2420 ltuﬁnum,
1279 2349 1542 2421 aliosque
1590 2348 1928 2405 Eusebiana

262 2442 533 2498 Historia
551 2440 855 2497 liberarios
880 2456 1268 2497 amanuenses
1282 2455 1384 2511 pro
1398 2438 1570 2494 verbo
1586 2434 1751 2507 εἶδον,
1772 2439 1928 2511 quod

264 2531 336 2587 de
366 2530 602 2605 Ignatio
626 2547 999 2603 nequaquam
1036 2531 1150 2586 dici
1198 2545 1368 2602 posse
1420 2532 1720 2599 noverant,
1770 2529 1925 2585 scri-

259 2622 454 2694 psisse
487 2618 617 2675 ora:
649 2637 663 2675 :
699 2621 952 2693 denique
974 2620 1346 2693 Hieronymo,
1372 2624 1429 2675 et
1449 2619 1688 2692 antiquo
1712 2618 1923 2674 harum

260 2708 659 2780 epistolarum
691 2708 1015 2782 interpreti,
1047 2708 1146 2780 qui
1177 2708 1419 2765 verbum
1438 2702 1582 2760 εἶδον
1605 2722 1921 2779 repraesen-

255 2803 410 2866 tant,
445 2798 694 2854 omnino
716 2815 847 2855 esse
873 2800 1255 2855 credendum.

328 2888 549 2945 Verum
590 2888 705 2944 hac
737 2887 935 2944 Dallai
967 2888 1082 2944 tela
1112 2887 1276 2944 facile
1332 2889 1752 2944 retunduntur.
1800 2892 1920 2944 Nos

262 2978 424 3033 enim
450 2995 565 3033 non
590 2979 659 3034 de
684 2977 1100 3050 manuscriptis
1135 2977 1520 3049 epistolarum
1583 2978 1796 3049 lgnatii
1828 2978 1919 3033 iu-

256 3068 569 3136 terpolatis
607 3068 931 3133 codicibus,
990 3067 1089 3124 sed
1140 3067 1368 3123 sincero
1431 3072 1488 3122 et
1545 3068 1766 3133 integro
1820 3081 1918 3123 co—

259 3158 416 3220 dice,
442 3173 613 3228 quem
636 3156 884 3215 Vossius
917 3158 1170 3227 nemine,
1195 3157 1281 3212 uti
1301 3156 1582 3221 diximus,
1613 3156 1912 3228 refragan-

255 3251 331 3311 te,
369 3246 487 3302 fide
519 3247 745 3316 optima
774 3245 973 3315 edidit,
997 3248 1393 3319 disputamus.
1418 3245 1581 3309 Quod
1616 3250 1809 3300 autem
1837 3245 1907 3300 ad

2039 2087 2157 2139 met
2186 2082 2371 2138 oculis
2406 2083 2463 2137 in
2497 2099 2668 2137 carne
2700 2082 2825 2153 ipse
2862 2080 3127 2146 vidisset,
3178 2080 3323 2136 nihil
3381 2079 3678 2136 efﬁcacius

2035 2177 2237 2228 contra
2265 2189 2364 2229 eos
2393 2172 2645 2243 proferre
2669 2177 2914 2243 poterat,
2967 2186 3141 2242 quam
3201 2184 3262 2226 se
3302 2170 3424 2226 suis
3469 2170 3676 2236 oculis,

2036 2262 2130 2319 his
2155 2266 2212 2319 et
2243 2263 2334 2320 his
2364 2263 2421 2318 in
2456 2263 2619 2333 locis,
2652 2279 2786 2317 cum
2820 2261 2913 2318 bis
2935 2267 2993 2317 et
3019 2260 3135 2316 illis
3166 2259 3341 2316 sociis
3360 2265 3415 2316 et
3437 2260 3681 2317 testibus

2012 2335 2193 2409 ~omni
2224 2351 2559 2425 exceptione
2588 2351 2924 2421 majoribus,
2959 2348 3243 2422 apostolis
3272 2348 3562 2419 videlicet,
3584 2352 3685 2404 aut

2033 2441 2246 2499 Christi
2280 2441 2610 2512 discipulis,
2637 2440 2949 2496 Dominum
2976 2440 3171 2512 ipsum
3198 2438 3436 2505 vidisse,
3463 2455 3526 2496 ac
3547 2456 3683 2496 cum

2035 2530 2133 2588 illo
2164 2532 2347 2588 fuisse
2390 2534 2823 2588 conversatum.

2028 2638 2150 2709 §ll.
2175 2636 2337 2695 Nihil
2373 2642 2579 2695 temere
2618 2639 2823 2694 dictum
2861 2640 2939 2709 est
2962 2637 3028 2693 de
3075 2637 3419 2708 uallat/ua,
3463 2636 3679 2693 Christo

2098 2714 2380 2776 nascente,
2409 2710 2809 2783 apparuit,vel
2839 2708 2906 2764 de
2947 2724 3007 2766 eo
3038 2709 3178 2783 quod
3244 2709 3497 2765 Christus
3554 2714 3678 2781 rost

2100 2792 2333 2839 mortem
2361 2782 2560 2839 bibisse
2590 2781 2927 2854 perhibetur.

2097 2889 2351 2946 Dallaus
2383 2894 2447 2947 ut
2495 2892 2793 2947 auctorem
2844 2891 3113 2945 nostrum
3158 2888 3423 2945 omnium
3483 2888 3674 2944 crimi-

2026 2997 2165 3036 num
2199 2997 2362 3036 reum
2398 2979 2590 3047 faciat,
2623 2979 3159 3037 illumtemeritatis
3182 2976 3329 3035 inoo
3360 2977 3570 3034 deinde
3593 2994 3678 3035 ar-

2023 3069 2170 3141 guit,
2195 3070 2347 3141 quod
2381 3068 2451 3124 de
2477 3066 2664 3138 stella,
2695 3086 2843 3141 qua,
2873 3068 3097 3124 Christo
3142 3071 3441 3135 nascente,
3502 3082 3678 3138 appa-

2025 3163 2242 3225 ruerat,
2275 3158 2578 3229 scripserit
2606 3156 2655 3192 ⁹²
2689 3178 2716 3208 α
2747 3157 2924 3214 Stella
2954 3157 3014 3214 in
3049 3154 3190 3213 calo
3234 3154 3418 3223 fulsit,
3479 3155 3677 3227 splen-

2026 3248 2165 3303 dore
2195 3264 2556 3320 exsuperans
2588 3263 2792 3303 omnes
2824 3247 3047 3313 stellas,
3078 3252 3137 3302 et
3162 3246 3260 3301 lux
3289 3244 3444 3301 illius
3474 3241 3675 3301 ineffa-

256 3336 495 3393 Eusebii
532 3311 845 3393 Historiam
878 3311 1111 3404 attinet,
1146 3335 1345 3392 nullus
1378 3352 1590 3407 magna
1645 3335 1768 3391 sine
1814 3339 1908 3391 te-
1941 3311 1984 3387 (ἶ
2025 3335 2162 3392 bilis
2193 3311 2400 3400 erat,-»
2432 3342 2541 3393 etc.
2580 3360 2608 3390 α
2632 3337 2864 3406 Omnia,
2889 3311 3081 3408 inquit
3102 3330 3439 3403 Danaus,"8
3468 3350 3536 3390 ex
3559 3351 3673 3390 uno

260 3427 532 3482 meritate
566 3443 697 3483 eam
730 3426 810 3482 ibi
842 3435 1175 3498 corruptam
1203 3442 1332 3481 esse
1363 3424 1591 3481 dixerit.
1618 3424 1719 3480 Illa
1741 3424 1913 3498 quip-

258 3534 327 3589 pe
361 3521 608 3572 rcntum
645 3517 761 3572 fere
794 3518 964 3573 annis
997 3520 1131 3573 ante
1164 3516 1423 3572 Latinam
1453 3514 1647 3570 Ruﬁni
1696 3516 1915 3570 versio-

259 3623 390 3663 nem
424 3606 751 3679 publicata,
782 3605 843 3661 in
876 3606 1138 3662 omnium
1170 3609 1407 3661 venerat
1463 3620 1697 3673 manus,
1750 3608 1806 3660 et
1852 3602 1911 3659 in

256 3714 433 3771 quam
445 3696 724 3771 plurimis
740 3696 1114 3752 Bibliothecis
1133 3700 1255 3751 erat
1269 3699 1581 3753 asservata.
1605 3693 1761 3754 Nihil
1775 3709 1911 3767 ergo

252 3793 461 3860 postea
484 3786 577 3843 vel
602 3786 662 3842 in
683 3786 876 3843 Graco
897 3787 1024 3857 ejus
1046 3791 1207 3842 textu
1236 3785 1554 3857 scriptores
1577 3785 1811 3857 antiqua
1823 3784 1912 3854 rii,

251 3877 334 3933 vel
371 3879 431 3933 in
459 3876 734 3933 versione
766 3890 876 3932 sua
906 3875 1149 3932 Ruﬁnus
1182 3874 1497 3931 immutare
1547 3877 1862 3949 potuerunt
1894 3892 1907 3943 ;

257 3968 401 4039 quin
425 3982 497 4022 ex
520 3966 854 4021 innumeris
876 3965 1138 4036 ejusdem
1180 3965 1447 4020 Historia
1500 3964 1793 4021 codicibus
1822 3963 1914 4019 hic

256 4059 325 4113 ab
353 4054 714 4112 adversariis
745 4053 893 4121 suis,
926 4053 1012 4110 illi
1035 4057 1107 4109 ab
1130 4053 1364 4110 Eusebii
1397 4054 1721 4111 fautoribus
1744 4053 1915 4110 adul-

249 4146 562 4202 terationis
615 4148 672 4200 et
730 4143 1122 4216 corruptionis
1182 4144 1381 4200 statim
1408 4144 1911 4200 convincerentur.

255 4233 475 4289 Deinde
498 4231 637 4304 quis
670 4232 782 4287 sibi
820 4233 1169 4303 persuadeat
1195 4231 1501 4303 Ruﬁnum,
1523 4236 1915 4289 etamanuenc

254 4339 345 4379 ses
374 4321 722 4379 Eusebiana
756 4321 1022 4377 Historia
1055 4322 1372 4394 scriptores
1404 4322 1475 4377 ad
1532 4338 1916 4395 corrumpen-

253 4415 355 4468 dos
388 4428 607 4468 omnes
646 4411 911 4467 Historia
956 4410 1116 4466 illius
1166 4410 1392 4467 codices
1440 4411 1615 4468 simul
1656 4412 1736 4468 ita
1775 4428 1913 4469 con-

251 4503 549 4574 spirasse,
584 4504 649 4556 ut
679 4516 798 4571 eos,
836 4500 995 4557 nullo
1026 4501 1263 4556 homine
1294 4501 1666 4571 reclamante,
1703 4502 1913 4575 depra-

248 4595 522 4651 vaverint
578 4598 753 4663 atque
807 4592 1256 4649 adulterarint?
1301 4592 1563 4665 Denique
1622 4594 1914 4666 quomodo

2023 3423 2196 3482 istius
2228 3428 2463 3482 cerebro
2497 3428 2780 3499 prodiere,
2814 3443 2848 3481 a
2878 3427 3178 3498 Scriptura
3208 3425 3417 3493 aliena,
3446 3425 3516 3480 ab
3549 3424 3672 3496 ipso

2023 3515 2201 3587 hujus
2230 3516 2409 3572 stella
2444 3534 2552 3572 usu
2588 3516 2984 3583 abhorrentia,
3016 3518 3086 3570 ad
3148 3518 3383 3570 domum
3447 3513 3675 3569 scilicet

2023 3606 2386 3664 Bethlebemi
2421 3608 2817 3665 indicandam.
2853 3628 2881 3657 »
2911 3606 3071 3670 Quod
3105 3608 3341 3677 quidem
3401 3605 3507 3661 hac
3539 3621 3674 3677 pro.

2025 3697 2123 3750 bat
2171 3697 2445 3751 ratione:
2490 3718 2519 3747 «
2579 3693 2929 3750 Absurditas
2979 3693 3114 3749 inde
3172 3696 3354 3765 patet,
3406 3692 3563 3763 quod
3606 3709 3675 3748 ea

2024 3783 2904 3857 Christianoruminterpretum
2962 3798 3155 3848 nemo,
3216 3781 3371 3853 quod
3431 3781 3672 3852 quidem

2023 3875 2230 3944 sciam,
2263 3878 2524 3942 secutus,
2560 3874 2665 3947 qui
2701 3878 2819 3928 tam
2876 3871 3045 3926 multi
3107 3870 3177 3926 de
3226 3870 3395 3927 stella
3453 3870 3671 3941 aliquid

2022 3963 2401 4020 commentati
2422 3966 2579 4019 sunt.
2615 3983 2644 4013 »
2678 3962 2786 4026 Qui
2818 3976 2935 4016 non
2970 3960 3217 4016 miretur
3238 3959 3517 4015 Dallaum
3551 3977 3672 4016 om-

2024 4052 2247 4125 nigena
2280 4051 2569 4122 lectionis,
2590 4062 2655 4108 ut
2675 4052 2785 4108 sibi
2812 4050 3049 4123 quidem
3073 4051 3323 4119 videtur,
3351 4048 3670 4115 hominem,

2026 4144 2247 4199 necisse
2277 4143 2431 4215 apud
2462 4142 2815 4199 Clementem
2851 4139 3307 4197 Alexandrinum
3341 4155 3441 4196 seu
3475 4144 3672 4195 aucto—

2022 4247 2144 4289 rem
2176 4234 2455 4305 Excerpt.,
2488 4237 2737 4289 Leonem
2769 4232 3048 4304 Magnum
3078 4247 3253 4287 serm.
3300 4230 3437 4286 1De
3473 4230 3673 4298 nativ.,

2024 4327 2337 4384 Maximum
2366 4341 2543 4383 serm.
2576 4326 2631 4397 3,
2665 4342 2770 4382 nec
2802 4342 2916 4381 non
2953 4324 3433 4399 Chrysostomum
3466 4322 3673 4381 homil.

2020 4417 2055 4472 6
2085 4419 2145 4473 in
2174 4417 2383 4484 Matth,
2422 4417 2614 4473 eadem
2636 4417 2723 4472 vel
2758 4416 2929 4489 plura
2959 4418 3175 4475 similia
3205 4419 3275 4473 de
3307 4416 3487 4489 hujus
3522 4416 3671 4473 stel-

2020 4505 2088 4561 la
2110 4506 2469 4579 apparitione
2496 4522 2613 4561 non
2645 4500 2815 4562 secus
2848 4510 3024 4577 atque
3054 4507 3209 4579 apud
3261 4507 3554 4577 lgnatium
3585 4524 3674 4563 re-

2025 4597 2222 4669 periri.
2254 4597 2417 4666 Quod
2442 4602 2594 4653 certe
2627 4614 2695 4653 ex
2717 4597 2842 4654 sola
2863 4598 3149 4663 locorum,
3172 4614 3298 4669 qua
3322 4596 3672 4666 indicamus,

250 4686 531 4753 Ruﬁnus,
568 4688 625 4738 et
657 4698 1049 4739 amanuenses
1078 4682 1303 4738 librarii
1334 4682 1585 4738 Eusebio
1638 4682 1919 4740 oculatio-
1946 4695 1993 4760 Β
2027 4689 2177 4743 facta
2207 4686 2361 4742 inter
2392 4702 2455 4742 se
2486 4686 2906 4757 compositione
2964 4686 3209 4743 cuilibet
3261 4686 3672 4758 quantumvis-

250 4792 343 4830 res
377 4779 441 4831 et
476 4774 769 4829 doctiores
804 4772 882 4828 ita
905 4772 1141 4828 fuerunt
1174 4788 1189 4840 ;
1225 4776 1288 4828 ut
1310 4771 1466 4844 quod
1491 4770 1589 4826 ille
1621 4772 1916 4843 nescierit,

252 4863 341 4918 illi
384 4861 725 4919 certissime
757 4861 1120 4934 agnoverint,
1160 4877 1359 4918 vocem
1394 4856 1535 4914 εἶδον
1583 4862 1652 4917 de
1693 4860 1915 4934 Ignatio

250 4953 501 5025 penitus
535 4950 713 5006 scribi
750 4967 865 5007 non
902 4951 1188 5024 potuisse.
1220 4954 1346 5007 Huc
1390 4951 1538 5007 adde
1586 4950 1917 5007 eruditissi-

253 5058 428 5098 mum
464 5040 901 5096 Theodoretum
931 5039 990 5095 in
1014 5040 1212 5097 Graca
1232 5038 1465 5096 Eusebii
1497 5038 1747 5096 Historia
1776 5055 1919 5096 con-

250 5137 489 5188 stanter
516 5129 731 5201 legisse
763 5124 910 5197 οἶδα,
939 5134 996 5185 et
1054 5130 1433 5202 pervolutatis
1483 5127 1688 5201 Ignatii
1732 5127 1918 5184 nostri

250 5220 553 5294 epistolis,
584 5219 733 5275 nihil
758 5220 815 5275 in
850 5219 1083 5276 Eusebii
1117 5223 1275 5276 textu
1330 5218 1786 5292 deprehendisse
1830 5217 1918 5275 vel

257 5311 517 5367 minima
549 5312 967 5383 corruptionne
991 5309 1290 5366 foedatum.

329 5402 419 5457 Ad
453 5402 908 5473 Hieronymum,
952 5403 1328 5472 veteremque
1377 5399 1585 5471 lgnatii
1632 5400 1920 5473 interpre-

253 5497 379 5547 tem
400 5490 560 5564 quod
585 5494 833 5565 spectat,
861 5488 1017 5563 apud
1039 5504 1137 5547 eos
1156 5490 1405 5547 occurrit
1426 5491 1662 5564 quidem
1679 5491 1920 5550 verbum

2029 4775 2313 4849 pervicaci
2337 4774 2577 4848 planum
2611 4776 2730 4833 ﬁet.

2099 4866 2265 4939 Piget
2287 4882 2429 4922 sane
2461 4867 2759 4939 pudetque
2784 4882 2848 4923 ea
2881 4867 3134 4924 refutare
3164 4865 3252 4923 vel
3282 4868 3458 4925 etiam
3491 4869 3673 4927 refer-

2029 4971 2109 5021 re,
2145 4971 2269 5026 qua
2300 4955 2501 5012 subdit
2530 4953 2781 5013 Dallaus
2812 4957 2857 4993 “
2881 4972 2894 5013 :
2918 4980 2947 5007 «
2982 4956 3187 5013 Levius
3210 4962 3315 5027 est,
3341 4957 3543 5027 fateor,
3572 4959 3676 5013 sed

2030 5045 2253 5118 Ignatio
2285 5062 2401 5102 non
2428 5046 2575 5102 satis
2605 5045 2872 5119 dignum,
2908 5048 3065 5120 quod
3114 5047 3260 5120 ipse,
3309 5048 3470 5105 nullo
3520 5053 3673 5103 certo

2029 5139 2291 5204 auctore,
2323 5140 2619 5192 asseverat
2674 5135 2964 5192 Christum
3013 5144 3144 5210 post
3189 5137 3674 5195 resurrectionem

2031 5223 2271 5282 bibisse.
2294 5246 2320 5277 ι
2347 5224 2499 5282 lllud
2527 5231 2724 5283 autem
2759 5227 2866 5283 hoc
2898 5226 3291 5284 subtilissime
3346 5227 3554 5301 probat
3585 5243 3678 5281 ar-

2030 5320 2309 5386 gumento
2344 5333 2358 5372 :
2398 5337 2420 5368 ι
2456 5320 2636 5372 Lucas
2668 5316 2927 5388 quidem,
2982 5316 3065 5371 uti
3111 5316 3191 5371 ait
3235 5316 3355 5382 ille,
3395 5315 3600 5373 scribit
3629 5313 3678 5349 9‘

2032 5405 2355 5475 apostolos,
2386 5414 2697 5477 postquam
2730 5405 3145 5462 resurrexisset
3164 5423 3194 5462 s
3216 5407 3487 5473 mortuis,
3514 5421 3678 5461 man-

2034 5492 2342 5551 ducavisse
2362 5497 2419 5550 et
2440 5494 2657 5550 bibisse
2678 5512 2693 5565 ;
2711 5493 2907 5566 ipsum
2931 5511 3063 5553 eum
3082 5495 3165 5553 eis
3183 5495 3476 5555 Christum
3498 5497 3677 5569 (quod

334 5728 363 5767 ⁸
391 5730 553 5789 Orat.
585 5730 650 5787 in
678 5731 855 5801 quat.
886 5729 933 5769 ἰ
957 5744 1089 5801 pag.
1122 5728 1246 5787 361.
1281 5729 1327 5766 ⁸³
1359 5730 1536 5802 Epist,
1560 5731 1632 5788 ad
1659 5733 1861 5805 3pm.
1894 5734 1920 5773 ος

2039 5751 2089 5809 ρ.
2109 5733 2204 5805 21,
2238 5752 2292 5808 ρ.
2324 5738 2452 5795 365.
2482 5739 2525 5774 "
2548 5754 2680 5811 pag.
2714 5739 2838 5797 365.
2871 5739 2920 5775 95
2948 5742 3070 5799 Act.
3104 5760 3156 5800 ι.
3193 5746 3278 5803 41.
