4026 6206
355 430 468 491 531

1418 426 1484 488 S.
1531 425 1927 488 IGNATIUS.
1972 456 2051 471 -
2092 427 2712 496 PROLEGOMENA.

3602 448 3703 508 532

364 564 477 621 iste
508 567 712 620 auctor
742 562 843 632 ait)
870 560 1312 650 manducavisse
1343 566 1402 650 et
1436 560 1656 650 bibisse
1712 576 2007 650 nusquam
2040 564 2095 631 Α
2124 564 2344 638 scribit,
2368 584 2545 625 manu
2579 586 2644 626 ac
2672 575 2958 642 potestate
2992 572 3173 629 fuisse
3218 574 3397 647 ipsum
3454 579 3709 650 supplicio

373 654 534 717 dicit,
568 674 598 702 η
626 652 725 707 sed
757 655 987 705 tantum
1018 647 1428 704 comedisse“.
1462 648 1505 704 Ο
1561 649 1742 706 miras
1799 649 2014 718 Dallzei,

374 745 482 797 viri
513 738 861 805 acutissimi,
896 737 1157 809 argutias
1186 742 1243 793 et
1289 737 1641 794 subtilitates
1672 738 1684 793 ι
1735 738 2015 810 Apostoli,

378 830 591 899 inquit,
621 830 899 883 dicuntur
927 843 1060 883 cum
1119 827 1348 884 Christo
1403 829 1786 885 manducasse
1832 835 1888 885 et
1946 829 2023 885 bi-

381 916 562 985 bisse,
619 914 886 971 Christus
935 932 1068 971 vero
1128 915 1343 971 dicitur
1384 921 1613 972 tantum
1673 919 2018 974 comedisse.

380 1004 531 1075 Ergo
562 1003 707 1059 illud
737 1004 1047 1076 indignum
1072 1009 1160 1061 est
1190 1005 1435 1077 Ignatio,
1460 1008 1614 1078 quod
1641 1006 1933 1063 Christum
1967 1013 2025 1063 et

385 1093 776 1150 manducasse
831 1098 888 1148 et
934 1093 1149 1149 bibisse
1193 1095 1423 1150 dixerit.
1482 1096 1659 1159 Quasi
1703 1112 1837 1152 vero
1888 1111 2021 1151 cum

384 1182 650 1239 Christus
680 1183 787 1239 hoc
818 1184 991 1240 modo
1023 1183 1408 1240 manducasse
1430 1185 1722 1251 scribitur,
1753 1192 1810 1241 et
1827 1185 2023 1257 ipsum

387 1288 618 1343 quoque
651 1272 865 1327 bibisse
897 1289 1011 1328 non
1044 1274 1226 1345 possit
1258 1275 1465 1330 merito
1496 1275 1634 1344 jure
1691 1274 2026 1330 subintelli-

385 1361 444 1433 gi
476 1362 503 1415 ‘i
533 1361 591 1417 Si
626 1361 871 1418 Dallseus
902 1377 1035 1417 cum
1059 1362 1263 1417 amicis
1293 1363 1440 1429 suis,
1472 1363 1571 1434 qui
1604 1379 1669 1419 eo
1709 1362 2025 1419 manduca-

383 1455 593 1507 verunt
639 1456 695 1507 et
736 1450 1030 1523 biberunt,
1081 1454 1471 1508 manducasse
1526 1453 1774 1522 dicatur,
1835 1468 2030 1510 nonne

384 1539 521 1596 inde
552 1543 609 1596 et
638 1555 773 1596 eum
823 1557 939 1597 non
989 1540 1182 1597 solum
1236 1543 1640 1613 manducasse,
1689 1543 1791 1599 sed
1850 1543 2027 1599 etiam

384 1632 605 1689 bibisse
636 1637 787 1691 recte
817 1632 1196 1690 concludetur
1224 1631 1251 1686 ?

460 1741 614 1813 §III.
650 1742 806 1799 Nihil
834 1742 1044 1816 falsum
1083 1740 1194 1797 dici
1247 1741 1314 1797 de
1338 1741 1640 1816 haereticis,
1685 1742 1787 1816 qui
1839 1742 1907 1799 ab
1936 1757 2031 1799 eu-

874 1813 1145 1869 charistia
1191 1814 1541 1871 recedebant.

2126 654 2391 715 liberare.
2422 683 2449 710 »
2482 661 2539 715 Si
2590 663 2736 719 bene
2786 663 2883 718 ille
2943 666 3199 722 auctoris
3247 684 3471 725 sensum
3513 669 3710 727 intelle-

2125 744 2284 817 lexit,
2318 765 2384 805 ex
2410 766 2475 806 eo
2507 757 2658 808 certe
2693 770 2803 809 non
2836 753 2984 809 bene
3013 762 3442 828 argumentatus
3467 763 3568 825 est,
3596 775 3711 815 cum

2127 837 2354 893 addidit
2382 839 2427 875 θ’
2458 857 2472 895 :
2509 863 2536 890 ‹‹
2562 843 2718 907 Ουοά
2756 843 2803 899 si
2833 843 2912 900 ita
2940 850 3046 917 est,
3074 847 3361 904 fatendum
3383 854 3465 905 est
3485 848 3602 905 illos
3626 850 3717 904 Ro-

2130 941 2337 982 manos
2366 928 2731 1000 gravissime,
2757 949 3049 1004 peccasse,
3073 940 3129 991 et
3152 936 3428 1009 parricidii
3451 939 3719 1010 cujusdam

2130 1031 2261 1071 reos
2293 1017 2539 1075 fuisse...
2575 1020 2675 1092 qui
2710 1038 2841 1079 eum
2869 1025 3011 1080 mori
3046 1043 3160 1082 non
3195 1027 3609 1099 prohibuerunt.
3642 1034 3724 1082 At-

2133 1106 2234 1175 qui
2269 1123 2381 1162 nou
2434 1124 2702 1180 peccasse
2753 1127 2851 1168 eos
2901 1120 3202 1173 constat...
3245 1116 3443 1172 falsum
3494 1122 3573 1172 est
3608 1133 3723 1189 ergo

2135 1195 2288 1265 quod
2321 1194 2417 1252 ille
2448 1198 2620 1256 toties
2647 1200 2921 1257 afﬁrmat.
2955 1225 2982 1254 »
3016 1205 3212 1276 Inepta
3243 1205 3407 1278 plane
3436 1209 3490 1262 et
3531 1206 3727 1261 insulsa

2134 1289 2223 1339 est
2252 1283 2651 1355 hujuscemodi
2686 1293 3392 1366 argumentatio.lgnatius
3410 1295 3607 1367 quippe
3630 1295 3726 1350 Ro-

2136 1391 2341 1431 manos
2373 1375 2480 1431 hac
2510 1377 2567 1432 in
2600 1396 2658 1435 re
2680 1382 2831 1453 apud
2864 1382 3069 1457 Deum,
3103 1373 3187 1441 vel
3221 1386 3515 1452 Caesarem,
3552 1386 3729 1457 autju-

2136 1463 2317 1532 dices,
2367 1467 2453 1521 vel
2508 1478 2775 1525 senatum
2846 1474 3225 1544 potentiores,
3295 1494 3457 1547 quam
3514 1492 3569 1531 re
3619 1490 3732 1529 vera

2136 1559 2324 1622 erant,
2358 1557 2590 1614 credere
2623 1561 2831 1631 potuit.
2866 1561 3082 1620 Deinde
3113 1567 3342 1622 etiamsi
3376 1565 3510 1620 illud
3556 1564 3611 1621 in
3638 1567 3735 1619 Ro-

2141 1660 2446 1701 manorum
2482 1654 2766 1719 potestate
2800 1650 3008 1708 fuisset
3038 1656 3319 1726 positum,
3352 1672 3459 1712 non
3503 1654 3625 1710 inde
3662 1657 3737 1707 ta-

2144 1749 2265 1789 men
2297 1735 2624 1807 gravissimi
2660 1742 2874 1809 peccati
2900 1748 2956 1798 et
2978 1746 3275 1816 parricidii
3299 1745 3740 1814 incusandisunt,

2143 1824 2296 1895 quod
2330 1840 2455 1881 eam
2491 1833 2735 1884 mortem
2764 1847 2874 1886 non
2911 1832 3341 1906 prohibuerint,
3373 1851 3532 1908 quam
3588 1833 3740 1888 totius

472 1920 700 1992 Objicit.
742 1926 943 1994 postea
991 1921 1242 1978 Danaus
1294 1921 1611 1979 nonnullos
1667 1922 1737 1979 ab
1790 1926 2036 1990 ‘auctore
2063 1930 2114 2001 Β
2144 1912 2405 1969 Ecclesiae
2427 1915 2659 1973 utilitati
2683 1920 3071 1991 profuturam,
3098 1941 3279 1996 quam
3320 1942 3430 1982 non
3465 1924 3581 1980 sine
3609 1924 3742 1977 certo

404 2015 604 2069 nostro
626 2013 905 2086 exagitari
942 2012 1242 2070 haereticos
1274 2029 1287 2069 :
1346 2036 1367 2063 ι
1404 2014 1512 2080 Qui
1576 2013 1649 2069 ab
1685 2011 2041 2069 eucharistia

404 2108 463 2160 et
492 2103 752 2160 oratione
777 2103 1076 2170 recedunt,
1109 2107 1342 2175 propter
1370 2120 1485 2159 non
1517 2101 1780 2159 confiteri
1824 2100 2042 2158 eucha-

406 2193 633 2252 ristiam
660 2211 894 2251 carnem
926 2210 1056 2250 esse
1089 2192 1425 2250 Salvatoris.
1450 2191 1494 2227 9"
1526 2214 1554 2243 ι
1587 2195 1678 2261 At,
1703 2191 1895 2264 inquit
1913 2188 2044 2247 Dal-

407 2286 569 2355 lzeus,
603 2285 703 2358 qui
735 2284 1123 2342 eccuratiores
1155 2283 1563 2340 haereticorum
1615 2282 1841 2339 edidire
1898 2288 2051 2337 cata-

403 2376 588 2449 logos,
622 2375 829 2432 nullibi
880 2373 1031 2431 ullos
1087 2373 1430 2446 hujusmodi
1481 2373 1785 2429 haereticos
1839 2368 2047 2444 Ignatii

404 2471 667 2537 tempore
699 2466 990 2523 exstitisse
1022 2465 1347 2537 perhibent.
1407 2463 1794 2529 Quamobrem
1854 2457 2047 2517 Dallmi

407 2557 681 2613 defensor
712 2572 926 2613 novum
958 2554 1009 2611 ei
1042 2554 1376 2611 subsidium
1414 2555 1642 2611 laturus
1671 2568 1685 2609 :
1739 2575 1767 2604 «
1800 2550 2048 2618 Siccine,

406 2647 507 2718 ait,
540 2646 718 2703 ofﬁcii
750 2646 841 2702 sui
901 2651 1018 2701 tam
1061 2643 1424 2717 negligentes
1479 2644 1638 2700 fuere
1689 2647 1909 2699 veteres
1967 2639 2050 2695 illi

411 2737 749 2809 scriptores,
782 2740 845 2792 ut
892 2752 1013 2792 rem
1053 2736 1194 2790 adeo
1249 2734 1713 2799 memorabilem,
1770 2736 1829 2788 et
1874 2746 2052 2803 quam

415 2827 563 2883 scire
596 2827 894 2895 intererat,
928 2825 1158 2880 silentio
1190 2823 1639 2893 praeterierint...
1675 2821 1931 2893 profecto
1958 2819 2052 2875 vix

412 2921 501 2972 est
529 2913 822 2971 credibile.
858 2935 886 2964 ››
920 2912 1032 2968 Sed
1064 2914 1217 2967 unde
1240 2910 1486 2967 Dallaaus
1518 2912 1764 2983 ejusque
1786 2909 2055 2965 defensor

414 3010 763 3077 acceperunt
784 3007 1005 3058 veteres
1028 3001 1159 3057 illos
1181 3002 1495 3072 scriptores
1518 2999 1919 3057 haereticorum
1943 2997 2055 3055 hae-

417 3109 763 3165 reseumque
794 3092 1055 3149 omnium
1092 3091 1215 3148 suis
1239 3093 1295 3146 in
1321 3089 1601 3163 catalogis
1655 3089 1861 3147 fecisse
1894 3106 2055 3147 men-

415 3182 631 3239 tionem
660 3183 687 3238 ?
711 3182 849 3238 Rem
874 3181 1040 3236 aliter
1065 3198 1127 3238 se
1165 3182 1378 3238 habere
1411 3197 1479 3237 ex
1536 3180 1788 3252 ipsomet
1846 3179 2056 3237 Dallaao

2149 2002 2468 2075 plurimum
2532 2005 2993 2068 Christianorum
3045 2014 3308 2085 periculo
3391 2013 3741 2077 avertendam,

2148 2100 2326 2169 quam
2349 2097 2598 2169 denique
2629 2100 2825 2157 divina
2853 2104 3145 2160 voluntate
3176 2105 3255 2161 ab
3279 2104 3491 2177 Ignatio
3520 2102 3744 2160 subeun-

2150 2187 2281 2243 dam
2314 2202 2443 2244 esse
2472 2204 2817 2261 persuasum
2842 2191 3151 2250 habebant.

2757 2336 2994 2393 CAPUT
3061 2337 3185 2396 XVI

2154 2498 2208 2537 IN
2240 2498 2331 2538 HIS
2361 2496 2645 2540 EPISTOLIB
2678 2499 2793 2539 NON
2824 2500 3022 2540 LESAM
3052 2501 3186 2541 ESSE
3215 2501 3436 2542 IGNATII
3466 2494 3760 2540 SAPIENTIAI

2754 2572 2822 2611 ET
2859 2573 3199 2613 MODESTIAM.

2157 2698 2183 2764 ξ
2214 2696 2255 2750 Ι.
2289 2694 2406 2770 Non
2439 2696 2629 2770 lwsam
2656 2712 2772 2751 esse
2800 2698 3008 2766 Ignatii
3037 2692 3765 2770 sapientiammequegmodes-

2334 2768 2473 2822 tiam
2515 2769 2704 2823 laesam
2730 2770 2789 2823 iu
2811 2771 2905 2835 iis,
2938 2785 3064 2842 qua
3080 2773 3146 2827 de
3169 2788 3230 2827 se
3242 2770 3370 2844 ipso
3385 2768 3614 2843 scripsit.

2229 2909 2355 2966 Non
2380 2910 2619 2981 majoris
2642 2913 2922 2968 momenti
2944 2912 3088 2969 illud
3114 2918 3223 2979 est,
3252 2915 3409 2988 quod
3432 2908 3766 2986 postmodum

2162 2999 2411 3056 Dallaaus
2469 3000 2690 3071 objicit,
2751 3001 2822 3058 ab
2874 3002 3081 3074 Ignatii
3138 3005 3353 3074 judicio
3399 3009 3453 3061 et
3524 2998 3767 3073 sapientia

2157 3089 2418 3146 nonnihil
2447 3091 2739 3147 abhorrere
2768 3090 2949 3149 videri
2970 3096 2986 3129 ¹
3017 3094 3201 3165 ;quod
3235 3095 3336 3152 ille
3360 3092 3531 3151 morti
3553 3086 3772 3149 certissi-

2161 3196 2268 3235 ma:
2291 3179 2534 3251 jamjam
2565 3179 2886 3249 dedendas,
2928 3184 3255 3240 secundum
3318 3183 3572 3258 Ephesiis
3626 3173 3769 3233 libel-

415 3273 713 3368 evi-denter
769 3272 1223 3368 demonstratur.
1284 3271 1588 3368 Enimvero
1610 3360 1629 3368 -
1655 3269 2055 3368 Theodoretus
2083 3298 2130 3368 α
2165 3268 2448 3368 lum-sese
2470 3269 2834 3368 scripturum.
2860 3271 3201 3343 polliceatur
3236 3290 3251 3330 :
3290 3297 3318 3325 ‹‹
3350 3274 3408 3329 Si
3439 3288 3530 3329 me
3571 3262 3775 3368 digniﬁ-

417 3362 538 3435 qui,
573 3363 789 3419 fatente
818 3361 1049 3433 Dallaao,
1082 3362 1189 3418 has
1218 3360 1494 3433 epistolas
1519 3361 1589 3417 ab
1607 3360 1830 3433 Ignatio
1853 3364 2051 3417 nostro

416 3453 662 3525 scriptas
695 3454 876 3509 fuisse
907 3454 1151 3525 putavit,
1181 3452 1400 3524 quique
1428 3468 1498 3507 ea
1548 3468 1676 3523 quas
1727 3451 1881 3507 idem
1934 3450 2061 3508 Dal-

418 3543 561 3599 lasus
592 3543 792 3613 objicit
822 3543 1015 3609 verba,
1052 3549 1113 3599 ut
1139 3559 1267 3598 vere
1315 3542 1613 3615 lgnatiana
1667 3540 2059 3613 transcripsit,

418 3634 478 3689 in
516 3634 637 3690 suis
666 3633 1070 3690 haereticorum
1117 3633 1418 3705 catalogis,
1464 3632 1594 3689 licet
1622 3649 1754 3688 sum
1801 3648 1896 3687 ma
1923 3648 2064 3687 cura

419 3726 613 3795 editis,
647 3724 876 3792 nullibi,
910 3729 975 3779 ut
1007 3724 1303 3780 contendit
1338 3721 1605 3793 Dalleeus,
1664 3737 1866 3778 eorum
1915 3738 2063 3793 quos

422 3818 683 3890 Ignatius
747 3815 1102 3872 eucharistia
1150 3813 1509 3870 abstinuisse
1572 3817 1883 3882 asseverat,
1941 3829 2065 3870 me-

425 3907 668 3964 minisse
696 3905 929 3979 legitur.
963 3907 1121 3961 Idem
1154 3906 1224 3961 de
1264 3904 1510 3961 Eusebio
1552 3903 1821 3977 aliisque,
1871 3903 1968 3975 qui
1994 3902 2065 3959 de

425 3998 744 4054 hssresibus
772 3998 1077 4068 scripsere,
1109 3995 1333 4066 hasque
1365 3995 1586 4067 Ignatio
1624 3998 1824 4051 nostro
1891 3994 2067 4064 adju-

426 4088 696 4143 dicarunt
737 4084 1035 4156 epistolas,
1083 4084 1288 4138 confici
1329 4090 1521 4155 potest
1560 4083 1807 4139 invicem
1865 4086 2068 4138 contra

428 4176 754 4230 Dallasauos
784 4179 1219 4242 argumentum.
1252 4171 1448 4243 Neque
1480 4188 1652 4243 porro
1684 4171 1739 4226 id
1806 4170 1909 4226 ulli
1960 4170 2068 4226 mi-

427 4279 558 4316 rum
590 4277 718 4317 esse
749 4260 939 4325 debet,
964 4276 1096 4314 cum
1120 4258 1160 4312 ii
1192 4260 1262 4315 de
1294 4260 1582 4330 praecipuo
1636 4260 2065 4328 haereticorum,

428 4353 500 4407 ab
522 4350 747 4423 Ignatio
779 4348 1211 4405 confutatorum
1244 4364 1457 4417 errore,
1490 4364 1605 4419 quo
1641 4348 1939 4404 Christum
1970 4364 2070 4404 ve-

430 4459 552 4498 ram
586 4456 817 4496 carnem
861 4440 1188 4509 sumpsisse
1221 4438 1531 4510 negabant,
1583 4438 1819 4507 scriptis
1848 4438 2069 4510 aliquid

431 4533 655 4589 tradere
684 4530 938 4587 contenti
962 4529 1199 4597 fuerint,
1225 4544 1328 4583 nec
1360 4527 1432 4582 de
1460 4526 1572 4582 alio
1603 4527 1703 4598 qui
1749 4526 1883 4583 inde
1914 4532 2071 4586 circa

429 4622 844 4680 eucharistiam
903 4619 1231 4675 necessaria
1274 4617 1688 4674 consecutioue
1746 4616 2065 4687 oriebatur,

431 4715 602 4788 plura
632 4712 885 4769 scribere
921 4708 1250 4781 putaverint
1296 4724 1425 4765 esse
1480 4706 1895 4765 necessarium.
1940 4711 2065 4764 Non

431 4806 586 4861 enim
620 4819 825 4859 omnes
849 4798 1188 4871 singillatim
1221 4796 1617 4872 quorumlibet
1659 4798 2065 4856 hmreticorum

430 4911 657 4953 errores
676 4889 1058 4950 enumerandi
1080 4906 1281 4946 curam
1304 4889 1375 4946 ab
1399 4888 1514 4945 illis
1539 4889 1719 4947 fuisse
1738 4893 2068 4961 susceptam

436 4986 587 5042 nulli
618 4984 857 5041 dubium
888 4996 1017 5035 esse
1049 4983 1258 5051 potest.

436 5100 529 5153 IV.
555 5096 737 5164 Neque
799 5089 1013 5164 falsum
1059 5087 1172 5141 dici
1221 5102 1399 5164 posse,
1452 5088 1600 5164 quod
1660 5086 1951 5164 scribitur,
2010 5086 2071 5141 in

504 5159 765 5238 potestate
822 5161 1188 5215 Romanorum
1250 5159 1426 5229 fuisse
1491 5159 1765 5230 Ignatium
1805 5175 1840 5213 a
1904 5165 2074 5214 morte

508 5242 681 5294 libera
692 5250 768 5289 re.

504 5345 648 5408 Quia
680 5341 939 5413 Ignatius
974 5341 1291 5409 Romanos,
1326 5354 1395 5395 ne
1426 5338 1595 5394 morti
1621 5338 1910 5395 obsistunt
1936 5354 2075 5405 suae,

434 5438 755 5494 obtestatus
789 5451 856 5488 ες(
891 5430 1091 5499 Vobis,
1122 5431 1223 5499 ait,
1259 5428 1425 5485 facile
1457 5434 1547 5485 est
1577 5430 1730 5500 quod
1790 5430 1967 5486 vultis
1990 5428 2076 5484 fa-

2165 3362 2255 3415 cet
2283 3359 2457 3415 Jesus
2495 3359 2763 3417 Christus
2820 3361 2879 3417 in
2910 3364 3169 3420 oratione
3197 3370 3419 3433 vestra,
3452 3366 3507 3418 et
3542 3358 3775 3416 voluntas

2163 3449 2261 3521 sit,
2293 3450 2351 3505 in
2385 3450 2641 3506 secundo
2669 3449 2864 3509 libello
2896 3469 3071 3526 quem
3132 3456 3467 3526 scripturus
3522 3466 3641 3509 sum
3691 3461 3777 3503 vo-

2164 3539 2255 3595 bis
2284 3541 2325 3608 ²,
2364 3562 2391 3589 ››
2424 3545 2531 3597 etc.
2566 3541 2676 3598 Sed
2709 3541 2833 3599 hac
2879 3543 3127 3613 objectio
3162 3561 3195 3601 a
3256 3545 3457 3601 Dallasi
3510 3538 3709 3615 judicio
3736 3536 3782 3590 et

2167 3630 2455 3701 sapientia
2505 3630 2779 3688 abhorret
2826 3633 3356 3705 quamplurimum.
3419 3633 3538 3691 Illis
3595 3625 3782 3702 quipP°

2170 3719 2381 3786 verbis,
2403 3717 2455 3773 ἐν
2486 3722 2565 3791 τῷ
2596 3715 2828 3793 δευτέρῳ
2862 3715 3145 3796 βιϐλιδίῳ,
3178 3742 3299 3781 non
3363 3723 3647 3786 libellum,
3701 3712 3786 3770 sed

2169 3809 2487 3865 secundam
2523 3810 2785 3881 Ignatius
2818 3811 3108 3883 promittit
3136 3813 3459 3885 epistolam
3490 3810 3580 3867 his
3618 3813 3788 3862 tamen

2170 3898 2521 3971 aequissimis
2552 3900 2989 3957 conditionibus
3024 3918 3037 3957 :
3071 3924 3099 3951 «
3123 3902 3181 3958 Si
3206 3919 3309 3960 me
3328 3902 3625 3975 dignilicet
3645 3896 3793 3953 Jesus

2170 3989 2435 4045 Christus
2457 3988 2515 4044 in
2543 3990 2803 4046 oratione
2832 4001 3023 4047 vestra
3057 4009 3071 4049 :
3104 3992 3153 4049 si
3194 3992 3475 4050 voluntas
3532 3990 3607 4047 sit
3639 4005 3652 4043 :
3681 3999 3792 4041 ma-

2174 4078 2328 4135 xime
2360 4079 2407 4136 si
2439 4078 2717 4135 Dominus
2740 4079 2954 4136 revelet
2986 4080 3149 4137 mihi.
3184 4102 3213 4132 ››
3248 4080 3423 4147 Quod
3445 4097 3582 4138 sane
3609 4070 3795 4150 Ignatii

2170 4169 2392 4240 judicio
2423 4174 2479 4224 et
2504 4170 2804 4241 sapientiae
2846 4171 3477 4229 convenientissimum
3532 4185 3653 4226 esse
3680 4160 3794 4236 quis

2175 4276 2287 4315 nou
2322 4260 2511 4316 videat
2540 4258 2567 4314 ?

2247 4348 2463 4403 Laesam
2500 4365 2670 4420 porro
2703 4349 2912 4422 Ignatii
2946 4351 3295 4408 modestiam
3323 4351 3467 4408 alibi
3496 4339 3803 4421 expostulat

2174 4435 2447 4503 Dallazus,
2480 4436 2576 4490 ubi
2611 4438 2889 4495 nimirum
2925 4440 3075 4496 idem
3108 4447 3312 4498 auctor
3345 4452 3549 4498 noster
3568 4438 3634 4494 ad
3666 4428 3806 4490 Tral-

2174 4525 2366 4581 lenses
2398 4524 2467 4580 de
2496 4541 2554 4580 se
2584 4524 2711 4597 ipso
2742 4528 2826 4585 sic
2852 4528 3052 4586 scribit
3079 4563 3100 4597 α
3133 4547 3146 4586 :
3172 4553 3199 4581 «
3238 4530 3427 4588 Multa
3444 4528 3605 4601 sapio
3631 4526 3684 4581 in
3703 4529 3803 4579 Deo

2175 4616 2271 4671 sed
2314 4631 2406 4671 me
2443 4615 2637 4687 ipsum
2672 4633 2967 4687 mensuro,
3000 4627 3064 4675 ut
3094 4636 3206 4676 non
3241 4620 3298 4676 in
3334 4616 3681 4695 gloriatione
3697 4628 3808 4686 per-

2177 4705 2349 4761 dar...
2384 4704 2530 4763 Nam
2567 4722 2804 4777 possum
2836 4708 3003 4764 vobis
3052 4711 3495 4783 supercmlestia
3552 4704 3804 4764 scribere.

2173 4794 2283 4850 Sed
2304 4794 2478 4851 timeo
2501 4811 2571 4851 ne
2603 4795 2878 4867 periculis
2898 4799 3339 4871 exsistentibus,
3367 4799 3538 4858 vobis
3554 4799 3808 4856 damnum

2178 4901 2537 4959 apponam...
2574 4889 2779 4957 potens
2835 4886 2987 4945 scire
3037 4888 3319 4958 coelestia,
3383 4894 3447 4946 et
3505 4888 3617 4946 loci
3668 4883 3810 4958 posi-

2178 4978 2369 5032 tiones
2397 4972 2760 5047 angelorum,
2811 4998 2840 5026 »
2874 4980 2984 5033 etc.
3018 4976 3164 5041 Quid
3235 4978 3311 5035 ibi
3369 4983 3580 5037 contra
3628 4970 3814 5048 lgnatii

2182 5064 2525 5121 modestiam
2554 5064 2581 5120 7
2612 5086 2640 5114 ‹‹
2674 5063 2818 5132 Sibi,
2850 5070 3162 5138 respondet
3192 5068 3476 5138 Dallaeus,
3511 5087 3578 5125 ea
3607 5065 3812 5127 tribuit,

2182 5173 2306 5227 quas
2337 5153 2554 5212 nemini
2587 5152 2815 5209 mortali
2848 5171 3124 5213 concessa
3172 5163 3329 5214 sunt.
3370 5183 3392 5211 ι
3451 5158 3607 5224 Quid
3642 5150 3815 5228 ergo?

2187 5247 2391 5305 Nonne
2417 5251 2472 5301 et
2500 5244 2714 5301 Paulus
2752 5244 2978 5313 eadem,
3018 5246 3137 5303 imo
3164 5254 3222 5305 et
3265 5252 3504 5320 majora
3533 5250 3645 5307 sibi
3700 5262 3819 5303 cou-

2186 5353 2347 5394 cessa
2369 5335 2549 5392 fuisse
2580 5341 2778 5391 narrat
2807 5334 2828 5370 ‘
2855 5336 2955 5407 qui
2986 5341 3070 5393 tot
3098 5337 3428 5396 visionibus
3456 5346 3514 5396 et
3542 5335 3821 5397 revelatio-

2190 5425 2365 5481 nibus
2389 5442 2450 5480 se
2480 5425 2781 5490 donatum,
2816 5425 2913 5496 qui
2947 5442 3153 5484 arcana
3178 5428 3363 5495 verba,
3398 5446 3525 5501 qua
3557 5432 3670 5484 rion
3716 5424 3825 5481 licet

433 5543 626 5584 cere...
663 5524 874 5579 Volens
910 5539 1011 5595 pro
1037 5527 1149 5577 Deo
1175 5521 1411 5590 moriar,
1440 5521 1487 5577 si
1516 5537 1626 5576 non
1647 5520 2077 5593 probibeatis;»
2190 5515 2401 5572 homini
2432 5514 2600 5586 loqui,
2632 5531 2693 5569 se
2718 5514 3009 5571 audivisse
3041 5521 3291 5574 testatur
3313 5516 3343 5571 τὶ
3373 5522 3543 5575 Certe
3594 5516 3822 5575 Dallaeus

432 5618 569 5675 hinc
597 5615 841 5671 Dallseus
862 5611 910 5647 ⁸⁸
931 5629 943 5667 :
966 5634 992 5661 α
1018 5612 1114 5668 Vel
1134 5610 1278 5666 nihil
1307 5611 1592 5683 intelligo,
1625 5612 1837 5682 inquit,
1857 5610 1944 5667 vel
1966 5610 2077 5668 iste
2190 5607 2314 5679 ipse
2346 5605 2402 5661 id
2429 5605 2614 5672 fateri,
2639 5621 2707 5661 ac
2726 5621 2923 5661 secum
2949 5605 3123 5677 paulo
3148 5618 3275 5680 post
3296 5624 3574 5681 pugnare
3597 5606 3822 5679 cogitur,

437 5707 697 5783 profecta
750 5700 1027 5771 intelligit
1083 5701 1139 5754 in
1201 5716 1402 5755 eorum
1445 5701 1727 5767 ﬁdelium,
1782 5702 1852 5756 ad
1935 5716 2081 5770 quos
2189 5696 2288 5755 ubi
2318 5694 2440 5751 hac
2460 5692 2703 5751 totidem
2723 5694 2915 5753 verbis
2936 5696 3220 5753 tradidit-5
3250 5714 3266 5755 :
3297 5721 3319 5751 ι
3357 5697 3501 5755 Jam
3529 5714 3664 5755 cum
3684 5700 3823 5749 Pau-

513 5804 559 5842 οδ
590 5805 727 5861 Luc.
761 5814 915 5866 mv,
948 5796 1038 5851 43.
1073 5797 1115 5831 ’⁷
1145 5812 1272 5868 cap.
1304 5796 1396 5865 22,
1520 5796 1646 5852 366.
1671 5795 1854 5867 Epist.
1887 5797 1959 5854 ad
1989 5796 2216 5871 Smyrn.
2249 5796 2291 5832 ⁸⁸
2322 5809 2450 5865 cap.
2477 5792 2569 5867 22,
2602 5808 2733 5865 pag.
2759 5794 2886 5850 369.
2917 5794 2964 5832 θ’
2990 5811 3124 5871 pag.
3155 5797 3280 5855 302.
3308 5794 3325 5831 ί
3351 5812 3493 5869 cap.
3524 5797 3598 5856 23
3624 5812 3679 5869 p.
3710 5792 3823 5850 371.

513 5876 680 5925 suist.
711 5873 785 5925 ad
815 5867 1010 5925 Enim.
1039 5865 1207 5925 ⁸ου).
1241 5867 1313 5925 24
1342 5884 1402 5925 n.
1465 5866 1555 5925 72.
1590 5867 1609 5908 δ
1640 5867 1694 5925 II
1721 5870 1849 5925 Cor.
1881 5884 1983 5925 xu.
2016 5869 2043 5925 1
2076 5874 2137 5925 et
2165 5884 2331 5925 seua.
2363 5865 2385 5905 ⁸
2412 5880 2542 5925 cap.
2570 5864 2661 5925 29.
2693 5881 2751 5925 ι).
2784 5865 2909 5925 414.

446 5881 469 5919 ι
497 5876 680 5954 πρίει,
711 5873 785 5933 ad
815 5864 1010 5944 Ephes,
1039 5865 1063 5903 ⁸
1082 5864 1313 5939 οαι).’24
1341 5864 1402 5940 p.
1429 5864 1555 5927 972.
1590 5867 1609 5908 δ
1640 5867 1694 5925 II
1718 5864 1849 5930 Cor.
1881 5884 1983 5944 xu,
2016 5869 2044 5931 1

2164 5884 2331 5943 seqq.
2363 5864 2661 5941 "oap.'29,
2682 5864 2751 5940 ἶ).
2784 5865 2909 5927 414.
