4062 6206
287 407 408 468 533

1251 407 1325 466 D.
1371 401 1706 467 NOURRII
1745 396 2292 461 DlSSERTATlO.
2338 426 2414 439 -
2461 395 2663 456 PARS
2708 395 2755 457 l.

3584 403 3704 464 534

283 539 383 593 Ius
412 538 485 593 ad
511 538 859 595 Corinthios
889 537 1154 594 scribens
1178 536 1425 593 dixisset
1455 551 1518 593 se
1548 550 1760 592 arcana
1790 546 1949 603 qum-
1974 529 2031 597 Α
2060 527 2342 584 nimirum
2400 527 2755 600 Polycarpus
2786 528 2937 585 haud
2960 529 3057 584 die
3088 529 3160 585 ab
3182 547 3249 587 eo
3300 534 3532 605 magnis
3570 552 3698 605 pre-

292 630 428 683 dam
466 627 764 683 audivisse
795 627 987 692 verba,
1012 644 1142 700 quis
1178 625 1396 681 nemini
1427 624 1586 697 loqui
1612 620 1946 687 liceret,hoc

295 734 535 788 quoque
589 718 811 782 putavit
876 720 1119 787 scriptor
1175 718 1271 771 ille
1326 723 1525 770 noster
1572 730 1677 768 suo
1720 712 1946 781 Ignatio

290 807 652 861 imitandum
684 824 833 863 esse.
872 808 1073 878 Itaque
1103 822 1236 861 eum
1263 821 1495 876 quoque
1525 804 1663 858 facit
1693 802 1762 858 ad
1786 799 1948 855 Tral-

292 896 495 952 lenses
516 898 870 951 scribentem
890 897 1280 966 quorumdam
1311 909 1652 949 arcanorum
1681 889 1944 946 notitiam

296 986 408 1041 sibi
443 1002 770 1042 assumere.
804 986 1007 1041 Nonne
1040 1001 1277 1055 possum
1312 983 1477 1038 vobis
1509 978 1948 1055 supercmlestia

296 1078 576 1144 scribere,
621 1097 648 1125 »
700 1080 811 1132 etc.
872 1075 929 1129 Si
986 1080 1190 1130 auctor
1222 1080 1420 1129 noster
1460 1074 1724 1139 Paulum,
1775 1076 1838 1123 ut
1867 1068 1948 1124 ait

296 1164 571 1233 Dallaeus,
604 1164 683 1219 ibi
714 1164 979 1218 imitatus
1001 1169 1110 1231 est,
1133 1164 1287 1218 idem
1320 1162 1574 1219 Dallieus
1606 1160 1752 1215 falso
1776 1159 1946 1230 plane

296 1254 533 1318 asserit,
564 1254 718 1325 quod
748 1253 845 1308 ille
874 1252 987 1309 sibi
1017 1268 1085 1308 ea
1114 1252 1358 1319 tribuat,
1391 1266 1517 1322 quas
1546 1248 1766 1305 nemini
1790 1264 1945 1303 mor-

292 1343 394 1397 tali
428 1358 711 1397 concessa
742 1346 901 1398 sunt.

368 1436 557 1489 Instat
580 1432 832 1489 Dallieus
866 1440 1159 1488 auctorem
1192 1436 1456 1488 nostrum
1479 1446 1548 1487 ea
1578 1429 1691 1486 sibi
1712 1428 1947 1484 tribuis-

295 1540 355 1579 se
386 1538 453 1579 eo
485 1522 613 1577 loco
643 1538 707 1577 ac
735 1527 993 1594 tempore
1025 1539 1140 1593 quo
1167 1524 1341 1577 etiam
1372 1536 1506 1576 vere
1537 1520 1586 1576 si
1620 1518 1943 1584 habuisset,

295 1613 440 1669 nihil
472 1628 711 1668 necesse
771 1616 892 1667 erat
921 1612 1200 1683 explicari
1249 1616 1305 1668 et
1336 1611 1622 1666 ostentari
1649 1609 1693 1664 ⁸.
1736 1609 1847 1665 Sed
1877 1624 1946 1663 ea

294 1709 417 1758 tum
453 1703 563 1758 sibi
597 1702 805 1757 tribuit
855 1702 1137 1771 Ignatius,
1168 1717 1301 1756 cum
1345 1700 1755 1756 auctoritatem
1786 1698 1939 1769 apud

295 1792 623 1847 Trallenses
656 1793 937 1862 majorem
971 1792 1079 1847 sibi
1111 1790 1424 1847 conciliare
1476 1788 1681 1854 voluit,
1716 1805 1830 1859 qua
1859 1788 1943 1843 eis

2059 621 2224 674 cibus
2257 617 2696 687 etﬂagitaverat.
2732 622 2805 671 At
2836 618 3096 686 Ignatius
3122 621 3240 673 haec
3279 622 3333 675 in
3365 623 3569 678 eadem
3604 624 3705 681 illa

2059 708 2307 780 epistola
2337 708 2448 778 ipsi
2476 710 2673 776 tradit,
2701 726 2816 764 non
2852 715 2915 763 ut
2954 712 3241 764 tironibus
3278 714 3564 782 magistri,
3600 718 3697 772 sed

2059 805 2122 853 ut
2152 797 2378 853 amicus
2404 799 2613 863 amico,
2643 804 2705 851 ut
2740 798 2933 853 senior
2952 802 3229 870 martyrio
3251 802 3545 871 mortique
3573 821 3702 872 pro-

2056 888 2251 943 ximus
2290 888 2455 942 alteri
2507 889 2678 957 longe
2702 890 2923 957 juniori
2956 889 3115 959 loqui
3147 890 3291 944 solet
3333 897 3389 946 et
3421 892 3696 948 scribere.

2056 981 2348 1040 Quantum
2367 986 2559 1032 autem
2583 976 2843 1047 Ignatius
2867 976 3177 1049 Polycarpo
3191 986 3356 1033 aetate
3372 986 3702 1051 provectior

2060 1068 2254 1133 fuerit,
2290 1067 2424 1121 inde
2480 1072 2814 1136 computent
2877 1066 3175 1131 Uallaiani,
3222 1070 3373 1138 quod
3408 1069 3504 1125 ille
3544 1088 3700 1127 anno

2059 1157 2160 1211 108
2187 1155 2274 1211 vel
2333 1155 2457 1220 109,
2491 1156 2586 1209 hic
2636 1170 2789 1209 anno
2818 1159 3052 1209 tantum
3098 1155 3205 1210 466
3246 1162 3348 1212 aut
3390 1159 3516 1229 169,
3550 1176 3699 1215 mar

2057 1250 2214 1317 tyres
2245 1244 2592 1300 occubuisse
2622 1242 2919 1299 dicantur.

2662 1348 2894 1404 CAPUT
2917 1348 3092 1407 XVII.

2058 1477 2254 1516 HARUM
2268 1474 2670 1516 EPISTOLARUM
2687 1473 2905 1514 BTYLUM
2928 1474 3061 1515 ESSE
3073 1475 3294 1516 OMNINO
3322 1477 3698 1522 IGNATIANUM.

2171 1572 2208 1645 §
2238 1566 2287 1630 Ι.
2325 1565 2561 1648 Stylum
2591 1565 2977 1644 epistolarum
3009 1586 3124 1629 esse
3154 1567 3572 1646 Ignatianum.

2127 1689 2338 1739 Caetera
2368 1682 2563 1739 Dallaai
2619 1687 2819 1738 contra
2853 1682 2962 1739 hae
3020 1684 3298 1754 epistolas
3330 1695 3699 1758 argumenta,

2056 1792 2123 1829 ex
2149 1790 2349 1830 earum
2406 1773 2669 1829 oratione
2694 1778 2747 1827 et
2792 1772 2983 1827 verbis
3016 1773 3314 1828 ducuntur
3341 1774 3383 1829 θ.
3431 1777 3695 1832 Primum

298 1883 518 1938 scilicet
540 1859 846 1953 Polybium
870 1882 1131 1953 ipsorum
1157 1874 1708 1952 episcopum,quem
1736 1894 1848 1933 non
1874 1894 1941 1933 ea

2062 1868 2253 1917 autem
2288 1860 2431 1915 illud
2484 1860 2696 1931 arguit,
2731 1859 2889 1930 quod
2921 1876 3019 1913 eas
3065 1884 3091 1907 κ
3118 1861 3247 1931 ipsa
3277 1864 3474 1917 statim
3516 1864 3698 1920 oratio

296 1972 559 2037 omnino,
584 1988 702 2042 qua
733 1988 838 2040 par
875 1976 1022 2038 erat,
1047 1973 1413 2026 veneratione
1443 1968 1751 2039 complecti
1785 1967 1941 2023 vide-

294 2060 731 2130 bantur,magis
746 2060 1384 2129 commendaret,atque
1405 2074 1503 2113 eos
1526 2059 1809 2111 adversus
1824 2056 1939 2110 ha:-

292 2153 502 2207 retices
554 2152 822 2206 redderet
853 2150 1139 2206 cautiores
1162 2165 1228 2204 ac
1262 2149 1550 2204 fortiores.
1600 2148 1757 2203 Hanc
1790 2153 1943 2203 certe

292 2243 362 2295 ob
396 2256 638 2295 causam
693 2241 765 2294 de
794 2239 1089 2294 concessis
1121 2239 1230 2293 sibi
1262 2256 1296 2293 a
1346 2244 1461 2292 Deo
1510 2237 1944 2309 cognitionibus

292 2346 594 2385 sermones
616 2329 863 2395 miscet;
898 2328 1001 2384 sed
1048 2328 1178 2384 illos
1207 2327 1489 2383 continuo
1528 2343 1659 2382 vere
1690 2326 1944 2397 lgnatia-

298 2437 393 2487 na,
418 2419 478 2474 id
508 2425 620 2486 est,
646 2434 880 2475 summa
910 2416 1244 2473 humilitate
1266 2420 1590 2488 temperat:
1627 2437 1654 2465 ‹‹
1682 2416 1792 2472 Sed
1828 2432 1941 2472 non

292 2508 447 2574 novi,
480 2508 699 2580 inquit,
751 2507 797 2563 si
850 2507 1066 2579 dignus
1097 2522 1298 2564 sum...
1332 2506 1544 2561 Praeter
1583 2505 1693 2561 hoc
1739 2506 1861 2576 jam
1886 2510 1945 2561 et

296 2599 626 2671 discipulus
660 2615 813 2654 sum.
852 2622 878 2648 »

294 2707 423 2784 §II.
456 2704 665 2787 Neque
687 2707 749 2766 in
777 2725 841 2766 eo
870 2704 1030 2786 quod
1062 2703 1387 2787 Trallenses
1412 2721 1627 2784 pueros
1657 2704 1941 2787 appellat,

378 2796 481 2848 aut
524 2784 584 2846 iri
614 2786 688 2847 iis
709 2806 838 2867 quae
876 2784 1132 2865 scripsit
1161 2785 1243 2846 ad
1268 2784 1701 2866 Polycarpum,
1734 2784 1942 2847 laesam

380 2879 495 2929 esse
522 2867 758 2947 Ignatii
784 2867 1147 2928 modestiam.

381 2984 628 3039 Rursum
665 2982 913 3039 Dallieus
966 2982 1203 3056 opponit
1238 2999 1444 3054 parum
1486 2984 1942 3039 consentaneum

312 3072 487 3129 videri
517 3074 839 3130 Trallenses
861 3070 1093 3142 νηπίους
1125 3088 1348 3141 pueros,
1380 3076 1435 3128 et
1464 3071 1717 3128 infantes
1751 3072 1821 3127 ab
1841 3088 1941 3127 au-

305 3167 454 3218 ctore
490 3167 689 3218 nostro
722 3162 1028 3233 appellari,
1058 3179 1206 3234 quos
1246 3161 1343 3217 ille
1372 3160 1498 3234 ipse
1548 3177 1735 3234 nuper
1769 3180 1795 3212 α
1826 3160 1942 3217 Deo

2055 1951 2310 2007 ostendit
2342 1967 2454 2004 non
2490 1964 2618 2004 esse
2652 1947 2827 2002 unius
2859 1948 3126 2017 ejusdem
3162 1950 3457 2017 auctoris;
3495 1951 3698 2008 multi-

2059 2042 2189 2111 plex
2222 2039 2371 2110 ipsa,
2405 2054 2594 2108 neque
2628 2037 2803 2091 unius
2836 2036 3066 2106 generis
3098 2041 3199 2091 aut
3227 2036 3461 2094 coloris.
3499 2042 3598 2096 »εἰ
3632 2045 3703 2099 de
3761 2037 3768 2045 ’

2054 2132 2127 2187 iis
2160 2148 2308 2201 quas
2353 2130 2643 2200 genuinas
2703 2143 2949 2198 vereque
2982 2128 3055 2182 ab
3102 2130 3325 2198 lgnatio
3357 2128 3523 2186 datas
3571 2150 3701 2189 esse

2055 2233 2518 2290 propugnamus,
2573 2215 2817 2270 Dallaaus
2876 2213 3171 2285 loquatur,
3204 2218 3261 2271 id
3313 2216 3698 2277 falsissimum

2053 2325 2181 2365 esse
2213 2310 2404 2380 palam
2429 2315 2739 2377 aperteque
2792 2307 3260 2375 pronuntiamus.
3308 2306 3514 2378 Liquet
3544 2311 3699 2365 enim

2054 2398 2186 2453 illas
2214 2413 2420 2453 omnes
2449 2396 2653 2449 eodem
2686 2400 2951 2449 exaratas
2984 2395 3168 2450 fuisse
3200 2396 3371 2467 etylo,
3396 2401 3699 2467 apostolici

2056 2487 2275 2545 scilicet
2308 2484 2669 2551 bominis,ad
2695 2483 3043 2555 martyrium
3073 2487 3461 2556 properantis,
3482 2495 3697 2545 morte-

2057 2594 2169 2651 que
2199 2575 2632 2649 quamprimum
2661 2574 2975 2638 afﬁciendi,
3008 2574 3106 2644 qui
3139 2575 3197 2630 in
3231 2576 3457 2644 itinere,
3494 2580 3697 2636 vincu-

2055 2669 2246 2740 lisque
2277 2670 2547 2733 onustus,
2581 2680 2648 2719 ea
2680 2662 2878 2717 furtim
2911 2680 2977 2719 ac
3009 2671 3234 2721 secreto
3265 2669 3503 2741 scriptis
3536 2686 3696 2725 man-

2056 2758 2237 2827 davit,
2304 2774 2433 2828 quas
2490 2753 2944 2811 ardentissimus
2998 2755 3340 2813 Christiane
3396 2758 3693 2830 religionis

2057 2864 2220 2905 amor
2250 2846 2364 2918 ipsi
2396 2843 2749 2915 suggerebat
2778 2843 3244 2915 inspirabatque.

2056 2969 2085 3044 §
2115 2968 2195 3028 II.
2215 2964 2416 3025 Vocem
2430 2961 2793 3040 Theophori
2824 2981 2939 3044 esse
2962 2961 3543 3044 Ignali'anammoces
3564 2986 3703 3028 vero

2163 3053 2351 3127 ἱερέων
2366 3054 2418 3106 et
2442 3050 2746 3127 ἀρχιερέων
2758 3048 2819 3102 in
2832 3042 3102 3122 epistolis
3122 3047 3271 3106 veris
3290 3065 3408 3106 non
3421 3047 3698 3128 reperiri.

2131 3169 2362 3232 Contra,
2396 3163 2592 3236 inquit
2626 3159 2896 3226 Dallaaus,
2931 3165 3134 3218 auctor
3164 3162 3545 3234 epistolarum
3582 3167 3704 3223 ubi-

303 3254 532 3327 dignos,
566 3258 623 3309 et
646 3258 898 3311 mentem
932 3252 1287 3324 inculpatam
1321 3257 1375 3309 et
1406 3251 1859 3325 insuperabilem
1882 3250 1942 3307 in
1975 3251 2018 3319 C
2058 3276 2171 3333 que
2194 3253 2449 3327 sumpsit
2468 3250 2796 3324 Theophori
2820 3256 3293 3323 cognomentum,
3329 3256 3477 3325 quod
3514 3272 3702 3328 neque

301 3345 582 3417 patientia
606 3368 635 3395 ››
666 3345 877 3401 habere
908 3344 1075 3400 dixit.
1099 3343 1269 3400 Addit
1291 3348 1485 3399 tamen
1520 3343 1767 3399 Dallaeus
1794 3361 1856 3399 se
1878 3343 1937 3399 id

302 3452 412 3491 non
445 3451 674 3507 urgere.
731 3435 841 3491 Sed
876 3451 979 3491 nec
1027 3450 1485 3490 commemorare
1528 3432 1646 3490 ullo
1680 3450 1938 3505 unquam

300 3528 467 3581 modo
501 3525 770 3581 debebat.
806 3525 945 3590 Quis
976 3524 1131 3581 enim
1156 3524 1375 3581 nesciat
1406 3524 1650 3580 Paulum
1676 3522 1943 3580 similiter

299 3632 538 3672 vocasse
587 3615 916 3672 Corinthios
975 3612 1203 3685 νηπίους
1233 3615 1492 3688 parvulos
1550 3620 1606 3672 et
1643 3615 1938 3684 infantes;

298 3706 571 3777 quamvis
595 3722 693 3762 eos
721 3705 778 3761 in
806 3704 1033 3760 Christo
1064 3708 1120 3760 et
1165 3704 1223 3759 in
1255 3704 1415 3760 omni
1448 3704 1695 3761 scientia
1733 3704 1942 3761 divites

299 3794 559 3851 dixerit?
590 3795 852 3867 Ignatius
884 3794 1080 3867 itaque
1112 3792 1447 3851 Trallenses
1480 3794 1596 3851 Deo
1645 3794 1855 3867 dignos
1888 3796 1943 3849 et

301 3884 666 3957 inculpatam
714 3889 968 3940 mentem
1016 3884 1228 3940 habere
1260 3884 1451 3958 potuit
1500 3900 1799 3953 asserere;
1833 3883 1942 3940 etsi

300 3993 398 4033 eos
430 3977 586 4032 circa
616 3975 988 4033 sublimiores
1021 3977 1264 4032 Deitatis
1304 3974 1664 4048 cognitiones
1712 3972 1941 4045 νηπίους

300 4068 561 4137 parvulos
589 4071 647 4122 et
675 4065 923 4123 infantes
949 4081 1076 4121 esse
1105 4065 1299 4121 sciret.

374 4155 663 4212 Violatam
723 4157 912 4212 denuo
969 4153 1169 4226 Ignatii
1204 4152 1550 4210 modestiam
1598 4154 1658 4210 in
1698 4154 1946 4228 epistola

304 4246 374 4302 ad
400 4246 781 4318 Polycarpum
814 4244 1034 4317 duplici
1056 4261 1120 4300 ex
1144 4244 1329 4316 capite
1359 4248 1635 4300 causatur
1656 4244 1941 4315 Dallaeus;

303 4345 427 4392 tum
461 4336 619 4407 quod
679 4342 878 4391 auctor
921 4334 1153 4390 titulum
1213 4333 1482 4407 martyris
1537 4334 1651 4390 sibi
1690 4340 1941 4408 arroget,

2048 3346 2310 3425 Ignatius
2340 3341 2451 3400 sibi
2486 3357 2746 3414 unquam
2779 3339 2948 3395 vivus
2980 3342 3289 3414 arrogavit,
3318 3360 3506 3416 neque
3538 3350 3694 3419 apud

2047 3435 2478 3499 vetustissimos
2500 3432 2814 3503 scriptores
2846 3429 3310 3502 auditum,plane
3345 3434 3610 3492 ﬁctitium
3636 3443 3692 3495 et

2048 3548 2119 3588 ex
2168 3525 2381 3584 fabulis
2430 3525 2619 3579 ortum
2687 3523 2796 3575 est.
2856 3517 3068 3574 Verum
3132 3523 3481 3579 Pearsonius
3530 3530 3688 3587 vocis

2049 3617 2379 3691 Theophori
2410 3620 2817 3693 antiquitatem
2850 3621 2906 3674 et
2936 3634 3110 3675 usum
3134 3620 3253 3672 tam
3278 3614 3425 3670 clare
3448 3616 3690 3676 demon~

2050 3708 2297 3778 stravit;
2358 3713 2421 3765 ut
2468 3706 2662 3763 Dallzei
2714 3707 2986 3761 defensor
3021 3702 3169 3759 illud
3228 3703 3465 3760 tandem
3524 3705 3692 3764 fateri

2051 3802 2329 3855 coactus:
2364 3820 2391 3848 ‹‹
2460 3796 2685 3862 Multis,
2737 3794 2954 3866 inquit,
3014 3796 3273 3848 veterum
3336 3791 3691 3851 testimoniis

2052 3889 2222 3946 istius
2250 3886 2408 3945 vocis
2438 3902 2613 3943 usum
2665 3900 2731 3942 ac
2784 3883 3242 3940 familiaritatem
3274 3882 3695 3941 demonstravit

2053 3979 2403 4037 Pearsonius
2434 3978 2499 4035 ¹⁰.
2524 4000 2553 4028 »
2574 3976 2993 4033 Verumtamen
3015 3976 3114 4032 ille
3141 3974 3205 4031 in
3236 3971 3433 4029 Dalliei
3466 3974 3556 4029 sui
3588 3974 3692 4030 de-

2055 4069 2380 4127 fensionem
2402 4070 2681 4125 adversus
2710 4066 3095 4124 Pearsonium
3128 4064 3209 4121 sic
3233 4062 3429 4135 arguit
3454 4078 3467 4119 :
3492 4084 3520 4113 «
3546 4062 3691 4119 Nul-

2051 4159 2176 4217 lum
2207 4162 2406 4215 tamen
2426 4154 2753 4228 exemplum
2778 4156 2985 4212 aﬂ'erre
3000 4155 3188 4227 potuit
3208 4151 3400 4209 sancti
3418 4151 3692 4224 alicujus,

2051 4250 2152 4322 qui
2179 4249 2367 4305 instar
2396 4246 2608 4320 Ignatii
2628 4244 2954 4319 Theophori
2985 4258 3308 4316 cognomen
3331 4241 3445 4299 sibi
3477 4243 3693 4299 tribue-

2054 4338 2146 4394 rit.
2173 4358 2202 4387 ››
2235 4340 2366 4392 Haec
2398 4335 2656 4408 profecto
2684 4334 2899 4391 infirmi
2933 4332 3263 4405 argumenti
3298 4330 3588 4387 inﬁrmior
3608 4335 3697 4388 est

305 4431 427 4481 tum
461 4426 618 4497 quod
652 4447 680 4475 «
713 4423 1031 4497 Polycarpo
1063 4440 1170 4479 suo
1203 4422 1630 4496 condiscipulo,
1661 4431 1717 4480 et
1747 4426 1943 4481 admi-
2054 4426 2336 4486 defensio.
2371 4426 2569 4482 Potest
2614 4425 2768 4481 enim
2801 4424 3047 4494 scriptor
3085 4421 3299 4493 aliquis
3331 4421 3567 4476 nomine
3606 4419 3695 4477 vel

305 4514 471 4571 rabili
504 4514 874 4588 Smyrnensis
907 4512 1172 4569 Ecclesiae
1208 4513 1480 4585 episcopo
1514 4513 1585 4570 de
1619 4513 1946 4586 pietate,de
2054 4520 2402 4595 cognomine
2432 4518 2514 4574 ita
2574 4516 2856 4573 inusitato
2907 4518 2965 4571 et
3012 4510 3471 4570 extraordinario
3504 4511 3697 4584 appel-

306 4605 396 4662 eui
432 4604 692 4661 muneris
716 4604 930 4660 ofﬁciis
962 4603 1041 4658 ita
1062 4601 1262 4658 omnia
1280 4602 1945 4675 prmcipit,uttironibus
1978 4626 2023 4691 ι)
2055 4610 2185 4682 lari,
2218 4613 2285 4665 ut
2342 4607 2543 4664 nullus
2592 4605 2868 4678 deinceps
2916 4620 2983 4661 eo
3044 4601 3368 4673 nuncupari
3424 4599 3692 4659 voluerit.

308 4693 573 4768 magistri
607 4694 795 4751 solent
819 4691 861 4747 ⁷.
898 4714 926 4741 ››
957 4692 1040 4747 Ad
1064 4692 1320 4764 primum
1353 4692 1777 4763 respondemus
1809 4698 1944 4750 titu-

2062 4701 2275 4758 Deinde
2306 4698 2439 4771 quis
2468 4702 2803 4754 sanctorum
2850 4694 3115 4752 omnium
3148 4692 3514 4748 nominatam
3534 4707 3700 4750 accu-

306 4786 426 4842 lum
460 4784 735 4857 martyris
766 4784 823 4839 in
856 4781 1223 4839 Bibliotheca?
1251 4780 1598 4838 Ριονϐηῐίῠεθ
1616 4783 1948 4840 manuscri-
2058 4794 2181 4847 rate
2202 4787 2561 4857 calluisse,et
2593 4783 3083 4843 recensuissedici
3115 4785 3348 4855 potest;
3382 4785 3447 4837 ut
3468 4782 3698 4841 nullum

307 4882 400 4945 pto
427 4873 629 4930 codice
679 4877 873 4929 Graeco
904 4872 1152 4942 sincero,
1204 4886 1309 4927 nec
1376 4870 1749 4943 interpolato,
1802 4878 1857 4930 et
1888 4874 1947 4930 in

308 4966 549 5037 antiqua
579 4963 742 5019 illius
781 4955 986 5018 Latina
1012 4961 1279 5018 versione
1312 4962 1553 5018 minime
1591 4962 1850 5034 reperiri.
1885 4966 1947 5021 Id

309 5055 493 5110 cuivis
522 5051 736 5123 legenti
786 5053 869 5107 ita
898 5051 1130 5106 obvium
1168 5055 1297 5119 est;
1343 5055 1408 5106 ut
1456 5050 1673 5107 mirum
1726 5052 1804 5108 sit
1835 5070 1951 5125 qua

310 5145 530 5199 ratione
570 5140 770 5198 Dalltei
830 5140 1099 5196 defensor
1131 5139 1322 5196 dicere
1372 5140 1585 5195 audeat
1613 5140 1672 5197 ’τ
1713 5162 1741 5191 ‹‹
1768 5140 1852 5196 Ita
1872 5146 1953 5198 ta-

313 5251 442 5289 men
478 5250 541 5289 se
573 5230 829 5305 appellat
851 5229 910 5286 in
940 5228 1199 5302 epistolae
1234 5229 1304 5285 ad
1328 5228 1709 5302 Polycarpum
1742 5232 1952 5288 inscri-

312 5323 504 5395 ptione
535 5324 754 5388 Graeca,
814 5337 937 5392 quas
981 5318 1332 5390 interpolata
1373 5336 1488 5375 non
1539 5323 1645 5375 est.
1678 5342 1705 5369 »
1749 5322 1823 5377 Ad
1860 5339 1956 5379 se-

315 5411 569 5469 cundum
600 5428 736 5468 vero
759 5410 1011 5466 dicimus
1043 5408 1101 5463 in
1143 5424 1209 5463 eo
1242 5408 1486 5479 epistola
1518 5408 1805 5480 Ignatium
1827 5413 1954 5482 plu-

317 5502 463 5559 rima
492 5517 725 5559 morum
758 5500 1105 5573 pietatisque
1135 5497 1447 5554 tradidisse
1485 5504 1794 5572 precepts,
1828 5518 1955 5574 qua

2060 4880 2150 4936 vel
2180 4882 2337 4949 ante,
2368 4878 2453 4934 vel
2484 4881 2615 4948 post
2640 4876 2850 4949 Ignatii
2890 4879 3117 4930 aetatem
3151 4890 3216 4930 eo
3242 4874 3565 4945 Theophori
3596 4892 3699 4931 no-

2062 4970 2219 5025 mine
2249 4966 2597 5040 insignitum
2633 4966 2814 5023 fuisse
2856 4980 3115 5022 asserere
3142 4962 3397 5020 audeat?
3440 4963 3701 5035 Denique

2062 5074 2179 5113 non
2210 5057 2282 5113 de
2304 5054 2455 5125 aliis,
2488 5054 2591 5111 sed
2621 5055 2691 5110 de
2746 5054 2972 5126 lgnatio
3005 5052 3129 5109 solo
3160 5051 3255 5108 hic
3306 5052 3547 5124 quaastio
3576 5069 3700 5108 mo-

2062 5151 2248 5217 vetur,
2291 5161 2432 5201 num
2493 5142 2819 5215 Theophori
2871 5157 3192 5214 cognomen
3225 5141 3464 5197 sortitus
3494 5141 3589 5197 sit.
3635 5143 3702 5197 At

2063 5239 2148 5295 ita
2178 5255 2241 5295 se
2302 5254 2423 5294 rem
2454 5236 2670 5293 habere
2726 5236 2799 5291 ab
2832 5251 2897 5292 eo
2956 5233 3232 5301 laudatis,
3291 5250 3358 5288 ex
3390 5232 3594 5289 Photio
3630 5236 3699 5306 “,

2064 5334 2122 5384 et
2177 5328 2477 5384 Theodoro
2523 5326 2852 5399 presbytero
2887 5324 2954 5392 η,
3012 5322 3306 5394 Stephano
3367 5323 3593 5380 Gobaro
3642 5324 3704 5396 η,

2065 5421 2239 5488 atque
2282 5415 2591 5488 Ephremo.
2643 5412 3062 5487 Theopolitano
3117 5412 3269 5468 circa
3328 5430 3547 5469 annum
3601 5414 3710 5469 526

2067 5504 2428 5579 patriarcha,
2460 5521 2565 5562 nec
2619 5521 2735 5562 non
2766 5521 2835 5562 ex
2863 5504 3016 5560 veris
3065 5505 3121 5558 et
3147 5500 3390 5558 sinceris
3438 5503 3708 5575 ejusdem

384 5623 405 5658 ι
499 5639 590 5694 οε,
650 5620 776 5676 373.
826 5615 847 5650 ⁷
904 5632 1030 5685 cap.
1078 5615 1169 5682 24,
1229 5612 1289 5687 p.
1346 5613 1472 5683 275,
1520 5614 1648 5673 276.
1701 5616 1726 5651 ⁸
1782 5637 1913 5695 pag.

340 5693 362 5728 ³
391 5641 515 5751 eos,
541 5694 665 5749 232.
700 5691 746 5727 ¹³
774 5691 901 5748 cod.
934 5691 1056 5746 229.

2062 5624 2098 5679 l.
2160 5621 2183 5657 ⁹
2236 5637 2361 5695 cap.
2412 5622 2503 5689 23,
2557 5639 2611 5694 p.
2673 5623 2796 5678 377.
2861 5619 2906 5655 ιο
2964 5635 3097 5691 pag.
3156 5618 3282 5675 292.
3328 5620 3366 5655 “
3401 5622 3531 5679 cod.
3588 5623 3709 5678 126.

541 5691 665 5749 ἱ32.
700 5691 746 5727 ¹³
774 5691 901 5748 cod.
934 5691 1056 5746 229.
