4026 6206
341 408 459 469 535

1398 399 1464 462 S.
1509 396 1906 461 IGNATIUS.
1952 428 2021 441 —
2068 396 2681 469 PBOLEGOMENA.

3635 401 3758 461 536

338 540 550 615 Ignatii
607 536 866 610 martyrii
898 534 1054 591 Actis
1111 549 1243 589 cum
1298 532 1508 590 Graecis
1565 536 1691 589 tum
1751 531 1975 590 Latinis
2005 538 2061 621 Α
2088 533 2304 607 scopis,
2338 536 2687 610 presbyteris
2714 539 2772 594 et
2802 534 3083 606 diaconis,
3132 533 3382 607 singulis
3415 534 3759 608 quibusque

334 628 554 701 liquido
588 625 989 699 probatur.His
1022 623 1273 696 denique
1291 640 1606 694 possumus
1633 622 1973 680 subnectere

334 718 675 783 Eusebium,
708 716 806 788 qui
840 714 985 771 nihil
1009 715 1141 771 novi
1173 721 1273 775 aut
1305 711 1553 770 fabulosi
1580 716 1637 769 in
1668 713 1776 769 hoc
1808 717 1974 785 lgna-

336 811 401 867 tii
435 808 785 881 cognomine
818 824 1078 880 unquam
1112 810 1444 879 suspicatus
1469 810 1581 864 est.

404 900 520 956 Nec
549 903 674 954 erat
705 898 861 971 quod
893 896 1144 953 Dallzeus
1172 914 1242 954 ex
1261 898 1449 961 verbis
1479 894 1663 970 ἱερέων
1698 899 1755 952 et
1786 894 1973 968 ἀρχιε-

339 986 475 1063 ρέων
507 989 781 1059 deinceps
830 989 1076 1045 instaret
1098 987 1164 1043 ¹⁴.
1202 986 1310 1044 Illa
1343 986 1559 1058 quippe
1590 1003 1708 1043 non
1740 986 1797 1041 in
1840 1000 1974 1041 vero

335 1080 439 1136 sed
472 1079 817 1151 interpolato
874 1077 1252 1150 epistolarum
1284 1082 1443 1133 textu
1489 1076 1880 1148 reperiuntur.
1914 1076 1974 1133 Si

338 1175 535 1227 autem
575 1170 636 1225 in
686 1170 933 1241 epistola
963 1169 1036 1224 ad
1078 1166 1618 1241 Philadelphienses
1648 1165 1825 1223 simul
1872 1164 1974 1221 ali-

335 1263 571 1333 quando
602 1268 928 1328 occurrant,
950 1258 1165 1314 ibidem
1190 1260 1258 1314 ad
1286 1257 1549 1314 Mosaicae
1575 1255 1717 1327 legis
1740 1254 1976 1328 presby-

336 1350 607 1420 teros,vel
638 1350 933 1408 Christum
961 1349 1331 1407 sacerdotum
1363 1347 1622 1405 omnium
1654 1346 1977 1419 principem

338 1442 794 1515 significandum
822 1440 922 1498 illa
956 1439 1220 1513 Ignatius
1253 1439 1539 1503 adhibuit.

928 1567 1153 1625 CAPUT
1180 1566 1383 1624 XVIII.

331 1700 502 1751 νοεεδ
535 1697 788 1739 ΕΡῙΒΟΟΡῙ
825 1697 894 1737 ET
943 1689 1285 1737 PRESBYTERI
1336 1696 1450 1736 NON
1478 1695 1627 1745 ALIO,
1662 1695 1824 1743 QUAM
1852 1696 1979 1736 APO-

405 1772 695 1811 BTOLOBUI
743 1771 811 1809 ετ
859 1769 1114 1809 νιιιοιωκ
1183 1768 1645 1808 APOS‘TOLICORUM
1695 1769 1862 1807 IENSU
1914 1769 1982 1808 ΑΒ

405 1844 625 1883 IGNATIO
654 1843 763 1882 USU
773 1839 1008 1881 RPATAS.

338 1938 369 2012 §
400 1933 802 2015 IJgnatiojus
816 1932 1001 2011 fuisse
1019 1952 1087 1995 ea
1104 1933 1353 2015 nomine
1378 1931 1797 2014 distinguendi
1804 1934 1928 2006 ,t'de

778 2035 889 2098 que
917 2024 1074 2077 recte
1094 2034 1162 2076 ea
1184 2014 1546 2075 distinxisse.

412 2135 757 2203 Maximum,
789 2135 1062 2207 quodque
1086 2134 1293 2191 Dallteo
1324 2133 1609 2191 invictum
1637 2135 1869 2193 videtur
1898 2153 1988 2194 ar-

340 2231 683 2297 gumentum
715 2224 781 2296 “,
808 2225 951 2281 illud
982 2229 1092 2293 est,
1153 2225 1307 2297 quod
1332 2225 1603 2297 ,scriptor
1632 2231 1829 2282 noster
1859 2242 1992 2299 pre-

341 2315 559 2385 sbyteri
590 2318 647 2370 et
696 2313 954 2386 episcopi
988 2313 1241 2385 nomina,
1293 2331 1416 2387 quas
1473 2314 1717 2387 apostoli
1767 2315 1990 2387 virique

343 2404 650 2477 apostolici
683 2406 945 2473 confuse,
994 2405 1346 2476 promiscue,
1380 2409 1437 2462 et
1480 2404 1989 2469 indiscriminatim

343 2511 577 2568 semper
604 2499 981 2566 acceperunt;
1040 2510 1109 2551 ea
1138 2493 1237 2550 ille
1270 2511 1387 2552 non
1444 2492 1626 2553 semel
1654 2498 1712 2550 et
1750 2493 1986 2563 iterum,

341 2585 445 2641 sed
478 2589 780 2657 perpetuo,
810 2588 868 2641 et
900 2584 960 2641 in
992 2584 1269 2645 omnibus
1300 2582 1515 2655 ubique
1566 2582 1832 2655 epistolis
1870 2600 1985 2640 non

335 2680 567 2733 tantum
628 2679 897 2733 accurate
943 2684 997 2732 et
1048 2675 1314 2746 religiose
1371 2675 1714 2748 distinguat,
1773 2677 1875 2734 sed
1920 2692 1987 2733 eo

335 2781 567 2838 quoque
597 2780 774 2822 sensu
807 2768 1075 2837 usurpet,
1122 2781 1235 2835 quo
1266 2782 1300 2821 a
1327 2764 1483 2821 tertii
1511 2768 1739 2821 tantum
1764 2770 1821 2821 et
1851 2765 1986 2822 sub-

336 2855 707 2926 sequentium
766 2854 1117 2912 seculorum
1148 2853 1494 2911 Christianis
1537 2859 1815 2925 usurpata
1844 2854 1987 2926 legi-

335 2958 488 2999 mus.
512 2945 634 3008 Quo
664 2958 805 2999 sane
830 2941 1192 3016 ‘argumento
1224 2941 1472 3001 Dalleeus
1503 2944 1847 3015 scriptorem
1878 2960 1983 3003 no.

336 3036 520 3088 strum
552 3049 669 3089 non
716 3040 849 3090 ante
899 3032 1179 3091 saeculum
1240 3034 1475 3095 tertium
1531 3030 1809 3104 epistolas
1842 3050 1981 3090 suas

336 3138 605 3179 exarasse
654 3128 809 3180 certo
864 3140 927 3179 86
960 3125 1359 3180 demonstrare
1418 3122 1750 3178 arbitratur.
1807 3122 1980 3180 POI‘I‘O

339 3228 446 3267 nos
466 3211 563 3268 ille
592 3213 745 3268 serio
797 3219 1014 3281 monet,
1049 3229 1112 3269 se
1145 3230 1257 3269 non
1291 3212 1362 3270 de
1393 3228 1452 3268 re
1484 3214 1628 3286 ipsa,
1663 3213 1765 3268 sed
1789 3212 1859 3269 de
1888 3229 1982 3269 so-

338 3299 411 3355 lis
467 3301 725 3374 episcopi
769 3306 826 3358 et
862 3302 1185 3376 presbyteri
1244 3302 1583 3359 nominibus
1642 3302 1981 3375 disputare:
2017 3294 2061 3361 C

339 3412 367 3441 κ
400 3389 567 3447 Nunc
599 3390 670 3448 de
718 3408 778 3448 re
812 3392 960 3465 ipsa,
1020 3392 1209 3465 inquit
1232 3392 1297 3462 1⁸,
1355 3409 1469 3449 non
1501 3393 1758 3465 disputo.
1800 3392 1983 3451 Done-

341 3496 475 3536 mus
505 3478 846 3537 doctissimo
874 3481 1195 3550 Hamondo,
1215 3484 1366 3552 quod
1400 3481 1498 3540 ille
1522 3489 1639 3539 tam
1675 3482 1980 3553 vehemen-

338 3574 425 3625 ter
454 3572 640 3645 cupit,
672 3594 701 3623 ››
734 3570 1012 3628 nimirum
1045 3570 1151 3628 hos
1181 3572 1418 3629 ordines
1466 3588 1663 3645 revera
1685 3572 1867 3631 fuisse
1897 3574 1980 3630 di-

334 3660 597 3719 stinctos.
630 3666 697 3718 Et
746 3662 918 3741 paulo
951 3666 1115 3735 post:
1152 3684 1179 3714 «
1222 3650 1299 3719 De
1360 3662 1617 3736 episcopi
1660 3666 1891 3720 tantum
1920 3668 1976 3720 et

328 3752 653 3832 presbyteri
713 3753 1053 3810 nominibus
1098 3770 1387 3826 (μηδι-0....
1439 3754 1509 3811 de
1558 3753 1775 3827 quibus
1817 3770 1973 3811 nunc

324 3842 465 3899 solis
488 3844 745 3915 disputo.

393 3929 610 3987 Verum
643 3932 691 3988 si
728 3933 983 4008 episcopi
1016 3938 1074 3990 et
1104 3932 1425 4007 presbyteri
1456 3933 1692 3991 ordines
1726 3932 1876 3990 inter
1907 3950 1968 3991 se

320 4037 514 4078 revera
562 4023 824 4079 distincti
874 4025 1113 4093 fuerint,
1165 4041 1382 4097 eosque
1429 4024 1742 4079 distinctos
1785 4024 1966 4080 fuisse

314 4111 593 4166 concedat
626 4111 893 4177 Dallreus,
928 4114 999 4167 ab
1036 4130 1102 4168 eo
1152 4113 1328 4167 etiam
1385 4112 1585 4182 procul
1624 4112 1804 4168 dubio
1825 4130 1961 4168 con-

314 4200 639 4255 cedendum
663 4205 750 4254 est
799 4203 901 4270 jus
934 4202 1155 4272 lgnatio
1205 4201 1386 4257 fuisse
1419 4201 1759 4256 earumdem
1800 4202 1961 4257 ordi-

311 4303 455 4343 num
491 4292 733 4344 nomina
755 4290 811 4343 in
836 4290 1099 4361 epistolis
1125 4292 1476 4362 scriptisque
1504 4290 1629 4345 suis
1649 4306 1878 4362 semper
1904 4296 1961 4348 et

315 4378 530 4451 ubique
562 4378 1193 4456 distinguendi.Nullus
1217 4380 1372 4434 enim
1405 4379 1521 4435 ullo
1550 4386 1957 4453 unquamjure

310 4471 599 4544 suspicari
632 4477 839 4544 potest,
892 4471 1194 4543 multoque
1255 4471 1454 4525 minus
1506 4468 1721 4527 inferre
1761 4472 1953 4546 debet,

306 4562 523 4634 scripta
575 4562 827 4619 auctoris
886 4560 1136 4632 alicujus
1191 4561 1321 4616 ideo
1371 4562 1786 4634 proscribenda
1825 4580 1953 4622 esse

2084 639 2188 695 pro
2214 641 2319 682 suo
2350 626 2552 683 ordine
2608 628 2897 694 debitam,
2932 643 3060 699 quae
3086 625 3210 681 sine
3232 624 3603 698 singulorum
3642 642 3753 680 no-

2086 714 2313 771 minum
2344 716 2719 774 distinctione
2737 716 3019 774 declarari
3043 733 3157 773 non
3190 720 3399 788 potest,
3444 715 3505 771 in
3537 716 3750 789 primis

2087 805 2458 862 commendat
2487 812 2546 863 et
2576 808 2856 881 praecipit.

2158 896 2302 951 Huic
2332 902 2525 957 autem
2558 903 2766 955 nostrae
2790 896 3156 971 responsioni
3184 912 3296 953 non
3327 894 3516 954 solum
3542 912 3612 951 ex
3643 896 3738 968 iis,

2088 1002 2214 1058 qua
2274 986 2619 1059 imprudens
2687 988 2939 1045 Dallaus
2996 988 3306 1054 concessit,
3340 987 3440 1043 sed
3489 1004 3559 1043 ex
3614 987 3747 1059 ipsa

2084 1075 2263 1131 etiam
2294 1074 2639 1148 rigidiorum
2672 1080 3225 1149 presbyteranoruin
3243 1076 3520 1150 opinione
3552 1076 3740 1149 pluri-

2089 1182 2253 1222 mum
2295 1168 2522 1225 roboris
2552 1169 2779 1241 accedit
2809 1174 2865 1227 et
2892 1167 3271 1241 firmamenti.
3306 1168 3533 1225 Etenim
3568 1167 3754 1223 Blon-

2090 1255 2422 1329 dellus,quo
2457 1274 2628 1318 nemo
2663 1260 2813 1316 inter
2829 1260 3279 1333 presbyteranos
3312 1256 3754 1331 rigidior,docei

2092 1346 2553 1417 apostolicorum
2587 1348 2846 1404 virorum
2900 1353 3162 1419 tempore
3191 1345 3568 1406 vetustiorem
3616 1363 3752 1418 pre-

2088 1435 2392 1508 sbyterum
2424 1437 2481 1493 in
2509 1436 2767 1494 defuncti
2798 1437 3059 1509 episcopi
3088 1437 3282 1494 locum
3316 1436 3479 1493 nulla
3501 1436 3744 1509 quidem

2092 1524 2376 1582 electione
2406 1526 2495 1583 vel
2532 1527 2921 1591 ordinatione,
2954 1528 3055 1584 sed
3101 1527 3226 1584 solo
3258 1526 3749 1600 antiquitatisjuo

2092 1634 2173 1683 re,
2206 1634 2273 1675 ea
2306 1619 2429 1689 lege
2486 1620 2872 1692 subrogatum
2924 1620 3141 1686 fuisse;
3174 1625 3239 1676 ut
3263 1636 3329 1674 eo
3382 1618 3509 1690 ipso
3540 1618 3744 1691 prima

2093 1708 2404 1776 cathedras,
2461 1709 2923 1782 praesidialisque
2978 1709 3284 1782 potestatis
3336 1712 3459 1782 jus,
3514 1708 3746 1766 caeteris

2094 1799 2450 1871 presbyteris
2484 1805 2783 1872 negatum,
2814 1799 2896 1855 illi
2917 1800 3291 1875 tribueretur.
3322 1799 3431 1864 Qui
3454 1803 3649 1855 autem
3678 1799 3740 1854 in

1932 1952 1962 1995 ο
2017 1920 2064 1986 Β
2095 1904 2183 1953 ea,
2216 1888 2352 1951 licet
2374 1888 2536 1959 falsa,
2570 1896 2710 1945 sunt
2740 1889 3036 1962 opinione,
3070 1889 3319 1947 inficiari
3361 1904 3743 1962 nequaquam

2100 1983 2349 2050 possunt
2388 1995 2597 2035 nomen
2616 1979 2875 2051 episcOpi
2907 1979 3285 2052 presbyteris,
3310 1979 3409 2059 qui
3442 1995 3508 2034 eo
3536 1978 3747 2051 primae

2098 2068 2387 2125 cathedras
2445 2068 2909 2142 praesidialisque
2982 2068 3284 2142 potestatis
3335 2070 3469 2140 jure
3523 2068 3739 2139 privati

2095 2170 2278 2227 erant,
2331 2164 2540 2217 merito
2568 2162 2641 2217 ab
2702 2161 2928 2233 Ignatio
2976 2162 3369 2234 denegatum;
3430 2178 3496 2217 ac
3531 2160 3749 2216 merito

2098 2250 2339 2321 proinde
2369 2249 2610 2307 nomina
2645 2249 2903 2323 episcopi
2934 2254 2991 2306 et
3041 2250 3364 2321 presbyteri
3394 2251 3465 2307 ab
3499 2248 3597 2306 illo
3629 2265 3743 2305 nec

2096 2338 2397 2406 confundi,
2459 2355 2563 2395 nec
2592 2340 2924 2411 promiscue
2954 2339 3591 2413 indiscriminatimque
3628 2338 3744 2396 ba-

2094 2428 2238 2485 beri.
2273 2429 2351 2485 Ad
2384 2428 2801 2501 distinguenda
2829 2428 2989 2493 enim
3024 2445 3219 2489 rerum
3252 2428 3510 2499 nomina,
3541 2445 3744 2486 veram

2095 2534 2289 2576 rerum
2325 2517 2587 2589 ipsarum
2617 2518 3057 2575 distinctionem
3090 2519 3234 2589 satis
3269 2535 3563 2597 superque
3585 2536 3747 2593 esse,

2096 2606 2317 2675 nullus,
2350 2608 2580 2679 Opinor,
2609 2608 2982 2664 dubitaverit.

2094 2701 2124 2777 §
2155 2698 2233 2767 ll,
2258 2699 2411 2759 Haec
2428 2704 2671 2761 nomina
2694 2697 2764 2784 αῤ
2784 2698 3088 2784 apostolis,
3116 2700 3376 2782 virisque
3404 2700 3750 2784 apostolicis

2656 2777 2839 2857 fuisse
2868 2777 3170 2842 distincta.

2162 2879 2291 2934 Haec
2318 2894 2458 2935 sane
2509 2879 2582 2935 ad
2612 2880 3035 2937 destruendum
3082 2880 3437 2955 penitusque
3485 2887 3752 2941 everten-

2092 2968 2229 3023 dum
2276 2969 2595 3024 maximum
2640 2967 2830 3024 Dallssi
2881 2974 3297 3042 argumentum
3345 2970 3455 3027 etsi
3506 2972 3754 3029 abunde

2090 3058 2407 3127 sufﬁciant,
2450 3060 2519 3115 ad
2550 3075 2672 3115 rem
2697 3064 2894 3116 tamen
2930 3077 3115 3133 Ipsam
3137 3062 3583 3119 examinandum
3611 3064 3747 3122 ani-

2090 3164 2187 3205 mo
2204 3147 2615 3205 lubentissimo
2640 3150 3202 3223 aggredimur.0uod
3227 3152 3406 3226 igitur
3423 3153 3753 3225 apostolos,

2101 3237 2569 3311 apostolicosque
2592 3238 2745 3294 viros
2775 3241 3003 3296 duobus
3031 3242 3324 3313 prioribus
3342 3242 3612 3299 Ecclesiae
3638 3261 3750 3301 saa-

2099 3327 2250 3385 culis
2281 3329 2521 3385 nomina
2542 3330 2799 3402 episcopi
2824 3334 2881 3387 et
2922 3331 3246 3404 presbyteri
3277 3348 3509 3406 semper
3534 3335 3757 3389 confu-

2092 3418 2247 3475 disse
2276 3435 2341 3474 ac
2386 3416 2839 3475 indiscrimatim
2899 3424 2956 3477 et
3005 3422 3339 3492 promiscue
3399 3438 3755 3497 usurpasse,

2090 3509 2256 3563 tanta
2282 3505 2497 3563 fiducia
2563 3506 2818 3565 Dallseus
2880 3511 3115 3580 asserit,
3149 3510 3207 3568 id
3250 3511 3463 3568 falsum
3498 3514 3758 3570 omnino

2086 3600 2196 3668 est,
2230 3597 2585 3670 penitusque
2619 3598 2907 3655 tictitium.
2945 3600 3015 3655 Et
3045 3600 3235 3673 primo
3268 3600 3503 3674 quidem
3534 3603 3590 3658 in
3624 3602 3752 3661 hoc

2084 3687 2268 3744 falsus
2295 3695 2381 3744 est
2411 3687 2685 3758 Dallaaus,
2723 3688 2877 3761 quod
2905 3688 3097 3763 plura,
3131 3707 3307 3762 quam
3357 3709 3463 3766 par
3486 3696 3629 3760 erat,
3662 3708 3749 3751 ex

2082 3777 2209 3857 ipso
2242 3779 2795 3853 Presbyteranorum
2828 3797 3069 3839 suorum
3095 3782 3431 3839 testimonio
3463 3787 3743 3855 tempora

2081 3858 2418 3942 complexus
2450 3870 2539 3926 sit.
2592 3870 2738 3926 Nam
2789 3869 3124 3929 Blondellus
3158 3872 3735 3947 Presbyteranorum

2077 3959 2311 4027 erroris,
2348 3959 2431 4015 uti
2482 3958 2756 4030 diximus,
2789 3960 3112 4017 acerrimus
3161 3962 3456 4031 defensor,
3487 3962 3747 4021 indubi-

2076 4048 2539 4106 tanteraftirmat
2596 4066 2806 4106 novam
2865 4050 3101 4106 creandi
3161 4053 3419 4126 episcOpi
3450 4054 3738 4122 formam,

2073 4154 2190 4209 qua
2240 4138 2595 4211 presbyteris
2653 4139 2917 4210 superior
2946 4140 3345 4211 constituitur,
3398 4143 3469 4198 ab
3502 4143 3735 4202 Christi

2071 4243 2223 4281 anno
2257 4228 2359 4283 130
2391 4228 2573 4285 fuisse
2602 4228 3019 4286 introductam.
3057 4232 3130 4287 At
3157 4237 3311 4289 certe
3357 4248 3569 4305 negare
3601 4251 3731 4293 non

2068 4323 2320 4388 possunt
2351 4319 2947 4393 Presbyterani,hunc
2979 4322 3235 4395 episcopi
3268 4339 3449 4396 supra
3479 4328 3736 4399 presby-

2067 4409 2221 4462 teros
2255 4408 2528 4478 gradum,
2588 4426 2787 4466 secum
2838 4411 3099 4484 ipsorum
3143 4430 3376 4485 quoque
3408 4415 3735 4475 nominum

2065 4494 2352 4553 invexisse
2411 4495 2873 4556 distinctionem.
2923 4505 3051 4558 Non
3103 4503 3257 4558 enim
3290 4502 3403 4559 alia
3444 4504 3515 4561 de
3538 4522 3739 4565 causa

2063 4601 2190 4641 eam
2226 4586 2397 4643 tertio
2428 4586 2639 4643 saeculo
2663 4588 2876 4646 factam
2914 4590 3095 4646 fuisse
3125 4591 3268 4648 dicit
3297 4593 3569 4664 Dallaeus,
3604 4597 3740 4653 nisi

305 4652 538 4727 ipsique
565 4652 1143 4726 abjudicanda,quod
1186 4650 1246 4707 in
1269 4649 1341 4706 iis
1370 4666 1439 4706 ea
1467 4652 1707 4711 nomina
1736 4654 1950 4713 distin-

2087 4674 2203 4748 [uia
2230 4692 2373 4733 nova
2387 4676 2621 4733 creandi
2644 4678 3187 4751 episcopumt‘orma
3211 4687 3349 4737 tunc
3380 4682 3731 4744 introducta

304 4750 726 4819 xerit,quorum
755 4748 861 4802 rite
879 4746 1428 4818 distinguendorum
1451 4747 1554 4819 jus
1574 4752 1950 4819 potestatem-

302 4856 417 4913 que
449 4839 721 4896 habebat.

328 4928 331 4929 ⁷
372 4931 463 4996 At,
494 4927 684 4998 inquit
709 4927 978 4993 Dallaeus,
1004 4928 1251 5002 apostoli
1296 4929 1522 5003 virique
1547 4931 1852 5004 apostolici
1884 4947 1951 4987 ea

302 5017 541 5073 nomina
569 5033 685 5071 non
719 5014 1054 5073 distinxere.
1088 5018 1224 5073 Esto
1256 5035 1371 5075 non
1404 5017 1949 5084 distinxerint.0uid

302 5108 437 5163 inde
470 5104 722 5163 Dallieus
771 5108 1057 5178 conjicere
1092 5113 1294 5179 potest,
1358 5109 1471 5165 nisi
1506 5108 1639 5163 illos
1684 5111 1820 5180 jure
1842 5126 1947 5165 suo

298 5214 400 5275 nec
435 5216 572 5255 usos
594 5214 742 5265 esse,
777 5215 881 5253 nec
917 5200 996 5253 uti
1040 5198 1313 5264 voluisse,
1349 5214 1461 5269 quo
1509 5197 1743 5268 quidem
1778 5198 1947 5270 Igna-

292 5290 411 5344 tius
448 5291 528 5343 uti
558 5288 1001 5362 voluit,sibique
1035 5290 1317 5344 utendum
1350 5302 1480 5365 esse
1510 5288 1688 5355 )ustis
1718 5288 1790 5342 de
1816 5305 1949 5343 cau-

290 5381 373 5436 sis
396 5380 712 5433 arbitratus
745 5388 830 5434 est
855 5378 883 5433 ‘I
912 5382 972 5435 In
1010 5378 1276 5450 epistolis
1320 5380 1475 5436 enim
1523 5378 1670 5444 suis,
1698 5396 1843 5451 quas
1874 5380 1945 5435 ad

288 5470 583 5527 Ecclesiae
615 5469 927 5542 dirigebat,
961 5481 1014 5526 et
1051 5472 1109 5525 in
1141 5471 1213 5526 iis
1245 5471 1477 5544 publice
1509 5470 1786 5544 legendas
1818 5487 1946 5528 esse

291 5559 675 5615 subdubitare
692 5558 1339 5632 poterat,obedientiam
1356 5578 1421 5621 ac
1436 5562 1815 5620 reverentiam
1831 5562 1946 5635 epi~

371 5711 419 5750 “
445 5728 572 5786 cap.
606 5712 698 5783 25,
730 5728 787 5783 p.
819 5713 946 5770 883.
978 5711 1023 5748 “
1052 5730 1179 5785 cap.
1211 5715 1302 5784 26,
1336 5731 1392 5786 p.
1425 5716 1551 5771 386.
1580 5716 1626 5752 “
1655 5731 1783 5789 pag.
1818 5718 1941 5774 386.

2063 4770 2168 4821 est.
2201 4768 2341 4822 Cum
2399 4766 2500 4822 illa
2530 4784 2661 4838 ergo
2686 4768 2858 4837 juxta
2916 4768 3375 4844 Presbyteranos
3426 4791 3577 4831 anno
3611 4776 3728 4831 130

2062 4856 2215 4910 facta
2237 4858 2335 4925 sit,
2377 4857 2748 4931 septuaginta
2798 4858 2939 4915 anni
2970 4876 3002 4929 a
3031 4859 3320 4918 Dallszano
3362 4862 3584 4920 calculo
3607 4865 3720 4921 de-

2059 4944 2327 5003 trahendi
2360 4951 2519 5002 sunt.

2128 5032 2258 5091 Jam
2292 5052 2425 5091 vero
2458 5036 2505 5092 si
2538 5037 2610 5092 ad
2646 5036 2952 5109 superiora
2998 5043 3263 5114 tempora
3290 5044 3716 5117 ascendamus,

2060 5123 2361 5181 Dallazanie
2386 5126 2725 5183 assertionis
2757 5128 2983 5185 falsitas
3012 5129 3247 5203 planius
3272 5132 3716 5209 dilucidiusque

2060 5214 2621 5284 apparebit.Nemini
2646 5217 2862 5290 quippe
2892 5219 3158 5291 ignotum
3193 5227 3282 5278 est
3316 5240 3492 5295 quam
3526 5242 3719 5296 pauca

2060 5300 2229 5357 nobis
2289 5304 2580 5375 supersint
2638 5305 3089 5375 apostolicorum
3161 5311 3419 5368 virorum
3469 5312 3712 5387 scripta,

2060 5405 2164 5443 nec
2196 5389 2300 5445 ulli
2334 5392 2577 5448 dubium
2613 5410 2742 5450 esse
2773 5401 2989 5468 potest,
3034 5397 3178 5469 quin
3215 5397 3471 5471 plurima
3499 5419 3707 5460 eorum

2058 5492 2234 5550 opera
2279 5480 2397 5536 sint
2432 5481 2753 5554 deperdita,
2810 5501 3001 5558 neque
3049 5487 3107 5545 in
3168 5497 3398 5547 nostras
3447 5495 3717 5551 venerint

2061 5581 2287 5626 manus.
2321 5567 2486 5629 Unde
2520 5588 2655 5648 ergo
2680 5573 2955 5647 probabit
2984 5574 3258 5649 Dallteus,
3300 5597 3508 5640 omnes
3536 5583 3716 5657 primi
