4062 6206
252 339 377 399 537

1211 344 1283 405 D.
1331 344 1661 411 NOURRII
1704 348 2245 413 DlSSERTATIO.
2295 383 2371 394 -—
2412 348 2620 413 PARS
2667 352 2718 413 Ῑ.

3552 356 3676 418 538

258 482 327 534 et
351 478 593 571 secundi
622 480 820 537 saeculi
850 482 1166 556 scriptores
1204 484 1429 545 nullum
1466 502 1726 560 unquam
1759 486 1914 545 inter
1940 488 1996 571 Α
2025 487 2512 545 consuetudinem
2535 486 2779 545 secundi
2811 485 3004 557 seculi
3036 487 3519 563 scriptorum,qui
3540 489 3673 547 istis

251 567 521 641 episcopi
553 574 610 625 et
657 572 977 643 presbyteri
1009 576 1250 633 nomina
1289 578 1666 634 constituisse
1700 577 1912 635 discri-

252 673 394 713 men
418 658 445 713 ?
476 658 758 733 Nunquid
782 661 893 733 ipsi
919 666 1147 735 quodin
1179 666 1490 737 deperditis
1509 670 1747 733 Patrum
1778 685 1913 741 ope-

248 746 423 803 ribus
456 749 738 822 scriptum
774 752 969 821 fuerit,
1002 756 1357 828 patefactum
1390 761 1525 814 est?

327 857 668 929 Respondet
722 859 971 917 Dallaaus
1007 879 1070 921 se
1117 864 1176 921 id
1205 867 1452 936 probare
1481 884 1552 925 ex
1571 867 1913 941 Chrysosto-

248 964 376 1017 mo,
432 949 814 1021 Thecdoreto,
849 951 1100 1026 aliisque
1160 958 1606 1031 posterioribus,
1640 960 1740 1033 qui
1789 959 1914 1019 hmo

250 1038 502 1096 nomina
531 1042 865 1109 apostolicis
896 1045 1260 1118 temporibus
1295 1048 1574 1107 distincta
1611 1056 1671 1107 et
1701 1051 1912 1108 discri-

251 1128 485 1186 minata
534 1131 713 1188 fuisse
763 1138 960 1205 aperte
1016 1134 1375 1195 inficiantur.
1406 1144 1559 1196 Bene
1591 1147 1676 1201 est
1733 1145 1909 1209 certe,

250 1219 415 1289 quod
447 1218 546 1276 ille
572 1237 671 1278 eos
707 1223 876 1280 nobis
906 1226 1192 1297 producat
1225 1232 1423 1295 testes,
1457 1230 1559 1301 qui
1607 1238 1808 1286 contra
1838 1230 1911 1285 il-

248 1309 372 1365 lius
395 1310 731 1384 Opinionem
767 1315 1184 1388 gravissimum
1219 1317 1387 1391 plane
1417 1319 1622 1376 dicunt
1652 1320 1913 1379 testimo-

248 1399 443 1455 nium.
478 1400 546 1455 Hi
581 1418 789 1474 nempe
844 1405 1117 1478 quamvis
1168 1409 1387 1478 Optime
1436 1414 1677 1466 nossent
1705 1409 1764 1464 in
1823 1408 1911 1465 his

245 1491 520 1563 epistolis
552 1493 789 1551 nomina
818 1496 1077 1569 episcopi
1109 1501 1167 1553 et
1197 1498 1517 1572 presbyteri
1551 1517 1789 1574 semper
1817 1501 1908 1556 di-

246 1584 497 1656 stingui,
530 1602 634 1641 nec
667 1586 817 1643 inter
846 1604 908 1644 se
940 1588 1057 1645 ullo
1089 1606 1350 1662 unquam
1387 1592 1558 1647 modo
1590 1593 1905 1662 confundi;

246 1671 387 1729 illas
416 1679 612 1731 tamen
640 1676 864 1749 Ignatio
894 1684 1091 1735 nostro
1110 1684 1446 1737 constanter
1469 1681 1558 1754 adj
1572 1682 1902 1739 udicarunt.

246 1765 429 1835 Atqui
461 1766 512 1821 si
544 1766 749 1822 eadem
781 1768 1018 1825 nomina
1047 1770 1119 1825 ab
1173 1770 1448 1826 omnibus
1479 1771 1605 1827 aliis
1637 1772 1810 1844 primi
1852 1777 1911 1829 et

2025 577 2325 635 vocabulis
2384 578 2897 645 indiscriminatim
2961 585 3226 643 utuntur.
3291 601 3318 631 ιο
3379 580 3672 651 Optimam

2027 685 2167 725 sane
2198 668 2497 725 Pearsonii
2542 668 2722 725 fidem
2756 668 2961 741 probat
3011 668 3335 725 Dallaeanus
3366 668 3531 727 liber.
3563 670 3674 727 Sed

2028 757 2315 831 quidquid
2377 759 2447 814 de
2505 774 2573 815 ea
2603 758 2700 829 sit,
2734 775 2801 815 ex
2860 758 2951 815 his
3011 758 3290 817 Dallaeani
3348 760 3670 819 defensoris

2026 848 2239 916 verbis,
2273 846 2418 903 illud
2452 852 2643 904 ratum
2677 854 3020 920 certumque
3044 848 3353 916 habemus,
3385 849 3542 920 quod
3573 850 3675 907 ali-

2027 939 2148 1011 qui,
2199 937 2449 1006 nemine,
2512 954 2581 994 ne
2616 939 2742 1009 ipso
2801 939 3057 1010 quidem,
3116 944 3181 995 ut
3218 938 3314 994 ille
3346 938 3491 1007 vult,
3545 938 3671 994 Dal-

2025 1026 2130 1084 laeo
2172 1029 2527 1104 refragante,
2560 1027 2759 1085 seaculi
2814 1029 3059 1089 secundi
3090 1030 3407 1102 scriptores
3440 1030 3678 1089 nomine

2025 1117 2283 1193 episcopi
2340 1122 2398 1174 et
2430 1117 2753 1192 presbyteri
2806 1119 3009 1175 eodem
3068 1135 3133 1174 ac
3185 1119 3444 1189 lgnatius
3506 1120 3677 1177 modo

2026 1206 2425 1264 distinxerint.
2461 1208 2541 1263 Ex
2590 1206 2682 1263 his
2713 1224 2885 1280 porro
2914 1225 3041 1281 qua:
3073 1208 3385 1275 adversarii
3437 1208 3521 1263 vel
3576 1225 3673 1265 vo-

2028 1295 2214 1353 lentes
2245 1296 2334 1354 vel
2363 1297 2526 1353 inviti
2557 1297 2831 1364 fatentur,
2866 1302 3070 1354 contra
3099 1314 3197 1354 eos
3228 1298 3312 1353 sic
3355 1313 3671 1370 argumen-

2026 1390 2249 1443 tamur:
2273 1388 2363 1443 Eas
2387 1388 2721 1459 epistolaain
2755 1389 2972 1462 quibus
3002 1392 3210 1460 praeter
3241 1405 3414 1444 usum
3447 1392 3505 1445 et
3535 1405 3671 1445 con-

2024 1475 2392 1533 suetudinem
2452 1476 2610 1533 illius
2665 1478 2898 1544 seaculi,
2956 1494 3159 1535 verum
3220 1478 3371 1534 inter
3412 1478 3671 1551 episcopi

2022 1571 2078 1621 et
2109 1566 2429 1639 presbyteri
2465 1568 2705 1624 nomine
2735 1568 3049 1624 discrimen
3083 1584 3314 1640 semper
3364 1569 3669 1637 statuitur,

2024 1671 2138 1712 non
2175 1656 2365 1712 minus
2388 1657 2597 1728 lgnatii
2629 1658 2781 1712 fetus
2805 1660 2963 1727 sunt,
2988 1673 3164 1728 quam
3186 1660 3403 1730 scripta
3423 1660 3671 1719 aliorum

2022 1744 2286 1814 ejusdem
2312 1745 2508 1800 saeculi
2532 1745 2927 1813 auctorum,in
2950 1747 3166 1818 quibus
3197 1747 3375 1814 idem,
3402 1748 3673 1819 quamvis

250 1832 498 1908 secundi
535 1856 729 1912 saeculi
763 1859 1151 1930 scriptoribus
1185 1859 1451 1931 confusa,
1486 1865 1544 1916 et
1574 1832 1654 1917 ab
1678 1867 1915 1920 auctore
1944 1868 1994 1936 Β
2026 1832 2551 1936 τατίυῖἱᾳίδθτῖωθθ
2573 1835 2839 1936 ,Ρ⁰⁰ί,¹⁰¹’³
2863 1852 3061 1936 solium
3095 1852 3223 1936 vrere
3249 1841 3669 1936 SPnt’qruyum

251 1948 456 1999 nostro
492 1950 701 2016 praeter
754 1954 1120 2006 constantem
1150 1949 1604 2021 apostolicorum
1650 1951 1906 2009 virorum

245 2049 425 2089 usum
459 2040 515 2090 et
540 2039 1033 2094 consuetudinem
1082 2039 1361 2095 distincta
1394 2040 1569 2097 fuisse
1601 2060 1703 2114 pro
1754 2050 1911 2100 certo

242 2122 616 2193 habuissent,
638 2131 758 2183 tam
790 2134 1006 2184 certam
1038 2130 1111 2185 de
1139 2128 1233 2185 his
1255 2129 1523 2202 epistolis
1546 2131 1775 2203 lgnatio
1799 2134 1906 2189 tri-

240 2214 497 2271 buendis
531 2232 650 2272 non
680 2216 956 2274 tulissent
984 2220 1359 2276 sententiam.

309 2323 463 2389 Quid
498 2340 637 2395 ergo
670 2330 871 2381 contra
899 2331 1078 2383 testes
1110 2344 1244 2383 suos
1274 2328 1858 2403 proferentDallreani
1880 2346 1909 2401 αῖ

238 2412 521 2470 Dicentne
564 2413 699 2470 illos
730 2415 790 2471 in
849 2432 916 2473 eo
945 2433 1196 2487 errasse,
1247 2419 1405 2489 quod
1464 2418 1570 2475 has
1628 2420 1906 2491 epistolas

234 2503 462 2574 Ignatio
522 2504 956 2578 ascripserint?
1011 2512 1085 2563 At
1116 2508 1166 2563 si
1220 2507 1281 2562 in
1313 2507 1424 2563 hoc
1481 2525 1768 2579 erravere,
1799 2526 1905 2566 cur

234 2608 355 2648 non
386 2593 574 2650 etiam
606 2595 670 2651 in
699 2611 766 2651 eo
798 2595 933 2652 falsi
953 2602 1117 2665 sunt,
1139 2599 1294 2669 quod
1324 2598 1397 2653 de
1426 2598 1773 2656 confusione
1798 2616 1903 2657 no-

234 2682 467 2738 minam
499 2685 761 2755 episcopi
788 2693 845 2741 et
867 2686 1193 2759 presbyteri
1216 2688 1456 2758 scriptis
1487 2688 1903 2760 prodiderunt?

234 2772 465 2829 Deinde
513 2773 785 2845 quamvis
817 2776 877 2831 in
929 2776 1109 2847 priori
1162 2777 1350 2849 capite
1379 2778 1603 2850 decepti
1661 2777 1901 2845 fuerint,

237 2878 308 2919 ex
338 2878 543 2919 eorum
576 2870 773 2921 tamen
801 2880 996 2922 errore
1016 2867 1219 2922 eadem
1252 2883 1489 2939 semper
1511 2867 1739 2923 elicitur
1768 2884 1903 2924 cono

238 2951 459 3016 clusio,
489 2952 616 3011 illos
647 2972 997 3025 persuasum
1055 2956 1301 3012 ﬁrmiter
1330 2956 1610 3013 habuisse
1639 2974 1710 3013 ea
1766 2956 1900 3029 epi-

239 3043 490 3113 scopiet
520 3044 834 3117 presbyteri
864 3044 1103 3102 nomina
1126 3061 1243 3101 non
1274 3062 1309 3101 a
1337 3045 1458 3102 solo
1489 3047 1736 3119 Ignatio,
1760 3063 1901 3118 prie-

238 3136 334 3187 ter
350 3138 716 3190 constantem
731 3139 1077 3191 ceterorum
1098 3138 1366 3191 omnium
1390 3152 1612 3192 morem
1626 3140 1683 3191 et
1702 3153 1899 3204 usum,

237 3219 344 3275 sed
374 3224 451 3277 ab
497 3222 628 3279 aliis
660 3222 837 3279 etiam
867 3224 1225 3295 quibusdam
1275 3224 1580 3297 apostolici
1611 3224 1716 3283 avi
1748 3225 1895 3282 scri-

237 3312 507 3382 ptoribus
535 3313 718 3371 fuisse
746 3313 1044 3371 distincta.

307 3421 374 3473 Et
404 3427 561 3476 certe
607 3436 730 3476 rem
763 3421 845 3475 ita
875 3436 937 3476 se
975 3421 1186 3477 habere
1218 3420 1355 3478 inde
1403 3421 1710 3488 evincitur,
1740 3422 1893 3493 quod

238 3519 461 3564 certum
494 3510 569 3579 sit
601 3509 899 3581 apostolos
922 3510 1081 3583 ipsos
1112 3512 1194 3567 ita
1223 3510 1293 3567 de
1327 3511 1647 3585 presbyteri
1683 3517 1739 3568 et
1768 3511 1894 3568 dia-

238 3599 366 3655 coni
428 3599 901 3656 ordinationibus
945 3601 1255 3669 disserere,
1314 3606 1379 3657 ut
1408 3618 1507 3658 eas
1560 3618 1792 3673 semper
1821 3603 1893 3659 ab

239 3690 535 3761 episcopo,
570 3706 877 3762 nunquam
910 3708 943 3747 a
975 3691 1315 3763 presbytero
1348 3690 1470 3747 fieri
1503 3692 1712 3748 debere
1742 3708 1895 3748 asse-

238 3782 463 3834 verant.
489 3778 577 3833 Ad
608 3779 728 3835 haec
755 3796 891 3835 vero
918 3779 1157 3857 Paulus,
1182 3796 1315 3835 cum
1349 3781 1629 3836 adversus
1661 3782 1896 3854 presby-

237 3869 394 3924 teros
428 3869 863 3925 accusationem
896 3869 1071 3942 recipi
1106 3873 1295 3926 vetat:
1329 3870 1599 3926 Adversus
1623 3873 1895 3942 presbyte-

236 3974 363 4012 rum
400 3959 512 4013 cito
548 3959 955 4015 accusationem
1004 3959 1122 4015 noli
1149 3961 1388 4031 recipere
1417 3958 1463 3999 ‘7
1489 3977 1502 4028 ;
1556 3958 1632 4016 ibi
1662 3960 1735 4015 de
1764 3959 1893 4032 epi-

237 4065 413 4121 scopo
443 4050 795 4122 presbyteris
827 4050 1126 4122 superiore
1156 4049 1437 4122 loquitur.
1462 4055 1540 4106 Ex
1570 4049 1660 4106 his
1693 4055 1890 4107 autem

237 4155 350 4195 non
383 4138 633 4196 obscure
661 4139 999 4211 colligimus
1046 4142 1346 4213 apostolos
1374 4144 1516 4196 tunc
1544 4140 1803 4214 episcopi
1834 4145 1893 4197 et

233 4230 563 4299 presbyteri
591 4229 853 4298 nomine,
890 4246 1026 4289 cum
1058 4230 1128 4286 de
1168 4230 1380 4288 officiis
1409 4229 1724 4301 unicuique
1757 4247 1889 4304 pro-

233 4317 380 4390 priis
413 4316 827 4390 loquebantur,
864 4323 1013 4376 recte
1044 4318 1424 4391 distinxisse;
1454 4336 1558 4391 nec
1587 4336 1655 4383 ea
1684 4319 1889 4377 confu-

232 4409 413 4477 disse,
441 4407 555 4465 nisi
585 4425 721 4481 cum
751 4409 823 4465 de
855 4410 1231 4483 muniis,qua2
1257 4410 1524 4484 utrisque
1554 4409 1891 4483 communia

232 4501 422 4563 erant,
456 4512 792 4569 sermonem
824 4496 1104 4554 facerent.

2025 1923 2362 1980 nominibus
2410 1924 2831 1983 inscribuntur.
2864 1925 3001 1991 Quis
3030 1925 3189 1997 enim
3247 1926 3467 1981 abnuat
3496 1928 3666 1999 Igna-

2020 2013 2163 2069 tium
2195 2012 2454 2084 potuisse
2484 2030 2550 2071 ea
2582 2031 2815 2087 semper
2844 2015 3200 2085 distinguere
3244 2016 3505 2081 nomine.
3539 2032 3661 2088 quis

2009 2103 2146 2173 jure
2194 2103 2399 2161 merito
2432 2104 2502 2160 ab
2564 2103 2693 2160 aliis
2725 2104 2992 2175 pluribus
3024 2103 3337 2175 aliquando
3383 2105 3664 2163 distincta

2014 2191 2198 2248 fuisse
2254 2199 2480 2250 certum
2530 2210 2770 2267 prorsus
2813 2210 3275 2267 concessumque
3305 2194 3436 2252 est?
3488 2195 3664 2267 Atqui

2014 2282 2335 2340 fatentibus
2382 2284 2754 2354 adversariis,
2806 2284 3000 2359 plures
3031 2286 3276 2342 secundi
3309 2286 3506 2343 seaculi
3556 2303 3658 2349 au-

2015 2382 2202 2429 ctores
2235 2373 2292 2429 in
2322 2374 2607 2447 Operibus
2638 2380 2695 2432 et
2723 2375 2977 2449 scriptis,
3011 2392 3141 2449 quas
3188 2392 3314 2434 vere
3343 2376 3416 2432 ab
3448 2375 3658 2441 iisdem

2012 2467 2153 2517 sunt
2183 2464 2622 2535 edita,episc0pi
2645 2469 2701 2521 et
2730 2467 3049 2539 presbyteri
3081 2465 3315 2522 nomina
3341 2464 3657 2537 aliquando

2011 2549 2427 2608 distinxerunt.
2444 2551 2635 2608 Potuit
2654 2569 2791 2625 ergo
2822 2552 3077 2621 Ignatius
3107 2555 3307 2610 eadem
3335 2556 3574 2610 nomina
3598 2556 3656 2610 in

2009 2641 2273 2713 epistolis
2304 2642 2431 2698 suis
2461 2658 2694 2714 semper
2721 2642 3104 2715 distinguere,
3130 2661 3232 2700 nec
3262 2661 3392 2700 eam
3424 2647 3495 2700 ob
3514 2661 3654 2700 cau-

2011 2747 2137 2786 sam
2171 2732 2381 2789 debent
2413 2731 2526 2804 ipsi
2557 2733 2629 2788 ab
2660 2732 3008 2790 adversariis
3040 2733 3385 2805 abjndieari.

2081 2822 2402 2889 Addamus,
2460 2821 2512 2878 si
2542 2820 2723 2893 lubet,
2769 2824 2921 2894 apud
2963 2824 3279 2880 Eusebium
3332 2822 3649 2879 Ecclesiam

2006 2913 2457 2983 Lugdunensem
2492 2912 2593 2969 lib.
2655 2930 2687 2968 v
2718 2912 2852 2968 Hist.
2895 2930 3016 2985 cap.
3054 2915 3104 2983 1,
3163 2913 3509 2986 Dionysium
3541 2918 3650 2970 Co-

2008 3000 2293 3058 rinthium
2320 3001 2420 3058 lib.
2446 3019 2523 3069 iv,
2557 3002 2797 3075 cap.23,
2830 3002 3183 3075 Polycratem
3215 3004 3316 3059 lib.
3348 3020 3402 3071 ν,
3430 3004 3653 3073 οθρ.24,

2005 3088 2064 3145 in
2125 3092 2250 3148 suis
2303 3092 2568 3164 epistolis
2623 3109 2925 3164 nunquam
2981 3094 3317 3165 presbytero
3374 3092 3654 3148 tribuisse

2007 3180 2264 3254 episcOpi
2296 3199 2527 3239 nomen.
2550 3182 2695 3255 Ergo
2717 3183 2954 3238 nomine
2969 3182 3227 3252 eniscOpi
3245 3186 3303 3238 et
3333 3181 3651 3254 presbyteri

1925 3244 1967 3323 Ο
2007 3244 2122 3327 nhn
2154 3244 2387 3345 semper
2414 3244 2800 3336 confundunt.
2832 3273 2935 3328 sed
2966 3271 3067 3328 illa
3095 3244 3258 3344 teque
3290 3244 3357 3328 ac
3389 3244 3653 3344 [gnatius

2007 3358 2207 3427 noster
2233 3379 2266 3418 a
2295 3378 2359 3419 se
2384 3362 2634 3420 invicem
2675 3366 2869 3434 aperte
2897 3362 3331 3419 discriminant.

2004 3508 2031 3577 §
2062 3507 2159 3565 IIl.
2192 3508 2573 3582 Respondetur
2592 3510 2974 3637 obiectantes:
3002 3507 3306 3582 Polycarpi
3325 3510 3654 3579 auctoritate

2724 3597 2793 3637 ne
2822 3598 2838 3636 ι
2864 3597 2929 3636 ae.

2721 3597 2929 3654 petitae.

2076 3706 2305 3765 Instant
2343 3710 2541 3765 tamen
2594 3705 2935 3775 adversarii,
2968 3705 3231 3777 nihilque
3289 3703 3653 3765 remittentes

2004 3800 2214 3866 urgent
2270 3795 2669 3868 Polycarpum,
2730 3794 2990 3853 amicitia
3046 3799 3104 3855 et
3170 3793 3374 3853 ordine
3432 3792 3652 3864 lgnatio

2003 3884 2578 3955 conjunctissimum,
2602 3885 2660 3942 in
2679 3884 2929 3956 epistola
2948 3885 3019 3947 ad
3043 3883 3190 3943 Phili
3200 3882 3654 3955 ppenses,tacito

2002 3975 2261 4049 episcopi
2310 3977 2570 4045 nomine,
2602 3974 2746 4035 illud
2804 3990 2939 4031 cum
2996 3972 3318 4047 presbyteri
3373 3972 3655 4031 vocabulo

2001 4081 2235 4137 semper
2263 4066 2639 4135 contudisse;
2673 4065 2921 4135 hincque
2951 4080 3085 4122 eum
3115 4063 3371 4121 dixisse:
3408 4084 3438 4115 ‹‹
3470 4063 3656 4127 Quare

1999 4155 2570 4227 oportet.....subjici
2601 4154 2957 4228 presbyteris
2987 4159 3046 4211 et
3063 4152 3653 4224 diaconis,tanquam

1997 4245 2228 4305 Christo
2267 4250 2326 4303 et
2358 4246 2518 4309 Deo?
2552 4268 2573 4297 ι
2618 4244 3061 4317 Respondemus
3092 4243 3281 4315 primo
3332 4242 3477 4300 nihil
3553 4257 3654 4313 pe-

1998 4336 2159 4394 nitus
2189 4353 2257 4397 ex
2288 4336 2395 4395 hac
2427 4335 3089 4408 Polyoarpiauetoritate
3118 4338 3323 4391 contra
3349 4350 3456 4390 nos
3474 4333 3650 4389 efﬁci-

1998 4426 2276 4493 Quamvis
2315 4426 2474 4487 enim
2532 4424 2884 4497 Polycarpus
2936 4423 3056 4481 haec
3115 4424 3269 4481 inter
3297 4438 3361 4480 se
3411 4422 3653 4479 nomina

1996 4516 2350 4587 confuderit,
2400 4515 2550 4579 illud
2603 4523 2794 4575 tamen
2834 4514 3056 4588 lgnatio
3106 4515 3207 4586 jus
3237 4529 3354 4570 non
3411 4513 3654 4569 abstulit

304 4603 454 4670 Quid
515 4604 671 4676 quod
702 4612 769 4695 et
815 4604 1012 4677 plures
1042 4611 1361 4665 occurrunt
1412 4606 1656 4665 secundi
1688 4606 1889 4669 seculi
1921 4628 1967 4695 ι)
1997 4622 2068 4695 ea
2095 4604 2655 4695 distinguendi,qus3_
2669 4606 2744 4695 ab
2773 4604 2907 4662 aliis
2928 4604 3246 4695 ostentati}
3263 4601 3651 4695 scriptoribus

232 4693 569 4767 scriptores,
603 4698 705 4767 qui
758 4694 915 4755 idem
945 4713 1012 4753 ac
1044 4698 1332 4769 Ignatius,
1365 4698 1517 4755 inter
1546 4697 1806 4771 episcopi
1834 4702 1892 4755 et
1921 4687 1960 4695 ’⁷
1998 4692 2273 4761 distincte
2295 4692 2480 4750 Γαίθδθ
2502 4691 2747 4757 inﬁcieri
2773 4708 2945 4749 nemo
2966 4694 3178 4763 ροιθειο
3204 4687 3650 4761 Respondemus

234 4784 563 4857 presbyteri
594 4786 834 4843 nomina
880 4787 1227 4855 discrimen,
1258 4790 1646 4860 eamdemque
1677 4788 1888 4851 distin-

231 4875 485 4931 ctionem
517 4875 875 4933 statuere.ld
904 4877 1142 4949 quidem
1174 4877 1335 4949 quod
1360 4876 1615 4937 Dellssus
1644 4894 1891 4949 negasse

230 4963 735 5031 videbatur,tanta
748 4964 1043 5023 evidentia
1063 4965 1484 5033 demonstravit
1506 4964 1885 5035 Pearsonius;

232 5058 302 5108 ut
327 5054 400 5109 ab
459 5070 751 5127 anonymo
780 5053 977 5115 Dallai
1037 5056 1343 5113 defensore
1370 5055 1485 5113 hoc
1532 5070 1886 5129 responsum

228 5145 520 5215 acceperit
547 5143 638 5202 ‘8:
671 5166 700 5196 α
731 5144 890 5203 Mala
910 5145 1025 5202 fide
1058 5145 1253 5202 Dallaei
1284 5146 1639 5203 sententiam
1671 5162 1883 5217 repra-

1999 4785 2282 4855 secundo,
2314 4784 2603 4850 incertum
2633 4783 2876 4847 omnino
2904 4798 3057 4853 esse,
3089 4785 3286 4839 utrum
3330 4789 3466 4838 tune
3498 4787 3647 4838 tem—

1997 4873 2159 4947 poris
2185 4890 2323 4931 eum
2354 4889 2525 4937 suam
2561 4872 2920 4945 Polycarpus
2976 4870 3257 4930 scriberet
3314 4869 3643 4944 epistolam,

1997 4963 2463 5038 Philippensium
2474 4962 2783 5035 episcopus
2801 4963 2871 5025 sd
2881 4962 2992 5021 huc
3010 4960 3232 5019 essetin
3246 4959 3411 5017 vivis.
3425 4957 3647 5015 Deinde

1994 5054 2119 5113 hac
2148 5053 2395 5127 epistola
2424 5053 2496 5119 ad
2528 5069 2634 5113 nos
2671 5051 2903 5125 integra
2930 5052 3172 5109 omnino
3202 5054 3259 5109 et
3305 5049 3645 5120 incorrupta

1995 5161 2111 5205 non
2144 5144 2425 5218 pervenit.
2456 5147 2682 5202 Rursus
2710 5158 2818 5216 ego
2850 5144 3139 5200 incertum
3172 5157 3315 5197 num
3351 5139 3411 5196 in
3443 5155 3511 5196 ea
3541 5142 3643 5194 Po-

228 5238 446 5302 sentst,
468 5234 636 5306 quasi
669 5239 909 5307 negaret
930 5233 1413 5293 discrimenitlud
1443 5235 1596 5293 inter
1625 5232 1885 5307 episcopi
1992 5234 2266 5307 locarpus
2323 5232 2542 5297 alicubi
2590 5230 2905 5305 specialem
2966 5231 3223 5303 episcopi
3283 5228 3641 5287 mentionem

229 5328 288 5382 et
316 5325 635 5397 presbyteri
689 5323 927 5382 nomina
956 5342 990 5381 a
1035 5325 1335 5383 veteribus
1369 5341 1635 5397 unquam
1682 5324 1884 5385 obser-
1990 5325 2212 5387 fecerit.
2245 5325 2440 5387 Tertio
2487 5323 2742 5394 denique
2768 5321 3061 5379 incertum
3109 5326 3306 5381 utrum
3340 5317 3437 5375 ille
3462 5317 3639 5378 aliam

229 5418 430 5469 vatum
458 5414 848 5470 esse.'Iamen
869 5412 989 5471 alia
1017 5430 1181 5481 mens
1211 5415 1323 5470 fuit
1348 5414 1588 5481 Dallaio,
1610 5414 1712 5485 qui
1734 5414 1885 5489 dun-

1990 5415 2457 5488 epistolam,qum
2486 5414 2559 5477 de
2587 5412 2862 5485 episcopo
2888 5410 3235 5475 nominatim
3258 5406 3638 5481 agebat,huic

234 5506 393 5563 taxat
439 5501 652 5561 asserit
690 5500 985 5577 Ignatium
1044 5502 1250 5575 ingens
1280 5518 1514 5575 semper
1567 5501 1882 5568 disertius
1991 5502 2387 5579 subiunxerit.

236 5596 489 5651 statuere
542 5593 695 5651 inter
747 5592 867 5650 haec
899 5593 1014 5651 duo
1072 5594 1334 5667 nomina,
1365 5598 1576 5668 proter
1603 5609 1778 5653 usum
1828 5596 1887 5651 et

310 5748 353 5784 ιτ
385 5748 411 5807 ι
438 5747 588 5808 Tim.
618 5763 677 5822 ν,
708 5747 799 5811 is.
836 5748 877 5787 ιι
907 5763 1041 5823 με.
1068 5748 1190 5808 sco.

2064 5590 2286 5665 Urgent
2312 5590 2551 5650 tandem
2581 5589 2964 5663 Polycarpum
2995 5588 3056 5649 in
3086 5588 3352 5662 ejusdem
3379 5586 3636 5662 epistol-
