4026 6206
442 430 560 491 539

1501 422 1560 484 S.
1610 422 2009 485 IGNATIUS.
2056 448 2133 463 --
2174 420 2797 484 PROLEGOMENA.

3698 425 3798 484 5i0

441 559 821 630 inscriptione
852 570 913 611 se
945 571 1058 609 non
1117 553 1479 626 episcopum,
1529 555 1630 610 sed
1681 556 2080 628 presbyterum
2115 554 2169 622 Α
2200 560 2443 626 possunt
2486 555 2759 612 facillime
2817 555 2875 610 in
2934 554 3191 610 medium
3250 554 3504 626 proferri.
3559 555 3661 611 Sed
3715 556 3800 612 illa

444 664 682 704 vocasse
717 647 805 700 bis
835 644 1064 697 verbis:
1119 664 1146 693 ‹‹
1180 642 1553 715 Polycarpus,
1594 649 1650 699 et
1682 646 1779 716 qui
1831 662 1961 700 cum
2018 660 2083 699 eo

444 735 821 808 presbyteri.»
841 733 948 787 Sed
976 732 1096 787 ha‘c
1120 734 1583 789 adversariorum
1619 736 1761 789 ratio
1784 735 1926 790 adeo
1944 736 2083 789 levis

445 830 532 878 est
553 824 887 887 etinﬁrma;
915 828 979 875 ut
1002 823 1265 893 Moynius
1290 823 1767 877 Calvinistrarum
1792 824 2083 891 minister,

444 927 765 981 eorumque
795 912 1117 983 symuiista,
1143 913 1495 967 contrarium
1519 914 1756 967 omnino
1790 913 2083 968 exiisdem

440 1000 631 1055 verbis
664 1007 1073 1069 argumentum
1107 1001 1413 1056 conficiat:
1468 1024 1497 1052 «
1529 1002 1651 1057 Non
1689 1003 1889 1058 scribit
1920 1004 2085 1075 Poly-

444 1106 673 1160 carpus,
706 1090 902 1161 inquit
935 1089 1000 1159 ιθ,
1052 1090 1368 1162 presbyteri
1401 1091 1662 1147 Ecclesiaa
1714 1091 2088 1163 Smyrnensis

441 1178 937 1250 Pbilippensihus,
955 1180 1052 1233 sed
1088 1179 1438 1251 Polycarpus
1458 1186 1515 1236 et
1546 1181 1873 1251 presbyteri
1902 1181 2089 1236 Eccle-

443 1268 541 1323 βίω
573 1268 948 1339 Smyrnensis
981 1267 1246 1323 Ecclesiae
1270 1269 1755 1341 Philippensium,
1792 1274 1855 1325 ut
1885 1269 2089 1325 discri-

442 1371 576 1411 men
610 1356 840 1427 aliquod
873 1357 1024 1411 inter
1054 1373 1115 1411 se
1146 1362 1200 1411 et
1234 1359 1596 1429 presbyteros
1654 1359 2083 1414 observandum

442 1445 727 1513 innueret,
760 1446 1224 1517 dignitatemque
1248 1463 1438 1514 suam,
1460 1452 1517 1503 et
1541 1448 1854 1519 primatum
1890 1447 2085 1519 aliquo

442 1535 613 1590 modo
646 1540 929 1589 tueretur.
962 1539 1100 1589 Nam
1134 1536 1231 1607 qui
1267 1538 1423 1607 paris
1466 1538 1771 1607 dignitatis
1800 1543 1857 1592 et
1888 1545 2085 1592 aucto-

442 1623 628 1679 ritatis
687 1624 1065 1694 Polycarpum
1126 1624 1305 1679 fuisse
1371 1642 1504 1680 cum
1556 1625 1679 1680 suis
1737 1627 2087 1698 presbyteris

444 1717 705 1777 censent,
739 1728 824 1766 na!
882 1711 963 1766 illi
1006 1713 1150 1767 mihi
1199 1714 1473 1769 videntur
1528 1715 1680 1769 tbesi
1713 1731 1834 1770 suae
1888 1716 2085 1779 nimis,

443 1815 620 1869 quam
655 1816 753 1869 par
783 1799 877 1867 sit,
911 1800 1186 1856 fervidius
1211 1806 1267 1856 et
1308 1802 1630 1859 studiosius
1662 1798 1997 1870 δουλευάειν,
2032 1806 2089 1857 et

445 1904 511 1944 ea
542 1887 732 1944 ofﬁcia
771 1888 1143 1955 confundere,
1178 1908 1300 1962 quas
1342 1898 1599 1964 tempore
1632 1892 1930 1965 Polycarpi
1960 1892 2087 1963 jam

443 1980 611 2033 erant
641 1976 960 2048 disparata.
996 1998 1027 2029 ιο
1059 1978 1189 2035 Haec
1220 1997 1359 2036 sane
1390 1998 1458 2036 ex
1488 1981 1819 2038 Calviuistaa
1855 1988 2095 2050 Presby-

451 2066 750 2137 teranique
798 2066 1055 2124 hominis
1104 2085 1201 2125 ore
1228 2070 1430 2125 elicuit
1484 2072 1717 2137 veritas,
1752 2089 1877 2143 quas
1912 2071 1970 2126 in
2028 2087 2093 2126 eo

453 2161 610 2212 esset
638 2156 996 2229 incorrupta,
1030 2158 1080 2213 si
1111 2174 1175 2214 ea
1202 2161 1395 2216 officia
1424 2166 1479 2217 et
1509 2162 1748 2217 nomina
1778 2178 1892 2217 non
1926 2159 2094 2232 Poly-

452 2244 613 2316 carpi
671 2250 918 2313 tantum,
951 2248 1051 2303 sed
1112 2250 1505 2320 apostolorum
1545 2267 1777 2323 quoque
1835 2254 2095 2320 tempore

452 2332 745 2406 disparata
778 2336 1039 2393 dixisset.
1082 2339 1162 2393 Ex
1194 2338 1285 2394 his
1317 2344 1510 2396 tamen
1541 2356 1662 2412 quae
1696 2341 1773 2395 ibi
1802 2355 1934 2394 vera
1965 2353 2095 2394 esse

452 2425 860 2497 agnoscit,ruit
872 2427 1072 2501 procul
1096 2430 1270 2486 dubio
1283 2431 1641 2489 Dallseanum
1656 2448 1795 2503 argu
1807 2434 2065 2488 mentum
2077 2472 2093 2500 ,

455 2514 841 2589 funditusque
870 2519 1165 2576 evertitur.

1067 2664 1298 2722 CAPUT
1335 2666 1487 2723 XIX.

490 2804 678 2844 NULLA
717 2803 776 2845 IN
814 2806 1091 2847 EPISTOLIS
1129 2809 1407 2849 AUCTORIS
1446 2811 1641 2850 NOSTRI
1682 2812 1816 2851 ESSE
1853 2813 2054 2865 VERBA,

862 2879 993 2925 QUI
1031 2880 1143 2921 NON
1184 2882 1311 2920 SINT
1350 2882 1670 2922 IGNATIANA.

886 2990 912 3056 §
944 2988 985 3044 Ι.
1022 2988 1092 3042 De
1122 2990 1303 3045 verbis
1331 2994 1661 3061 compositis.

524 3110 703 3165 Multa
751 3110 864 3165 alia
899 3111 1142 3168 Dalleus
1173 3130 1235 3169 se
1264 3114 1356 3170 his
1387 3115 1446 3170 in
1495 3115 1756 3187 epistolis
1811 3116 2092 3173 vocabula

452 3199 903 3270 deprehendisse
959 3202 1071 3257 sibi
1128 3203 1371 3269 videtur,
1405 3222 1532 3277 qua
1590 3208 1930 3278 scriptorem
1982 3223 2089 3264 no-

450 3293 636 3344 strum
672 3289 771 3345 diu
806 3299 933 3362 post
949 3293 1242 3362 Ignatium
1269 3294 1477 3350 vixisse
1508 3295 1746 3367 planum
1779 3296 1948 3352 nobis
1980 3296 2094 3352 uti-

454 3394 567 3449 que
626 3379 848 3435 faciunt
876 3380 939 3433 ²⁰.
975 3379 1075 3436 Illa
1104 3387 1301 3438 autem
1358 3384 1614 3456 primum
1663 3387 1913 3457 exagitat
1964 3403 2095 3459 qua

453 3484 487 3523 a
516 3468 816 3525 Blondello
873 3470 1036 3542 prius
1084 3473 1313 3543 objecta
1360 3474 1609 3541 fuerant,
1644 3478 1884 3532 nomina
1940 3478 2095 3534 varie

453 3559 796 3627 composita,
848 3564 913 3615 ut
969 3562 1326 3636 σαρκοφόρος,
1381 3563 1734 3641 νεκροφόρος,
1793 3572 1850 3623 et
1898 3566 2011 3623 alia
2063 3585 2098 3624 ο.

450 3646 627 3702 verbo
658 3646 805 3722 φέρω
837 3653 985 3718 orta,
1045 3653 1183 3707 item
1217 3651 1331 3709 alia
1388 3671 1422 3711 a
1450 3671 1586 3711 voce
1636 3652 1804 3727 ἄξιος,
1863 3662 1927 3714 ut
1954 3656 2097 3725 ἀξιό-

453 3730 683 3804 πλοκος,
740 3734 1005 3809 ἀξιόθεος,
1062 3746 1119 3796 et
1173 3740 1287 3798 alia
1317 3744 1569 3816 denique
1622 3762 1657 3801 a
1710 3748 1885 3803 verbo
1943 3746 2093 3815 Θεός,

454 3824 629 3882 sicuti
686 3827 1069 3901 θεομακάριος,
1149 3828 1470 3905 θεόδρομος,
1531 3842 1643 3892 etc.
1711 3836 2096 3895 Doctissimus

453 3915 690 3983 quidem
720 3916 1063 3977 Hamondus
1097 3920 1233 3977 huic
1274 3922 1555 3980 Blondelli
1606 3932 1948 3998 argumento
1972 3928 2097 3998 jam

455 4005 837 4075 responderat
867 4008 1094 4066 divinos
1138 4026 1319 4068 sacrae
1349 4013 1663 4086 Scriptura
1700 4024 1961 4073 auctores
1993 4033 2097 4073 no-

456 4094 715 4149 minibus
766 4097 948 4151 simili
994 4100 1165 4155 modo
1214 4102 1577 4173 compositis,
1626 4121 1878 4176 quorum
1929 4105 2100 4178 plura

454 4183 652 4237 retulit
680 4185 963 4255 exempla,
996 4203 1134 4242 usos
1165 4204 1398 4261 quoque
1429 4192 1631 4251 fuisse.

528 4269 640 4324 Sed
682 4270 860 4326 instat
888 4271 1139 4330 Dallaaus
1171 4275 1240 4341 εί,
1270 4293 1339 4332 ea
1377 4293 1501 4348 qua
1531 4297 1600 4334 ex
1628 4281 1811 4338 sacris
1855 4282 2098 4354 scripto.

454 4357 622 4413 ribus
643 4359 886 4416 adduxit
910 4364 1272 4430 Hamondus,
1292 4381 1421 4421 esse
1448 4368 1807 4437 paucissima
1835 4377 1892 4427 et
1918 4370 2098 4428 semel

457 4451 690 4504 tantum
723 4450 795 4504 ab
817 4450 889 4505 iis
915 4451 1089 4521 dicta,
1114 4468 1180 4508 ac
1208 4454 1525 4523 Ignatianis
1548 4455 1668 4513 illis
1686 4458 1868 4515 multo
1900 4462 2098 4517 mode-

458 4538 655 4595 stiora.
710 4539 767 4593 Si
824 4540 893 4594 de
948 4542 1237 4610 paucitate
1292 4546 1600 4601 verborum
1668 4548 1741 4603 ab
1793 4550 2099 4607 Hamondo

2190 644 2463 700 omnibus
2522 645 2601 699 ita
2653 648 2792 700 sunt
2836 643 3023 706 obvia,
3082 648 3148 698 ut
3203 641 3433 714 longum
3493 644 3797 700 earumdem

2190 750 2389 790 vocum
2422 734 2749 805 catalogum
2781 741 2970 789 texere
3002 732 3360 806 superﬂuum
3393 733 3467 786 sit
3510 740 3562 787 et
3591 734 3796 790 inutile.

2191 822 2391 893 Neque
2420 839 2552 878 vero
2583 823 2639 877 iu
2666 824 2848 877 sacris
2872 827 3100 877 tantum
3136 821 3444 893 Scripturis
3467 838 3559 876 eas
3578 824 3799 893 reperire

2190 916 2299 979 est,
2332 912 2431 967 sed
2466 912 2524 967 in
2557 912 2813 982 genuina
2859 912 3035 967 etiam
3066 910 3376 966 Clementis
3405 909 3656 982 epistola,
3689 928 3798 982 qua

2194 1000 2515 1071 Ignatianis
2548 1019 2661 1056 non
2694 1007 2786 1057 est
2818 1001 3113 1072 prolixior,
3148 1001 3255 1055 illae
3293 1003 3500 1056 easdem
3530 1017 3682 1056 voces
3710 1017 3799 1056 nec

2192 1092 2439 1145 rariores
2470 1095 2742 1159 sunt,nec
2775 1090 3180 1146 modestiores.

2325 1217 2353 1283 §
2382 1215 2450 1271 II.
2484 1216 2557 1272 De
2586 1216 2762 1271 verbis
2792 1231 2924 1271 nove
2954 1217 3263 1290 usurpatis,
3294 1214 3501 1271 scilicet
3532 1212 3694 1290 φύσις.

2894 1297 2950 1344 ετ
2978 1283 3145 1357 ᾅδειν.

2262 1400 2501 1465 Verum,
2540 1396 2733 1468 inquit
2775 1396 3046 1462 Dallwus,
3080 1394 3348 1467 quaedam
3389 1392 3558 1450 verba
3586 1394 3802 1465 scriptor

2192 1496 2387 1542 noster
2445 1502 2589 1542 nove
2620 1491 2885 1557 usurpat,
2944 1490 3000 1541 ct
3040 1490 3251 1557 praeter
3292 1484 3533 1540 aliorum
3592 1500 3801 1540 morem.

2192 1576 2315 1632 Duo
2372 1581 2570 1633 tamen
2617 1578 2896 1632 duntaxat
2947 1576 3308 1646 ejuscemodi
3342 1576 3510 1630 verba
3564 1591 3627 1630 ex
3678 1573 3806 1629 veris

2192 1665 2402 1739 Ignatii
2443 1666 2711 1738 epistolis
2761 1667 3073 1737 desumpta
3107 1665 3281 1720 nobis
3338 1665 3552 1735 objicit.
3586 1663 3803 1718 Primum

2195 1765 2283 1811 est
2339 1756 2581 1811 verbum
2642 1755 2841 1830 φύσις;
2874 1748 2974 1809 Sed
3018 1753 3163 1808 illud
3215 1754 3369 1824 apud
3404 1753 3629 1808 diverse:
3678 1751 3805 1807 litte-

2194 1851 2403 1900 ratura:
2439 1846 2755 1915 scriptores
2796 1844 2954 1899 vario
2988 1861 3160 1899 sensu
3214 1852 3555 1914 usurpatum
3604 1841 3803 1911 legitur,

2124 1920 2170 1983 Β
2199 1934 2471 2006 nihilque
2500 1951 2659 1989 news
2684 1933 3133 2005 significationis
3155 1937 3314 2005 apud
3342 1933 3617 2003 Ignatium
3641 1930 3803 1985 habet.

2269 2023 2603 2079 Secundum
2640 2023 2877 2077 verbum
2909 2026 2997 2077 est
3038 2017 3203 2090 ᾅδειν,
3238 2025 3392 2091 quod
3427 2020 3658 2075 Dallzsus
3693 2033 3806 2089 poe-

2200 2114 2381 2169 ticum
2432 2130 2559 2168 esse
2590 2112 2751 2167 dicit.
2785 2111 2979 2181 Neque
3030 2116 3223 2165 tamen
3260 2116 3321 2165 et
3365 2112 3421 2165 in
3454 2110 3634 2165 soluta
3661 2107 3803 2161 etiam

2199 2202 2459 2258 oratione
2508 2201 2579 2256 ab
2605 2199 2942 2255 auctoribus
2974 2201 3215 2271 Optimis
3247 2216 3404 2270 saepe
3434 2199 3636 2270 saepius
3665 2194 3805 2250 adbi-

2200 2291 2385 2347 bitum
2446 2290 2545 2345 ille
2601 2291 2839 2361 negabit
2896 2305 3183 2361 unquam.
3242 2288 3460 2353 Quidni
3499 2303 3623 2357 ergo
3650 2290 3699 2341 et
3747 2283 3803 2339 ab

2205 2380 2429 2453 Ignatio
2451 2380 2479 2435 ‘l

2443 2508 2471 2575 §
2500 2505 2597 2563 III.
2633 2510 2709 2561 De
2736 2504 2910 2561 verbis
2941 2502 3224 2560 inusitatis
3256 2512 3311 2560 et
3336 2503 3587 2559 obscuris.

2159 2689 2171 2702 ,
2266 2633 2440 2688 Addit
2493 2630 2740 2687 Dallasus
2768 2630 2829 2686 in
2875 2630 3139 2702 epistolis
3191 2630 3511 2701 Ignatianis
3553 2626 3799 2699 quaedam

2197 2721 2563 2778 obscuriores
2600 2728 2658 2777 et
2686 2720 3001 2777 inusitatas
3056 2735 3224 2775 voces
3260 2716 3523 2775 inveniri.
3568 2712 3803 2781 Quamvis

2196 2811 2254 2866 id
2286 2810 2656 2866 verissimum
2688 2813 2864 2879 esset,
2894 2808 3037 2880 quid
3070 2807 3206 2864 inde
3259 2806 3524 2864 conficiet
3552 2803 3807 2861 Dallaaus?

2195 2897 2469 2969 Nunquid
2531 2897 2812 2969 Ignatius,
2888 2896 3063 2952 sicuti
3121 2894 3373 2967 quilibet
3419 2894 3561 2952 alius
3610 2895 3800 2963 auctor,

2195 2985 2460 3043 obscuris
2520 2990 2577 3041 et
2629 2984 2927 3041 inusitatis
2986 2984 3278 3055 loquendi
3335 2984 3520 3039 modis
3583 2982 3655 3037 uti
3706 2993 3800 3033 non

2196 3074 2429 3148 potuit?
2462 3075 2525 3131 Id
2555 3091 2696 3132 sane
2721 3075 2779 3130 in
2811 3072 3117 3147 principiis
3146 3073 3489 3131 Christiane
3521 3066 3803 3143 rellgionis,

2195 3182 2319 3237 quas
2354 3181 2500 3221 nova
2527 3171 2585 3221 et
2612 3164 2897 3221 inusitata
2923 3179 3123 3220 secum
3156 3163 3378 3220 invexit
3413 3162 3595 3231 verba,
3625 3170 3799 3231 parum

2126 3297 2170 3365 ϐ
2198 3261 2362 3365 esset‘
2380 3254 2645 3365 mirabile
2740 3254 3059 3365 sedmulto
3114 3255 3319 3310 minus
3350 3254 3410 3355 in
3443 3248 3797 3365 Ignlaticilv‘i‘r‘o

2202 3344 2540 3418 apostolico,
2590 3344 2693 3416 qui
2722 3345 3002 3416 epistolas
3033 3361 3172 3401 suas
3229 3344 3472 3408 cursim,
3502 3347 3554 3399 et
3594 3336 3798 3401 occulte,

2204 3453 2268 3494 ac
2321 3452 2550 3491 summo
2583 3435 2845 3507 martyrii
2895 3435 3102 3491 ardore
3158 3435 3441 3491 incensus
3490 3430 3801 3489 exaraverst.

2201 3525 2612 3581 Verumtamen
2673 3541 2785 3580 non
2818 3523 2951 3580 aliis
3008 3523 3103 3579 ille
3135 3524 3395 3591 vocibus,
3449 3522 3532 3579 vel
3570 3514 3803 3592 loquendi

2204 3614 2394 3672 modis
2426 3630 2566 3671 usus
2598 3622 2703 3685 est,
2737 3630 2915 3685 quam
2958 3614 3029 3669 iis
3062 3613 3161 3686 qui
3196 3613 3259 3669 in
3294 3613 3475 3669 sacris
3504 3606 3800 3683 Scripturis,

2204 3701 2455 3776 aliisque
2484 3708 2631 3759 notas
2673 3702 2931 3759 melioris
2979 3701 3371 3773 scriptoribus
3402 3701 3583 3758 solent
3632 3710 3803 3754 occur-

2204 3808 2352 3848 rere.

2837 3878 3061 3937 CAPUT
3099 3878 3221 3935 XX.

2385 4009 2439 4048 IN
2475 4007 2565 4047 HIS
2604 4004 2892 4046 IPISTOLIS
2933 4005 3047 4044 NON
3089 4005 3221 4044 ESSE
3264 4006 3471 4046 ΡιιΑνΑε
3508 4001 3661 4045 PAULI

2836 4075 3217 4117 IMITA'I'IONBS.

2350 4170 2378 4242 ἒ
2410 4170 2454 4226 I.
2488 4169 2766 4238 Quantum
2796 4168 3115 4225 adversarii
3140 4168 3249 4224 sibi
3276 4170 3391 4227 sint
3416 4164 3690 4227 contrarii.

2277 4293 2432 4349 Inter
2462 4297 2549 4349 tot
2577 4297 2810 4366 tamque
2840 4294 3071 4349 diversa
3101 4293 3302 4349 Dallmi
3336 4295 3606 4350 adversus
3632 4284 3807 4361 Ignatii

2206 4379 2482 4452 epistolas
2495 4381 3013 4452 argumenta,illud
3035 4384 3290 4454 profecto
3304 4381 3502 4439 mirari
3513 4372 3807 4448 subit,quod

2206 4468 2302 4525 ille
2345 4469 2691 4540 scriptorem
2726 4478 2991 4527 nostrum
3028 4488 3141 4527 non
3177 4472 3497 4543 Ignatium,
3527 4470 3620 4527 sed
3660 4466 3809 4521 alium

2206 4556 2445 4614 omnino
2477 4557 2806 4616 iuisseinde
2842 4562 3087 4632 probare
3109 4559 3245 4615 velit
3267 4561 3551 4633 ",quiam
3578 4556 3811 4624 Quadam

460 4627 768 4683 allatorum
800 4630 1174 4699 conqueritur
1204 4633 1472 4729 pallemus,
1515 4638 1586 4693 de
1618 4638 1825 4708 majori
1862 4639 2098 4696 υαιιωαο
2130 4664 2175 4729 D
2211 4644 2369 4703 Pauli
2394 4647 2647 4719 apostoli
2678 4627 2945 4706 studiose
2976 4655 3067 4705 est
3092 4627 3379 4718 imitatus;
3409 4665 3642 4722 sperans
3668 4661 3722 4701 se
3739 4642 3814 4698 his

462 4734 668 4774 norum
705 4736 947 4776 numero
978 4738 1085 4779 nos
1126 4726 1335 4797 potiori
1359 4729 1493 4799 jure
1531 4732 1965 4803 conquerimur.
1999 4732 2100 4789 Ille

460 4806 752 4876 siquidem
786 4817 848 4866 ut
876 4814 1331 4884 compositarum
1363 4820 1516 4891 apud
1568 4822 1860 4893 Ignatium
1890 4838 2099 4879 vocum

461 4901 702 4966 augeret
750 4898 1210 4975 multitudinem,
1260 4922 1359 4963 eas
1412 4925 1537 4981 quas
1571 4911 1629 4966 in
1676 4912 1840 4969 falsis
1896 4912 2098 4984 Ignatii

461 4984 768 5057 epistolis,
826 4989 913 5045 vel
974 4991 1032 5046 in
1100 4996 1489 5065 genuinarum
1557 5001 2099 5073 interpolationibus

461 5082 793 5144 occurrunt,
856 5078 985 5136 aliis
1033 5082 1328 5142 immerito
1376 5087 1662 5158 adjunxit.
1711 5091 1929 5146 Deinde
1970 5090 2099 5147 ideo

463 5168 805 5223 Hamondus
852 5170 1050 5227 decem
1100 5179 1329 5231 tantum
1387 5191 1455 5231 ex
1513 5177 1729 5234 divinis
1782 5180 2100 5250 Scripturis

465 5259 920 5331 compositarum
965 5278 1162 5319 vocem
1214 5264 1454 5336 protulit
1499 5267 1784 5339 exempla,
1834 5271 1990 5340 quod
2034 5286 2103 5327 ea

466 5348 535 5403 ad
560 5366 769 5406 vanam
804 5351 1080 5409 Blondelli
1107 5354 1490 5423 objectionem
1509 5357 1921 5416 destruendam
1955 5361 2102 5417 satis

464 5452 757 5511 superque
813 5457 942 5499 esse
1012 5446 1322 5502 censuerit.
1380 5450 1454 5502 At
1526 5446 1698 5521 longe
1750 5448 1919 5521 plura
1976 5466 2102 5522 qua

464 5529 684 5595 passim
718 5529 777 5586 in
809 5530 997 5589 Veteri
1030 5532 1303 5607 Novoque
1345 5535 1719 5596 Testamento
1767 5545 2100 5609 occurrunt,

2206 4735 2385 4792 veluti
2418 4738 2724 4809 apostolici
2780 4738 3055 4811 discipuli
3090 4738 3465 4796 lineamentis
3519 4732 3813 4793 hominibus

2210 4824 2303 4881 sui
2332 4824 2550 4895 saeculi,
2587 4827 2910 4897 presertim
2945 4826 3197 4899 posteris
3226 4828 3299 4882 ab
3339 4826 3558 4897 Ignatio
3587 4818 3815 4880 remotio-

2210 4914 2397 4981 ribus,
2428 4914 2692 4986 adeoque
2715 4931 2913 4971 rerum
2944 4914 3398 4987 apostolicarum
3434 4918 3622 4971 minus
3646 4904 3811 4980 gnaris

2210 5004 2377 5060 facile
2406 5004 2851 5077 impositurum,
2887 5008 3062 5076 atque
3091 5003 3436 5061 effecturum
3469 5009 3531 5061 ut
3571 5019 3665 5075 pro
3692 4994 3808 5055 sori-

2212 5098 2374 5166 ptore
2404 5093 2722 5166 apostolico
2772 5093 3100 5150 haberetur.
3135 5114 3164 5143 »
3194 5092 3479 5149 Eumdem
3531 5092 3673 5148 enim
3701 5082 3811 5142 Dal-

2212 5183 2385 5241 lseum
2416 5199 2484 5240 ex
2512 5182 2704 5239 verbis
2734 5182 2992 5254 episcOpi
3024 5186 3085 5239 et
3134 5182 3478 5255 presbyteri,
3506 5196 3625 5253 quis
3653 5176 3806 5232 alieno

2213 5291 2249 5330 a
2272 5274 2448 5329 Paulo
2480 5270 2724 5343 apostoli
2754 5287 2930 5327 sensu
2963 5272 3034 5327 ab
3065 5272 3287 5342 Ignatio
3319 5275 3594 5343 usurpata
3638 5276 3809 5337 perpe-

2212 5378 2336 5418 ram
2367 5361 2598 5427 eﬂ‘utiit,
2622 5360 2708 5417 sic
2731 5361 3131 5432 disputantem
3164 5360 3497 5417 audivimus
3520 5360 3588 5413 "z
3604 5359 3805 5424 «Neque

2213 5450 2613 5522 apostolorum
2647 5448 2835 5505 ﬁlium
2882 5450 3063 5506 fuisse
3092 5448 3360 5506 diversus
3394 5465 3577 5506 sermo
3606 5441 3806 5503 manife-

2214 5543 2302 5596 ste
2333 5539 2730 5612 arguit,quem
2753 5554 2957 5597 omnes
2978 5543 3040 5596 et
3060 5537 3452 5611 apostolorum
3475 5528 3812 5594 observantis-

530 5704 732 5786 ‘il‘iol-
794 5707 853 5764 in
919 5707 1218 5782 Polyoarp.
1280 5710 1691 5785 epist.,p.10.
1759 5713 1805 5750 ιο
1835 5730 1963 5786 cap.
1996 5714 2086 5783 27,

2232 5711 2358 5769 407.
2429 5714 2471 5748 ³⁸
2509 5727 2640 5785 pag.
2674 5712 2795 5768 406.
2866 5713 2912 5748 ³⁸
2941 5728 3071 5786 cap.
3102 5712 3193 5783 38,
3224 5728 3277 5785 p.
3338 5709 3460 5768 410.
3527 5709 3571 5746 ⁸³
3597 5722 3707 5779 esp.
3734 5699 3815 5769 35:

464 5792 525 5851 p.
554 5778 680 5839 398.
