4026 6206
222 462 342 526 5M

1198 463 1269 523 D.
1317 458 1657 524 NOURRII
1698 458 2234 521 DISSERTA'I‘IO.
2276 486 2359 505 ι·-
2398 456 2600 519 PARS
2643 458 2693 519 I.

3537 462 3657 519 543

224 596 480 661 simum,
529 597 587 650 et
618 609 752 650 cum
786 593 1129 667 apostolicis
1171 596 1342 652 corde
1372 598 1429 652 et
1459 610 1577 664 ore,
1610 592 1808 649 anima
1840 594 1895 649 et
1923 595 1979 663 Α
2010 591 2130 648 lina
2160 591 2485 649 imitatione
2515 590 2789 664 putidum
2831 590 2970 663 quid
3004 588 3075 647 ab
3107 590 3226 646 ullo
3257 607 3515 664 unquam
3549 592 3652 650 ob-

220 686 427 758 lingua
464 684 1024 755 conjunctissimum
1059 685 1237 742 fuisse
1270 686 1666 741 consentiunt.
1695 705 1722 732 »
1754 680 1896 746 Quis

223 773 538 845 argutulos
563 772 971 843 hujuscemodi
1005 776 1301 846 sophistas
1321 784 1522 832 contra
1545 774 1749 846 Ignalii
1774 772 1896 845 epi-

230 865 417 920 stolas
453 862 810 929 rationibus,
864 864 973 919 sibi
1036 864 1285 920 invicem
1344 872 1463 919 tam
1519 863 1899 918 vehementer

237 954 737 1027 repugnantibus,
790 954 1158 1025 disputantes
1206 970 1319 1010 non
1369 951 1664 1008 miretur?
1694 951 1894 1007 Enim-

232 1059 366 1099 vero
403 1044 459 1099 si
516 1044 757 1100 nomina
798 1043 1053 1117 episcopi
1086 1048 1142 1099 et
1198 1042 1522 1117 presbyteri
1573 1058 1639 1098 eo
1695 1057 1895 1097 sensu:

236 1149 411 1204 quem
446 1132 607 1189 Pauli
640 1149 770 1189 esse
800 1150 917 1189 non
950 1138 1177 1205 putant,
1210 1135 1464 1205 scriptor
1495 1135 1689 1188 noster
1728 1130 1899 1187 adhi-

227 1222 437 1289 beat,ii
462 1223 724 1279 clamant
754 1222 949 1280 illico:
986 1245 1015 1273 ‹‹
1047 1223 1248 1296 Neque
1278 1222 1682 1296 apostolorum
1708 1220 1896 1276 {ilium

231 1312 423 1368 fuisse
445 1312 717 1369 diversus
748 1329 942 1370 sermo
974 1312 1281 1369 manifeste
1312 1312 1526 1384 arguit.
1550 1332 1579 1361 »
1602 1314 1644 1365 Ε
1672 1314 1898 1365 contra-

235 1401 322 1457 rio
355 1402 406 1457 si
436 1401 604 1457 Pauli
645 1418 812 1459 voces
841 1407 898 1460 et
928 1402 1169 1476 phrases
1200 1402 1297 1458 ille
1328 1405 1570 1473 usurpet
1592 1400 1681 1455 vel
1706 1399 1895 1453 imite-

239 1496 359 1560 tur,
421 1492 790 1548 continenter
848 1493 1023 1548 iidem
1092 1496 1363 1562 arguunt,
1424 1490 1542 1547 illis
1573 1504 1705 1544 eum
1766 1488 1895 1543 ideo

240 1596 418 1636 usum
451 1597 600 1648 esse,
636 1586 700 1636 ut
745 1581 1069 1653 imponeret
1116 1603 1145 1631 α
1196 1597 1387 1637 rerum
1440 1577 1891 1651 apostolicarum

243 1670 445 1725 minus
474 1669 694 1741 gnaris,
726 1675 899 1743 atque
944 1672 1199 1727 efﬁceret
1228 1676 1293 1726 ut
1318 1686 1420 1743 pro
1451 1669 1731 1741 scriptore
1762 1682 1895 1739 apo-

243 1758 454 1814 stolico
486 1760 818 1816 haberetur.
860 1782 887 1810 »
916 1761 1011 1816 Sic
1041 1776 1182 1817 sane
1220 1760 1477 1815 immane
1507 1759 1601 1814 his
1632 1756 1894 1829 epistolis

249 1863 601 1920 quocunque
634 1849 872 1905 tandem
923 1851 1091 1906 modo
1121 1850 1563 1906 contradicendi
1593 1846 1895 1903 cacoethes

2002 684 2221 755 jectum
2257 684 2435 740 fuisse
2468 684 2698 755 legitur.

2079 774 2238 839 Quod
2289 772 2596 844 subjungit
2639 773 2911 843 Dallaeus,
2970 788 3167 828 vocem
3229 770 3527 845 ἀντίψυχος
3582 789 3649 829 ex

2006 862 2253 917 Paulina
2282 860 2553 935 ἱσόψυχος
2586 862 2657 919 ab
2692 864 2912 934 lgnatio
2943 861 3509 933 lormatarn,puerile
3541 866 3649 928 est,

2008 952 2291 1023 planeque
2324 952 2612 1025 ineptum.
2643 951 2785 1006 Nam
2821 968 2898 1006 ea:
2948 968 3114 1007 voces
3145 951 3400 1005 diversos
3434 950 3653 1005 habent

2007 1044 2396 1117 signiﬁcatus,
2428 1051 2484 1101 et
2515 1062 2621 1101 vox
2670 1041 2967 1119 ἀντίψυχος
3017 1062 3127 1101 non
3176 1046 3328 1116 apud
3382 1041 3649 1110 Paulum,

2005 1135 2105 1191 sed
2141 1134 2284 1191 alios
2318 1135 2633 1207 scriptores
2666 1134 2936 1192 occurrit.

2078 1223 2191 1279 Nec
2225 1224 2469 1295 majoris
2518 1224 2666 1280 illud
2696 1228 2786 1281 est
2816 1223 3110 1297 ponderis,
3144 1223 3297 1295 quod
3331 1222 3481 1277 idem
3515 1221 3651 1278 Dal-

2005 1314 2146 1370 Iazus
2190 1317 2357 1386 urget
2387 1314 2432 1348 2‘
2481 1314 2600 1370 hac
2628 1313 2791 1370 Pauli
2841 1313 3037 1383 verba,
3079 1307 3496 1385 ἒλαχιστότερον
3528 1308 3655 1363 πάνυ

2002 1423 2108 1456 των
2168 1402 2358 1478 ἁγίων,
2432 1410 2825 1461 «sanctorum
2903 1402 3163 1460 omnium
3225 1402 3537 1457 minimum
3596 1416 3653 1457 se

2004 1508 2152 1558 esse,
2186 1515 2213 1543 »
2251 1492 2543 1565 lgnatium
2577 1510 2745 1566 prave
2780 1492 3016 1561 imitari,
3040 1509 3173 1548 cum
3208 1492 3348 1547 dicit
3379 1488 3478 1544 οὑκ
3506 1486 3651 1561 ἄξιός

2004 1581 2139 1653 εἰμι,
2188 1585 2273 1639 vel
2308 1581 2382 1642 ὡς
2450 1581 2770 1657 μικρότερος
2831 1580 3005 1655 ὑμῶν.
3067 1581 3385 1638 Postremis
3442 1582 3657 1652 quippe

2002 1672 2095 1727 his
2123 1672 2309 1728 verbis
2343 1690 2455 1728 non
2491 1675 2678 1745 magis
2727 1672 2823 1727 ille
2874 1673 2943 1727 ad
2976 1671 3161 1738 Pauli,
3197 1689 3371 1743 quam
3408 1671 3475 1726 ad
3513 1670 3657 1725 Mat-

2003 1760 2132 1816 thzei
2166 1760 2251 1816 vel
2304 1763 2470 1818 Luca
2519 1762 2861 1817 sententiam
2907 1760 3253 1817 collineasse
3299 1761 3549 1814 videtur.
3586 1758 3647 1814 In

2001 1850 2131 1906 aliis
2163 1866 2295 1906 vero
2350 1851 2770 1923 superioribus,
2822 1850 2909 1907 vel
2942 1852 3291 1921 quibusdam
3325 1849 3645 1917 similibus,

248 1938 453 1993 doctos
483 1938 754 1995 homines
801 1940 1113 1997 obcaecavit
1159 1945 1217 1996 et
1266 1948 1627 1996 transversos
1654 1938 1794 2010 egit.
1827 1936 1893 1991 Et
1923 1965 1969 2031 Β
2001 1939 2216 2010 quibus
2251 1957 2363 1996 non
2394 1940 2696 2013 epistolas,
2732 1945 2795 1996 ut
2826 1941 2905 1996 ait
2936 1938 3510 2011 Dallteus,implevit,
3544 1939 3645 1993 sed

244 2032 399 2084 certe
431 2028 482 2083 si
540 2027 621 2083 ita
652 2030 1052 2101 argumentari
1100 2029 1288 2096 liceat,
1340 2028 1503 2085 nulla
1548 2035 1719 2085 erunt
1753 2042 1893 2099 apo-

246 2118 595 2173 stolicorum
643 2119 921 2189 virorum,
981 2135 1046 2175 ac
1096 2120 1269 2191 primi
1318 2119 1638 2192 praesertim
1687 2121 1746 2173 et
1802 2132 1894 2174 se-

246 2207 429 2263 cundi
460 2208 663 2264 saeculi
697 2207 1045 2280 scriptorum
1076 2225 1273 2282 opera,
1297 2225 1425 2280 qua
1455 2209 1548 2265 his
1579 2222 1894 2280 argumen-

240 2297 318 2353 tis
367 2296 538 2362 t‘alsa,
592 2297 855 2369 ipsisque
904 2300 1215 2372 supppsita
1278 2314 1406 2357 esse
1482 2315 1595 2356 non
1652 2298 1895 2355 demon-

241 2391 531 2443 strentur.

316 2476 399 2533 Ex
429 2476 544 2533 hac
585 2477 806 2548 itaque,
855 2494 981 2551 qua:
1030 2479 1089 2535 in
1123 2480 1328 2552 lgnatii
1378 2479 1639 2552 epistolis
1686 2481 1895 2548 elucet,

249 2566 638 2623 Paulinarum
668 2583 875 2623 vocum
906 2567 1232 2625 imitatione
1277 2569 1631 2625 contrarium
1662 2569 1899 2625 omnino

247 2655 333 2711 sic
364 2654 603 2711 elicitur
631 2662 1060 2728 argumentum.
1078 2657 1253 2715 Recta
1273 2659 1419 2715 ratio
1450 2659 1617 2715 docet
1646 2675 1715 2715 ea
1743 2656 1898 2713 scri-

245 2749 368 2815 pta,
424 2760 558 2816 quas
605 2745 790 2811 Pauli,
844 2745 1205 2817 aliorumque
1262 2748 1659 2821 apostolorum
1707 2763 1899 2816 voces,

246 2834 523 2905 phrases,
556 2833 804 2906 stylum,
828 2842 1179 2908 ceterosque
1218 2836 1495 2910 loquendi
1528 2838 1733 2893 modos
1762 2836 1899 2893 imi-

246 2928 477 2993 tantur,
529 2927 706 2995 atque
752 2925 821 2980 ad
871 2941 968 2981 eos
1019 2927 1290 2998 proprius
1348 2927 1651 2996 accedunt,
1704 2944 1738 2982 a
1780 2925 1901 2982 viro

250 3027 397 3067 vere
428 3012 738 3081 apostolico
787 3015 969 3071 fuisse
1016 3017 1291 3087 profecta.
1336 3016 1509 3088 Atqui
1535 3016 1655 3071 hac
1685 3017 1901 3083 omnia,

257 3102 729 3170 fatentibus,imo
760 3103 1175 3173 objicientibus
1202 3106 1569 3174 adversariis,
1599 3106 1657 3161 in
1694 3105 1905 3177 lgnatii

255 3188 448 3246 nostri
479 3190 739 3262 epistolis
771 3192 1163 3264 reperiuntur.
1176 3195 1258 3250 Ab
1280 3211 1347 3251 eo
1367 3210 1503 3266 ergo
1524 3210 1656 3252 vere
1677 3194 1907 3267 scripta:

253 3284 421 3337 sunt.

409 3390 438 3455 §
469 3388 541 3444 ll.
574 3389 852 3458 Ignatium
881 3406 993 3447 non
1020 3391 1211 3462 putide
1239 3393 1482 3449 Paulum
1508 3392 1746 3447 imitari.

320 3495 573 3565 Verum,
597 3496 790 3569 inquit
823 3497 1090 3570 Dallaeus,
1114 3500 1289 3556 verba
1318 3517 1443 3572 quas
1471 3499 1622 3572 apud
1656 3498 1908 3556 Paulum

254 3604 393 3645 rara
422 3592 585 3654 sunt,
619 3605 685 3644 ea
716 3590 871 3660 apud
904 3594 1196 3647 auctorem
1253 3594 1543 3661 nostrum,
1594 3607 1707 3646 non
1740 3605 1909 3646 secus

256 3694 320 3733 ac
348 3676 737 3745 Sallustiana,
773 3683 839 3734 ut
866 3678 1006 3735 olim
1037 3680 1226 3735 aiebat
1271 3680 1510 3751 Seneca,
1543 3680 1699 3753 apud
1730 3685 1913 3737 Arun-

258 3767 414 3823 tium
448 3766 804 3823 creberrima
833 3773 991 3837 sunt,
1008 3785 1072 3824 ac
1104 3786 1249 3840 pene
1278 3774 1578 3843 perpetua.
1613 3771 1759 3842 Ergo
1792 3770 1913 3826 haec

262 3857 475 3930 putida
506 3857 758 3914 imitatio
803 3858 1083 3930 epistolas
1130 3859 1350 3932 Ignatio
1397 3860 1547 3916 male
1579 3861 1913 3932 suppositas

259 3946 481 4019 prodit.
517 3948 628 4003 Sed
661 3947 807 4004 falsa
846 3952 934 4005 est
963 3948 1085 4004 haec
1116 3948 1547 4022 consequentia.
1575 3948 1729 4004 Nihil
1755 3948 1912 4005 enim

262 4054 331 4093 ex
374 4038 761 4094 antecedente
805 4036 962 4094 aliud
1013 4038 1280 4095 concludi
1329 4044 1543 4112 potest,
1593 4038 1706 4095 nisi
1740 4039 1915 4113 Igna-

262 4127 419 4183 tium
452 4126 832 4199 epistolarum
867 4127 1237 4197 Pauli,sicuti
1267 4130 1573 4185 Aruntium
1600 4128 1914 4186 Sallustia-

263 4233 483 4274 norum
528 4232 769 4289 operum
814 4234 929 4273 non
978 4217 1159 4275 fuisse
1204 4223 1515 4276 auctorem.
1567 4218 1712 4275 Nam
1761 4219 1917 4275 sicut

263 4304 530 4362 imitatio
578 4304 815 4363 Salustii
863 4320 1038 4379 opera
1103 4306 1330 4363 Aruntii
1374 4308 1447 4363 ab
1495 4307 1623 4381 ipso
1670 4308 1915 4364 Aruntio

263 4396 496 4467 scripta
544 4411 658 4451 non
717 4395 900 4452 fuisse
957 4412 1328 4469 nequaquam
1401 4398 1781 4468 demonstrat,
1833 4396 1915 4455 sic

263 4486 524 4540 imitatio
552 4484 709 4541 Pauli
737 4484 1005 4556 epistolas
1039 4486 1355 4558 lgnatii,ab
1387 4487 1515 4559 ipso
1545 4487 1771 4561 Ignatio
1805 4487 1914 4543 mi-

263 4577 428 4632 nime
460 4574 713 4646 scriptas
746 4574 924 4632 fuisse
957 4592 1071 4632 non
1106 4575 1315 4647 arguit.

2002 2045 2132 2085 raro
2167 2046 2307 2087 usus
2338 2036 2447 2097 est,
2479 2032 2586 2087 etsi
2626 2031 2868 2088 Paulum
2901 2030 3157 2087 aemulari
3191 2029 3469 2100 gestierit,
3503 2026 3649 2083 illud

2002 2135 2298 2176 summam
2342 2121 2574 2193 Ignatii,
2626 2122 2726 2193 qui
2779 2137 2985 2177 omnes
3032 2120 3197 2175 Pauli
3261 2118 3529 2186 virtutes,
3591 2133 3656 2173 ac

2003 2212 2349 2284 martyrium
2380 2211 2653 2268 imitandi
2684 2210 3311 2285 incredibiliﬂagrabat
3340 2208 3653 2279 desiderio,

2005 2302 2392 2361 humilitatem
2428 2303 2670 2377 pulchre
2696 2303 2956 2361 decebat.

2616 2447 2853 2504 CAPUT
2892 2448 3039 2504 XXI.

2007 2590 2193 2637 NEQUE
2232 2590 2290 2628 IN
2346 2589 2734 2629 EPIBTOLARUM
2794 2586 3309 2637 INSCRIP’I‘IONIBUS,
3369 2585 3554 2632 NEQUE
3593 2584 3652 2639 IN

2078 2661 2539 2701 REPETITIONIBUB
2568 2661 2700 2701 ESSE
2729 2662 2959 2701 PRAVAM
2999 2661 3159 2701 PAULI
3195 2656 3582 2699 ΙΜΙΤΑΤῘΟΝΕΙ.

2006 2768 2037 2841 §
2067 2770 2108 2824 Ι.
2142 2769 2350 2823 Errare
2382 2768 2661 2823 Dallzum
2688 2769 2749 2823 in
2778 2766 3209 2841 inscriptionum,
3229 2770 3662 2841 nurneromlque

2169 2842 2230 2896 in
2259 2841 2329 2896 iis
2360 2856 2471 2896 non
2498 2855 2610 2897 esse
2646 2856 2875 2912 pravam
2908 2836 3078 2895 Pauli
3108 2836 3496 2894 imitationem.

2081 2963 2335 3021 Dallmus
2367 2964 2426 3020 id
2457 2966 2638 3021 multo
2685 2964 3105 3035 vehementius,
3154 2964 3254 3019 sed
3288 2979 3403 3018 non
3437 2959 3663 3016 felicius

2011 3054 2293 3125 exagitat,
2327 3056 2483 3125 quod
2517 3057 2714 3110 noster
2731 3053 2995 3125 Ignatius
3024 3051 3290 3125 epistolis
3318 3052 3442 3108 suis
3476 3050 3665 3122 praeti-

2010 3144 2158 3199 xerit
2181 3144 2591 3214 inscriptiones
2624 3166 2651 3193 ‹‹
2690 3142 2992 3209 miriﬁcas,
3028 3142 3363 3208 laciniosas,
3394 3137 3667 3195 incondi-

2011 3237 2191 3299 tas,et
2215 3232 2561 3303 prodigiosae
2591 3231 3194 3304 longitudinis,»quas
3223 3245 3428 3287 omnes
3458 3243 3666 3301 pravas

1939 3324 1982 3390 C
2018 3322 2179 3377 Pauli
2201 3321 2564 3377 imitationee
2594 3337 2721 3377 esse
2750 3330 3027 3377 causatur
3054 3321 3118 3376 ³⁸.
3150 3323 3385 3377 Fatetur
3427 3317 3664 3391 quidem

2014 3409 2113 3467 ille
2141 3410 2500 3483 epigraphen
2552 3409 2824 3481 Epistolis
2866 3410 3126 3480 ejusdem
3178 3407 3424 3480 apostoli
3457 3407 3529 3462 ad
3561 3407 3669 3462 Ro-

2019 3516 2249 3568 manos,
2281 3516 2412 3572 qua:
2444 3502 2666 3571 septem
2704 3500 3027 3555 versiculos
3058 3502 3207 3554 totos
3239 3502 3505 3568 occupat,
3538 3512 3669 3552 esse

2018 3590 2422 3663 longissimam
2456 3606 2470 3658 ;
2504 3605 2570 3645 ac
2609 3589 2670 3644 in
2719 3605 2787 3645 ea
2834 3606 2963 3661 quas
3012 3588 3083 3645 ad
3132 3588 3328 3643 Titum
3376 3587 3511 3642 data
3561 3589 3672 3655 est,

2020 3678 2212 3735 simile
2252 3678 2556 3751 quidpiam
2589 3678 2909 3735 observari.
2944 3676 3162 3733 Verum
3188 3675 3345 3747 apud
3379 3674 3672 3745 Ignatium

2019 3768 2525 3839 omnium,inquit,
2553 3767 2965 3839 inscriptiones
2994 3764 3400 3837 epistolarum,
3426 3763 3474 3818 si
3506 3761 3667 3817 illam

2020 3874 2194 3932 quam
2248 3857 2488 3928 scripsit
2535 3858 2605 3913 ad
2662 3856 3041 3929 Polycarpum
3092 3854 3403 3925 exceperis,
3454 3850 3668 3921 longis-

2019 3950 2181 4005 simas
2213 3950 2370 4016 sunt,
2405 3945 2698 4002 laciniosa
2728 3950 2786 4001 et
2813 3944 3295 4017 impeditissima.
3327 3941 3437 3997 Sed
3473 3940 3666 4012 primo

2020 4040 2119 4096 ille
2148 4040 2207 4095 in
2258 4037 2675 4095 enumerandis
2719 4036 3103 4109 epistolarum
3154 4050 3285 4091 cum
3320 4031 3503 4101 Pauli,
3535 4036 3664 4087 tum

2022 4131 2231 4204 Ignatii
2280 4129 2764 4202 inscriptionibus
2806 4127 3061 4184 multum
3114 4126 3363 4183 aberrat.
3409 4124 3554 4180 Nam
3584 4123 3672 4178 in-

2021 4221 2259 4293 scriptio
2290 4220 2493 4293 primis
2525 4218 2687 4275 Pauli
2731 4219 2803 4274 ad
2851 4217 3180 4274 Corinthios
3232 4213 3498 4287 Epistole
3529 4212 3673 4269 satis

2021 4316 2110 4369 est
2142 4309 2387 4384 prolixa,
2446 4307 2724 4381 prolixior
2767 4323 2899 4364 vero
2947 4306 3108 4363 illius
3155 4322 3286 4377 qua;
3333 4304 3402 4361 ad
3436 4302 3673 4361 Galatas

2022 4401 2237 4473 scripta
2268 4404 2397 4467 est;
2430 4397 2551 4454 hac
2582 4399 2739 4456 enim
2759 4398 3017 4471 quinque
3036 4398 3357 4453 versiculos
3376 4396 3673 4465 continet;

2023 4506 2157 4548 cum
2189 4506 2257 4547 ea
2287 4506 2415 4562 quas
2446 4490 2517 4545 ad
2550 4489 2751 4544 Titum
2794 4492 3031 4544 exarata
3078 4486 3207 4555 fuit,
3258 4492 3510 4557 quatuor
3538 4493 3666 4539 tan-

2022 4586 2150 4637 tum
2184 4580 2622 4653 complectatur.
2674 4578 2789 4635 Nec
2821 4580 3017 4634 minus
3064 4580 3217 4633 errat
3246 4577 3304 4631 in
3341 4575 3671 4644 Ignatiana-

339 4664 569 4756 Deinde
598 4662 811 4720 falsum
835 4670 925 4721 est
940 4666 1376 4735 antecedens,in
1401 4666 1609 4739 Ignatti
1632 4667 1915 4724 nimirum
1948 4690 1995 4756 ι)
2026 4687 2156 4728 rum
2180 4670 2685 4742 inscriptionibus.
2715 4667 3103 4740 Epistolarum
3135 4666 3429 4756 siquidem
3459 4663 3674 4756 Ignatii

268 4754 544 4828 epistolis
566 4771 695 4811 esse
721 4760 842 4811 tam
892 4776 923 4807 α
946 4756 1181 4812 crebras
1206 4772 1272 4812 ac
1304 4772 1449 4829 pene
1474 4758 1745 4815 assiduas
1776 4760 1925 4830 Apo-

271 4845 414 4902 stoli
436 4861 671 4910 voces,»
687 4849 752 4900 ut
764 4862 855 4901 om
867 4844 1039 4901 nibus
1052 4845 1615 4918 fiantputidaaExiis
1627 4848 1923 4919 siquidem

269 4951 424 5007 quas
454 4932 711 4989 Dallmus
758 4934 981 5002 objicit,
1032 4934 1225 5005 primo
1271 4934 1505 4991 verbum
1541 4933 1774 5007 ὀναίμην
1807 4952 1922 4993 non

270 5023 621 5089 sexcenties,
657 5026 721 5077 ut
746 5022 843 5077 ille
896 5022 1126 5089 asserit,
1176 5024 1276 5079 sed
1328 5024 1545 5081 sexties
1592 5029 1824 5082 tantum
1860 5026 1922 5083 in

268 5112 543 5186 genuinis
575 5111 786 5184 lguatii
836 5110 1100 5184 epistolis
1146 5113 1397 5181 reperire
1442 5120 1549 5170 est.
1594 5113 1744 5169 Illud
1778 5131 1922 5186 prte-

270 5209 434 5258 terea
465 5202 710 5257 verbum
744 5218 857 5257 non
910 5202 1086 5259 Paulo
1139 5202 1431 5275 peculiare
1476 5208 1586 5271 est,
1635 5205 1735 5261 sed
1769 5204 1924 5274 apud

280 5295 430 5349 alios
453 5292 684 5348 Graecos
696 5296 965 5348 auctores
987 5308 1220 5363 semper
1238 5294 1440 5349 tritum
1463 5298 1519 5349 et
1538 5295 1779 5367 vulgare
1790 5294 1921 5350 fuit.

279 5384 379 5438 His
409 5381 685 5438 addimus
722 5396 922 5437 vocem
964 5379 1307 5455 ἀγαθοποιία,
1349 5400 1467 5454 qua
1498 5384 1713 5439 Paulus
1744 5383 1923 5440 semel

274 5472 335 5527 in
370 5472 648 5527 omnibus
678 5470 956 5543 Epistolis
1004 5471 1128 5528 suis
1159 5486 1302 5528 usus
1331 5476 1440 5539 est,
1485 5478 1688 5545 quater
1734 5490 1767 5530 a
1794 5474 1923 5531 Cle-

278 5566 474 5617 mente
504 5561 568 5617 in
600 5560 767 5617 unica
794 5561 1043 5633 epistola
1088 5563 1381 5634 usurpari,
1409 5578 1515 5618 nec
1543 5563 1603 5618 in
1631 5562 1741 5619 hac
1771 5567 1925 5622 Pau-

346 5772 393 5809 n
424 5789 554 5845 cap.
583 5768 674 5845 29,
707 5788 763 5844 p.
792 5770 915 5831 413.
939 5768 984 5807 ιε
1006 5787 1134 5844 cap.
1174 5770 1263 5843 30,
1295 5787 1354 5845 p.
1377 5770 1502 5828 £53.

2034 4763 2104 4819 ad
2130 4760 2516 4833 'Smyrnatos,
2575 4756 2931 4831 Magnesios,
2980 4763 3035 4811 et
3092 4755 3420 4811 Trallenses
3476 4752 3679 4809 inscri-

2034 4854 2262 4926 ptiones
2294 4851 2490 4923 primas
2540 4848 2704 4906 Pauli
2734 4848 2805 4904 ad
2856 4845 3188 4904 Corinthios
3246 4845 3675 4917 longitudinem

2034 4958 2150 4999 non
2190 4943 2492 5011 superant.
2540 4939 2822 4994 Preterea
2867 4951 3003 4994 vero
3052 4935 3311 5008 epistolas
3362 4934 3575 5007 Ignatii
3607 4934 3679 4990 ad

2034 5030 2313 5103 Ephesios
2334 5027 2545 5084 titulus
2575 5035 2630 5083 et
2649 5026 2955 5098 inscriptio
2986 5040 3103 5083 non
3125 5025 3353 5097 longior
3381 5029 3677 5095 est,quam

2033 5117 2289 5175 Pauline
2312 5118 2383 5173 ad
2413 5115 2939 5188 Galatas.Denique
2970 5120 3215 5185 utraque
3242 5113 3679 5185 Ignatianarum

2035 5209 2104 5265 ad
2156 5205 2697 5279 Philadelphienses
2756 5214 2812 5261 et
2866 5210 3157 5261 Romanos
3208 5200 3511 5273 inscriptio
3564 5216 3680 5256 non

2034 5297 2297 5369 majoris,
2333 5312 2508 5370 quam
2541 5295 2801 5352 Paulinae
2828 5295 2901 5351 ad
2928 5296 3161 5351 eosdem
3192 5294 3482 5349 Romanos
3503 5290 3683 5361 longi-

2032 5387 2264 5443 tudinis
2293 5391 2402 5443 est.

2102 5474 2367 5531 Secundo
2393 5473 2605 5530 falsum
2639 5477 2728 5529 est
2751 5473 2811 5528 in
2842 5472 2937 5528 his
2965 5470 3575 5546 eplatolarumlgnatii
3594 5470 3683 5527 in-

2033 5564 2451 5638 scriptionibus
2481 5579 2719 5638 pravam
2739 5578 2868 5620 esse
2899 5562 3061 5621 Pauli
3080 5562 3491 5621 imitationem.
3520 5562 3683 5631 Quod
