4026 6206
324 370 444 433 543

1392 370 1456 441 S.
1498 370 1901 445 IGNATIUS.
1948 400 2027 427 -η-
2067 371 2669 445 ΡῐῐΟΙδΕβΟΜΕΝΔ.

3618 375 3741 433 544

326 508 567 581 quidem
603 522 673 564 ex
714 507 809 575 iis,
860 520 987 576 qua:
1020 502 1264 560 Dailaeus
1317 502 1441 577 ipse
1474 506 1544 561 de
1598 503 1979 567 Paulinarum
2010 506 2063 579 Α
2093 508 2232 574 tres,
2266 504 2399 578 plus
2457 505 2678 573 minus,
2709 503 2897 562 lineas
2938 502 3206 578 epistolis
3235 503 3381 573 suis,
3414 504 3503 562 vel
3534 521 3741 562 earum

324 597 653 655 litterarum
699 594 1186 667 inscriptionibus
1225 594 1567 667 pronuntiat
1599 593 1669 660 ²¹,
1704 595 1974 653 facillime

323 687 625 744 evincitur.
660 708 690 735 «
730 684 975 750 Paulus,
1013 683 1201 754 inquit
1253 682 1370 752 ille,
1419 683 1711 740 interdum
1764 684 1971 740 inscri-

324 777 551 847 ptiones
574 772 964 846 Epistolarum
985 772 1162 837 habet
1187 789 1301 829 non
1333 773 1536 830 breves
1567 778 1623 831 et
1652 775 1972 847 expeditas,

318 867 383 917 ut
408 861 577 933 vulgo
635 878 759 917 mos
810 866 954 930 erat,
1000 861 1103 918 sed
1151 860 1552 932 longiusculas
1596 866 1655 917 et
1707 860 1973 918 nonnihil

324 950 651 1019 obvolutae,
684 952 756 1007 ob
789 969 881 1008 res
916 949 1293 1021 gravissimas
1343 951 1559 1024 quibus
1600 949 1782 1023 plenae
1811 956 1972 1020 sunt,

319 1046 385 1099 ut
410 1059 480 1098 ex
507 1059 575 1099 ea
606 1060 734 1115 quas
764 1043 835 1098 ad
890 1042 1184 1099 Romanos
1234 1048 1348 1109 est,
1392 1042 1587 1113 quivis
1617 1042 1839 1098 discere
1869 1058 1975 1115 po-

318 1136 452 1189 test.
486 1154 515 1183 »
542 1132 717 1203 Atqui
756 1135 814 1187 et
860 1131 1013 1187 idem
1066 1147 1189 1188 mos
1234 1131 1444 1204 lgnatii
1494 1141 1751 1203 tempore
1782 1131 1973 1187 adhuc

320 1222 649 1295 vigebat,et
679 1237 771 1277 res
803 1221 1165 1294 gravissimae
1197 1220 1253 1276 in
1286 1223 1416 1292 ejus
1456 1220 1727 1293 epistolis
1760 1229 1975 1293 pertra-

319 1315 585 1381 ctantur;
615 1315 680 1367 ut
710 1328 779 1366 ex
811 1309 955 1379 sola,
983 1327 1159 1382 quam
1188 1310 1475 1379 dedimus,
1511 1327 1712 1365 earum
1746 1308 1974 1383 analysi

320 1401 594 1456 omnibus
618 1400 857 1471 planum
880 1399 978 1454 fiet
1010 1406 1068 1455 et
1088 1399 1974 1472 perspicuum.lgnatiusitaque

323 1489 383 1545 in
415 1489 796 1563 epistolarum
830 1505 1073 1545 suarum
1121 1488 1607 1560 inscriptionibus
1655 1507 1767 1546 non
1804 1505 1975 1561 prave

323 1581 587 1638 imitatus
617 1587 706 1638 est
738 1581 1007 1650 Paulum,
1041 1580 1145 1636 sed
1173 1596 1271 1636 eas
1300 1580 1448 1636 tales
1478 1580 1972 1652 exbibuit,quales

322 1688 465 1728 sane
495 1671 1003 1745 gravissima,qua3
1034 1669 1094 1726 in
1126 1669 1211 1726 eis
1243 1674 1574 1725 tractantur
1605 1675 1971 1741 argumenta,

323 1762 394 1816 ab
426 1776 493 1817 eo
525 1760 918 1833 postulabant.

406 1876 409 1877 ⁷
484 1887 512 1954 θ
543 1885 616 1942 II.
649 1886 723 1943 De
756 1885 1117 1957 inscriptione
1144 1883 1389 1957 epistolae
1420 1885 1494 1941 ad
1523 1886 1810 1941 Romanos.

394 2012 519 2069 Jam
551 2029 685 2068 vero
712 2012 782 2067 ad
816 2011 1004 2083 ipsam
1036 2010 1298 2083 epistolae
1340 2011 1549 2083 lgnatii
1574 2013 1643 2068 ad
1677 2012 1972 2066 Romanos

328 2102 891 2176 epigraphen,quam
928 2101 1201 2158 Dailaeani
1232 2102 1635 2159 vehementius
1655 2101 1971 2174 exagitant,

327 2192 569 2264 propius
603 2192 971 2248 accedamus.
1005 2192 1086 2247 De
1137 2191 1297 2248 illius
1338 2192 1718 2263 longitudine,
1755 2196 1855 2247 aut
1903 2191 1974 2247 de

330 2298 504 2353 prava
532 2280 693 2336 Pauli
737 2281 1062 2337 imitatione
1107 2280 1251 2337 nihil
1301 2281 1577 2353 amplius,
1611 2283 1691 2337 uti
1723 2281 1977 2337 ostendi-

330 2387 485 2442 mus,
519 2374 767 2443 possunt
796 2388 929 2427 cum
962 2372 1189 2444 ignatio
1218 2372 1640 2445 exspostulare.
1671 2372 1816 2438 Quid
1840 2386 1976 2444 ergo

328 2460 484 2517 inea
515 2460 816 2533 arguunt?
867 2460 1056 2532 illum,
1110 2462 1403 2533 inquiunt,
1452 2465 1539 2518 tot
1585 2460 1976 2534 spitbetorum

331 2548 615 2616 laudis,in
651 2567 833 2607 unum
884 2553 1076 2607 locum
1126 2552 1276 2607 male
1324 2558 1737 2624 congestorum
1789 2550 1976 2607 farra-

333 2640 549 2711 ginem.
571 2640 681 2697 Sed
706 2642 923 2698 similia
954 2641 1173 2697 Paulus
1195 2642 1460 2698 adhibuit
1478 2641 1734 2714 epitheta
1765 2640 1977 2711 laudis,

332 2746 470 2785 cum
511 2730 571 2785 in
617 2730 873 2804 Epistula
932 2731 1002 2787 ad
1056 2731 1350 2787 Romanos
1396 2730 1600 2787 scribit
1627 2730 1716 2785 ’πε
1754 2728 1979 2786 Ditectis

334 2820 454 2887 Dei,
484 2820 689 2875 vocatis
717 2822 941 2888 sanctis,
974 2823 1030 2875 et
1058 2818 1115 2874 in
1151 2819 1340 2892 prima
1368 2820 1437 2874 ad
1474 2818 1827 2884 Corinthios,
1850 2834 1978 2872 san-

329 2908 589 2977 ctiﬁcatis
620 2911 681 2965 in
724 2908 940 2964 Christo
985 2910 1134 2975 Jesu,
1182 2910 1392 2965 vocatis
1436 2909 1663 2964 sanctis.
1699 2912 1823 2964 Non
1856 2907 1983 2963 infi-

334 2996 555 3052 ciamur
575 2998 809 3068 quidem
828 2998 884 3051 in
911 2996 1003 3053 bis
1023 2995 1297 3068 Epistolis
1323 2996 1515 3053 multo
1538 2996 1812 3067 pauciora
1830 3012 1982 3065 esse,

334 3102 508 3156 quam
541 3085 599 3139 in
632 3085 950 3157 Ignatianis
1000 3085 1242 3141 laudum
1274 3086 1554 3158 epitheta.
1591 3087 1803 3142 Verum
1836 3101 1981 3156 prai-

2080 594 2564 668 iuscriptionibus
2607 595 2866 653 adderet.
2917 595 3037 652 Imo
3070 595 3204 652 inde
3232 600 3393 653 certo
3427 594 3741 668 colligitur

2082 686 2246 743 illum
2281 687 2446 747 nulla
2462 692 2583 745 arte
2597 686 2655 743 in
2673 685 2934 760 epistolis
2949 687 3154 745 suisea
3172 688 3374 744 omnia
3396 686 3737 759 scripsisse,

2083 795 2209 852 quae
2233 779 2601 837 incredibilis
2630 779 3029 837 Christiamor
3059 785 3117 838 et
3137 780 3401 853 martyrii
3435 779 3738 837 subeundi

2086 871 2258 931 ardor
2289 870 2618 929 immensus
2649 869 2763 943 ipsi
2793 868 3085 944 extemplo
3118 870 3507 942 inspirabant.

2081 975 2113 1050 §
2146 978 2245 1033 Ill.
2276 978 2355 1033 De
2382 977 2806 1050 repetitiombus
2862 994 2981 1050 qua:
3016 978 3077 1033 in
3106 975 3359 1050 epistolis
3409 984 3733 1034 occurrunt.

2156 1082 2436 1140 Ultimum
2497 1084 2694 1143 Dallei
2725 1088 2928 1142 contra
2973 1084 3190 1157 lgnatii
3247 1083 3525 1157 epistolas
3562 1100 3738 1157 argu-

2084 1178 2351 1229 mentum
2374 1180 2463 1231 est
2484 1175 2529 1213 ³³
2552 1191 2567 1230 :
2592 1197 2622 1227 ί(
2644 1174 2841 1246 Neque
2868 1174 3008 1231 illud
3034 1173 3326 1247 ignatium
3361 1175 3735 1247 episcopum,

2082 1262 2272 1319 etatis
2305 1269 2605 1335 provectis,
2629 1271 2685 1321 at
2702 1264 2857 1337 apud
2870 1264 3170 1336 apostolos
3186 1265 3500 1321 educatum
3526 1265 3738 1321 decere

2082 1352 2332 1423 videtur,
2365 1357 2521 1427 quod
2580 1355 2677 1412 ille
2708 1356 2880 1412 toties
2912 1354 3114 1412 eadem
3145 1362 3355 1429 praeter
3383 1355 3489 1410 viri
3536 1354 3735 1428 gravis

2084 1458 2306 1499 morem
2339 1446 2552 1517 repetit
2598 1450 2773 1516 atque
2810 1445 3082 1502 inculcat.
3118 1469 3139 1499 ι
3192 1446 3441 1517 Dignam
3474 1461 3618 1501 sane
3646 1449 3737 1501 tot

2082 1532 2248 1589 vanis
2281 1533 3069 1608 tutilibusqueargumentis,
3093 1536 3152 1592 in
3182 1540 3301 1590 tam
3327 1535 3502 1607 longa
3522 1535 3735 1605 dispu-

2082 1622 2302 1679 tatione
2326 1639 2631 1695 perperam
2660 1624 3070 1692 accumulatis,
3110 1623 3357 1681 Dal‘laeus
3388 1624 3727 1681 coronidem

2085 1711 2349 1783 imponit.
2382 1711 2660 1785 Nunquid
2710 1712 2869 1769 enim
2910 1714 3169 1786 episcopi
3203 1719 3480 1786 provecta:
3512 1715 3730 1785 aetatis,

2084 1804 2141 1855 et
2169 1799 2325 1871 apud
2358 1798 2652 1871 apostolos
2680 1801 2941 1863 educati.
2973 1816 3062 1857 res
3096 1801 3351 1870 easdem,
3384 1801 3615 1874 quoties
3638 1818 3735 1858 ex-

2004 1861 2051 1929 B
2084 1861 2264 1960 pedit,
2304 1861 2503 1945 minus
2533 1906 2711 1962 quam
2753 1888 2852 1945 alii
2884 1861 3198 1962 scriptores
3247 1861 3518 1962 repetunt
3548 1894 3604 1946 et
3636 1890 3735 1947 in—

2081 1977 2305 2033 culcant
2326 1980 2353 2033 ‘t
2382 1979 2547 2034 Certe
2605 1979 2820 2035 Paulus
2850 1979 3000 2052 ipse,
3032 1990 3093 2035 ut
3135 1986 3372 2036 caeteros
3401 1986 3730 2051 taceamus,

2082 2067 2140 2122 in
2169 2067 2427 2139 Epistola
2458 2070 2528 2123 ad
2588 2068 2866 2139 Ephesios
2898 2086 3030 2125 eum
3076 2070 3353 2126 dixisset:
3389 2069 3607 2126 Induit:
3635 2086 3730 2126 vos

2085 2161 2428 2213 armaturam
2486 2159 2587 2215 Dei
2614 2158 2683 2227 ³⁸,
2732 2159 2965 2215 duobus
3007 2164 3141 2230 post
3181 2160 3447 2216 versibus
3486 2178 3733 2217 rursum

2086 2247 2325 2306 scribit:
2383 2248 2638 2322 Accipite
2670 2256 3029 2311 armaturam
3064 2249 3162 2306 Dei
3190 2249 3258 2306 ³⁸.
3290 2249 3455 2316 Quod
3486 2250 3732 2321 quidem

2088 2337 2137 2394 si
2168 2337 2513 2410 interpretes
2543 2339 2877 2405 audiamus,
2903 2339 3050 2395 nihil
3070 2339 3226 2395 aliud
3244 2351 3329 2396 est
3353 2356 3531 2411 quam
3552 2356 3735 2411 supe-

2089 2428 2259 2485 rioris
2309 2428 2727 2485 exhortationis
2786 2430 3073 2502 repetitio.
3137 2430 3259 2486 Etsi
3312 2445 3452 2504 ergo
3500 2428 3731 2487 similes

2086 2519 2243 2589 apud
2268 2518 2557 2589 Iguatium
2580 2527 2953 2575 occurrerent
2972 2519 3365 2591 repetitiones,
3391 2519 3453 2574 in
3472 2518 3564 2575 his
3593 2535 3735 2590 pro-

2087 2607 2182 2664 cul
2212 2607 2393 2664 dubio
2424 2607 2589 2664 Pauli
2612 2608 2873 2680 vestigiis
2902 2608 3004 2665 ille
3032 2609 3225 2665 adhuc
3256 2608 3588 2665 institisset.
3623 2612 3741 2666 Ve-

2088 2702 2442 2767 rumtamen,
2478 2704 2541 2755 ut
2567 2714 2769 2754 verum
2794 2700 3102 2765 fateamur,
3128 2699 3495 2771 repetitiones
3526 2699 3741 2755 verbo-

2089 2806 2221 2846 rum
2247 2789 2308 2844 in
2351 2806 2471 2845 una
2519 2790 2831 2862 eademque
2856 2791 3065 2863 lgnatii
3097 2791 3345 2864 epistola
3388 2808 3527 2846 raras
3561 2796 3739 2863 sunt,

2088 2895 2197 2936 nec
2222 2878 2301 2934 ibi
2334 2896 2367 2935 a
2396 2878 2655 2935 Paulinis
2684 2882 2964 2951 exemplis
2995 2880 3091 2936 ille
3124 2881 3388 2937 recessit.
3415 2880 3750 2952 Repetitio-

2091 2988 2196 3028 nes
2214 2988 2347 3029 vero
2364 2970 2788 3029 sententiarum
2816 2970 2949 3026 aliis
2975 2982 3115 3027 sunt
3138 2970 3656 3044 infrequentiores;
3678 2974 3748 3027 et

2093 3064 2141 3119 si
2175 3081 2324 3137 quas
2353 3062 2511 3135 apud
2543 3077 2675 3118 eum
2728 3077 2844 3117 non
2877 3077 3047 3117 secus
3078 3077 3144 3118 ac
3173 3061 3420 3118 Paulum
3454 3060 3747 3132 reperias,

332 3152 794 3245 terquem,quod
828 3174 1147 3247 scriptores
1168 3191 1275 3231 suo
1301 3152 1514 3246 quique
1534 3174 1764 3245 ingenio
1788 3152 1894 3233 hac
1924 3174 1981 3230 in

2093 3172 2173 3211 eis
2205 3154 2448 3211 maximi
2502 3158 2644 3209 sunt
2683 3152 2988 3220 momenti,
3049 3167 3264 3224 easque
3308 3152 3571 3225 Ignatius
3608 3153 3748 3208 ideo

336 3279 395 3320 re
426 3235 754 3335 indulgent,
781 3235 966 3335 justis
1009 3264 1272 3337 lgnatius
1317 3235 1392 3321 de
1421 3235 1623 3321 causis,
1671 3264 1841 3337 plura
1867 3281 1986 3321 suae
2027 3235 2069 3311 C
2100 3242 2456 3337 adhibete”
2485 3242 2586 3337 mf"
2611 3257 2735 3337 quae
2775 3242 3086 3309 scribebat,
3118 3242 3581 3337 Christianorum
3615 3257 3747 3297 me"

336 3356 407 3411 ad
442 3354 735 3413 Romanos
764 3355 1024 3427 epistola
1057 3354 1431 3428 inscriptioni
1478 3355 1785 3413 inserenda
1818 3360 1986 3429 puta-

337 3443 713 3500 vit.Primum
743 3444 980 3516 quidem
1004 3443 1124 3502 huic
1140 3444 1213 3500 ab
1242 3461 1310 3501 eo
1339 3446 1582 3502 extorsit
1602 3462 1839 3501 summa
1865 3445 1987 3503 Ro-

336 3549 524 3591 manis
545 3534 836 3605 Ecclesia,
862 3540 947 3591 tot
978 3539 1401 3609 martyrum,ac
1431 3535 1490 3592 in
1511 3535 1721 3609 primis
1738 3536 1892 3593 Petri
1933 3539 1989 3593 et

338 3622 503 3681 Pauli
553 3625 835 3697 sanguine
884 3641 1231 3697 conspersae,
1286 3643 1467 3698 quam
1522 3628 1742 3683 nudum
1792 3624 1990 3685 animo

351 3715 919 3788 conceperat,0pinio
941 3722 1000 3773 et
1020 3717 1394 3775 existimatio.
1420 3716 1635 3773 Deinde
1666 3717 1767 3775 illa
1794 3716 1994 3774 omnia

346 3803 593 3861 laudum
625 3806 887 3878 epitheta
917 3806 1044 3863 ideo
1070 3808 1551 3881 congessit,quod
1586 3806 1820 3880 singula
1847 3824 1995 3878 qusi-

346 3911 463 3967 que
492 3896 865 3968 totidemipsi
886 3896 1220 3953 viderentur
1247 3913 1378 3955 esse
1407 3901 1703 3954 momenta
1736 3905 1793 3953 et
1823 3897 1988 3954 ratio-

2094 3334 2288 3391 moriae
2336 3333 2515 3393 altius
2545 3332 2746 3402 infixa,
2805 3348 2874 3391 ex
2910 3349 3110 3393 eorum
3156 3333 3373 3391 animis
3428 3348 3749 3403 nunquam

2092 3425 2442 3484 exciderent.

2696 3515 2925 3575 CAPUT
2958 3515 3134 3573 XXII.

2094 3637 2364 3681 ιακΑτιυι
2393 3637 2602 3688 ιιιιυε,
2634 3637 2794 3687 QUAM
2823 3638 2972 3678 NUNC
3020 3638 3317 3688 Ηηεκυῠ,
3349 3635 3635 3678 εριετοιλε
3662 3638 3753 3679 ΑΙ)

2414 3710 2783 3751 ΡοιῖαΑιιΡυι
2804 3710 2945 3755 VERE
2964 3710 3098 3751 ESSE
3124 3709 3447 3752 AUCTOBEM.

2317 3795 2345 3862 δ
2373 3793 2417 3849 1.
2448 3791 2518 3849 Id
2540 3793 2807 3864 probatur
2836 3794 3170 3849 auctoritate
3193 3792 3510 3864 Potycarpi.

2165 3907 2248 3960 De
2279 3901 2469 3973 prima
2498 3900 2876 3972 epistularum
2911 3898 3117 3972 lgnatii
3167 3898 3352 3983 classe
3393 3899 3560 3956 nobis
3588 3898 3753 3957 nihil

346 4000 477 4053 nes,
506 3984 721 4054 quibus
750 3985 1046 4045 Romanos
1077 3986 1150 4043 ad
1177 3994 1424 4045 mortem
1456 4003 1627 4045 suam
1657 4002 1771 4045 non
1804 3986 1992 4059 impe-
2098 3990 2351 4065 amplius
2400 3995 2735 4063 superesset
2792 3989 3132 4058 dicendum,
3185 3988 3298 4046 nisi
3355 3988 3752 4046 doctissimus

343 4073 610 4131 diendam
644 4074 981 4131 adduceret.

416 4165 603 4219 Instat
636 4162 881 4220 Dallaeus
941 4164 1095 4221 viros
1127 4166 1502 4237 apostolicos,
1555 4172 1696 4239 puta
1726 4166 1990 4243 Poiyear-

2097 4083 2391 4152 Usserius,
2423 4082 2527 4156 qui
2549 4082 2658 4138 has
2686 4081 2945 4153 ejusdem
2973 4080 3175 4137 classis
3206 4080 3484 4154 epistalas
3515 4080 3756 4151 Ignatio

2098 4170 2437 4223 constanter
2487 4164 2807 4235 adjudicat,
2852 4161 3012 4219 illam
3072 4178 3200 4234 qua:
3233 4163 3302 4218 ad
3352 4162 3756 4234 Potyearpum

342 4267 509 4322 pum,
540 4251 984 4321 Clementem,et
1011 4253 1176 4317 alios,
1201 4259 1320 4311 tam
1344 4254 1552 4327 longas
1582 4257 1993 4329 epistolissuis
2095 4254 2319 4325 scripta
2348 4257 2460 4322 est,
2509 4254 2730 4311 eisdem
2762 4252 2989 4324 Ignatio
3034 4250 3205 4324 plane
3244 4251 3596 4323 penitusque
3628 4250 3749 4305 ab-

342 4356 457 4396 non
492 4340 808 4413 preﬁxisse
830 4340 1264 4415 inscriptiones.
1289 4343 1452 4400 Unde
1479 4345 1655 4402 infert
1674 4347 1989 4418 lgnatium,

346 4429 449 4502 qui
480 4432 632 4487 inter
650 4430 905 4490 militum
934 4433 1233 4493 custodias
1256 4433 1509 4506 positus,
1539 4435 1612 4491 ad
1638 4436 1989 4507 martyrium

348 4525 514 4579 tanta
547 4522 836 4580 celeritate
853 4524 1200 4595 ducebatur,
1222 4524 1675 4596 inscriptionum
1697 4526 1841 4583 adeo
1860 4543 1992 4599 pro-

2088 4344 2435 4415 judicasset.
2468 4346 2749 4411 Quamvis
2796 4351 2987 4401 autem
3020 4359 3090 4398 ea
3118 4359 3247 4413 qua
3281 4342 3352 4398 de
3380 4340 3590 4414 lgnatii
3620 4341 3757 4411 epi-

2096 4432 2263 4491 stolis
2293 4434 2576 4493 hactsnus
2630 4432 3078 4508 disputavimus,
3128 4431 3292 4489 illam
3332 4448 3445 4487 non
3473 4447 3645 4488 secus
3675 4447 3762 4489 ac

2097 4519 2263 4591 alias,
2294 4520 2408 4593 ipsi
2465 4522 2840 4580 tribuendam
2900 4536 3028 4579 esse
3074 4522 3521 4588 demonstrent;
3570 4520 3643 4575 de
3674 4535 3762 4577 ea

344 4608 598 4670 lixarum
629 4629 748 4671 non
778 4628 908 4670 esse
939 4618 1359 4671 auctorem.At
1380 4631 1552 4687 porro
1565 4630 1694 4672 cum
1724 4614 1990 4689 plurimae
2023 4619 2069 4695 ι)
2100 4611 2524 4670 tamenidcirco
2537 4613 2881 4670 censuimus
2894 4610 3762 4686 privetimessedisserendum,

342 4703 807 4773 apostolicorum
837 4704 1093 4761 virorum
1126 4721 1194 4760 ac
1224 4705 1516 4777 prcoipue
1542 4705 1987 4777 Asiasticot'um,

342 4791 471 4862 qui,
514 4797 661 4850 teste
709 4793 1021 4863 Cicerone,
1066 4799 1235 4855 erant
1292 4796 1711 4867 redundantes,
1764 4798 1838 4857 ad
1882 4812 1989 4853 nos

342 4897 530 4951 usque
561 4882 824 4954 epistolas
853 4900 970 4940 non
1002 4884 1392 4955 pervenerint,
1426 4886 1561 4957 quis
1590 4887 1805 4945 audeat
1831 4902 1990 4949 asse-

343 4986 469 5027 rere
501 4971 634 5028 illas
658 4987 774 5028 non
793 4974 1021 5042 eodem,
1052 4989 1119 5031 ac
1141 4975 1497 5045 lgnatianas,
1530 4975 1685 5045 styio
1704 4977 1794 5032 vel
1819 4975 1987 5033 simi-

343 5058 501 5116 libus
554 5061 1038 5133 inscriptionibus
1091 5062 1275 5135 fuisse
1327 5065 1647 5123 exemtus?
1703 5064 1839 5121 Utut
1888 5064 1985 5136 sit,

344 5155 495 5205 certe
521 5146 781 5220 lgnatius
811 5149 872 5207 in
931 5150 1095 5209 Pauli
1125 5152 1402 5224 Epistolis
1432 5154 1687 5226 egregia,
1732 5154 1817 5211 uti
1839 5152 1988 5210 dixi-

343 5250 500 5302 mus,
534 5237 991 5310 inscriptiunum
1039 5257 1284 5303 suarum
1314 5242 1525 5300 habuit
1563 5242 1852 5315 exempla,
1883 5259 1989 5299 nec

342 5324 416 5380 de
466 5326 583 5384 ullo
634 5329 750 5386 alio
797 5331 1037 5388 meliora
1089 5332 1347 5404 accipere
1405 5338 1651 5404 poterat.
1713 5332 1990 5399 Quamvis

342 5420 539 5483 autem
580 5419 653 5477 ad
712 5422 1060 5495 martyrium
1088 5438 1324 5485 summa
1379 5422 1683 5483 velocitate
1713 5439 1990 5497 prepara-

337 5510 453 5587 ret,
486 5508 543 5568 id
595 5519 789 5579 tamen
828 5530 947 5577 non
993 5513 1286 5583 obstabat,
1336 5514 1659 5587 quominus
1706 5515 1859 5575 duas
1900 5511 1989 5575 val

2097 4703 2251 4774 quod
2279 4701 2496 4760 Usserii
2520 4704 2840 4761 auctoritas
2854 4703 3009 4760 viros
3021 4704 3311 4775 quosdam
3332 4699 3762 4759 celeberrimos

2098 4810 2239 4852 suas
2285 4796 2529 4851 traxerit
2583 4796 2642 4850 in
2674 4800 2891 4867 partes.
2944 4794 3060 4851 Hos
3110 4795 3263 4851 inter
3309 4798 3366 4850 et
3396 4808 3658 4864 purpura
3685 4797 3761 4848 et

2097 4885 2366 4953 doctrina
2420 4885 2643 4959 primas
2670 4890 2832 4942 tenet
2876 4884 3380 4942 eminentissimus
3423 4881 3756 4941 cardinalis

2099 4977 2282 5044 Bona,
2313 4974 2414 5048 qui
2440 4974 2733 5046 judicium
2757 4974 2976 5031 Usserii
3008 4978 3264 5043 secutus,
3289 4975 3360 5029 de
3390 4990 3460 5029 ea
3488 4973 3574 5029 sic
3607 4988 3757 5044 pro-

2098 5065 2332 5123 nuntiat
2361 5064 2406 5102 ”
2435 5081 2451 5122 :
2478 5086 2509 5116 ‹‹
2566 5065 2733 5122 Addo
2764 5064 2921 5137 quod
2966 5063 3116 5120 hanc
3146 5062 3458 5134 epistolam
3484 5079 3602 5118 non
3642 5076 3755 5132 ge-

2099 5155 2351 5211 nuinum
2386 5152 2591 5225 lgnatii
2625 5154 2808 5210 fetum
2838 5168 2989 5223 esse,
3021 5151 3124 5208 sed
3156 5151 3603 5224 supposititium
3637 5148 3757 5205 viri

2099 5244 2313 5300 eruditi
2343 5242 2570 5300 dudum
2622 5242 3043 5299 observarunt:
3075 5246 3133 5297 et
3164 5242 3237 5297 ad
3281 5241 3339 5297 id
3370 5238 3751 5314 probandum

2101 5333 2289 5390 multa
2317 5334 2571 5390 afferunt
2623 5348 2736 5391 non
2769 5330 2933 5404 parvi
2990 5331 3270 5404 ponderis
3319 5335 3691 5402 argumenta.
3715 5351 3752 5379 ››

2099 5423 2210 5480 Sed
2233 5422 2285 5480 si
2306 5423 2429 5480 viro
2477 5428 2600 5479 tam
2625 5421 2854 5479 erudito
2894 5436 3000 5494 per
3053 5421 3242 5478 otium
3287 5419 3554 5477 licuisset
3582 5419 3749 5475 illam

2100 5514 2434 5571 accuratius
2461 5512 2882 5583 examinare,in
2906 5511 3087 5569 aliam
3127 5510 3329 5584 procul
3347 5510 3528 5568 dubio
3547 5510 3758 5567 ivisset

416 5635 464 5673 ³⁸
515 5654 648 5711 pag.
681 5641 831 5714 74,45.
878 5641 927 5680 ³⁷
985 5657 1120 5713 pag.
1163 5640 1284 5697 H7.
1346 5640 1394 5675 ⁸⁸
1445 5656 1573 5714 cap.
1632 5642 1721 5711 3i,
1755 5658 1813 5714 p.
1865 5641 1981 5698 421.

2093 5651 2094 5664 ‘
2147 5640 2364 5714 Bphes.
2413 5657 2492 5711 vi,
2550 5641 2635 5698 11.
2692 5639 2739 5678 ³⁸
2784 5639 2955 5710 Ibid.,
3017 5638 3103 5695 13.
3164 5637 3207 5675 ³⁸
3262 5638 3383 5696 iter.
3445 5638 3751 5709 [λίαν-θέο..

348 5725 475 5785 sap.
497 5727 636 5782 xxii,
670 5713 699 5781 δ
728 5713 753 5769 1
