4062 6206
15 64 439 145 μιν-λ’
510 82 529 89 "

162 353 283 417 515

1132 349 1207 410 u.
1253 345 1586 411 neuneu
1633 343 2172 410 DItSERTATlO.
2220 380 2298 393 —
2339 345 2548 411 PARS
2595 348 2646 411 Ι.

3459 350 3576 413 546

159 485 547 549 sententiam.
581 484 805 545 Invicto
871 499 1128 558 namque
1172 482 1487 556 ipsiusmet
1518 480 1813 556 Polycarpi
1846 480 1899 550 Α
1928 482 2193 555 exprimi,
2226 499 2291 540 ac
2340 486 2596 540 Grecam
2646 483 2823 555 hujus
2871 500 3065 542 vocem
3103 480 3252 549 ἰδίως
3285 504 3385 561 per
3418 488 3574 545 Lati-

161 579 533 647 testimonio,
567 593 679 649 quo
734 579 886 632 certe
915 573 1144 630 nullum
1178 575 1371 646 majus
1404 589 1560 629 nunc
1591 573 1815 629 deside-

164 670 282 728 rari
314 674 528 742 potest,
564 666 889 722 luculenter
918 665 1199 737 probatur
1231 663 1377 720 hanc
1407 662 1711 735 epistolam
1746 663 1817 718 ab

168 758 402 832 Ignatio
434 756 617 813 fuisse
647 754 948 827 scriptam.
994 754 1271 809 Testatur
1300 753 1456 837 enim
1513 752 1572 808 in
1608 768 1716 808 sua
1748 752 1818 807 ad

168 848 580 920 Philippenses
629 845 879 917 epistola
908 858 969 899 se
1000 843 1073 898 ab
1118 858 1184 899 eo
1222 840 1818 914 accepisselitteras:

170 958 201 990 α
230 937 569 1009 Scripsistis
610 935 682 991 ad
743 949 835 989 me
862 938 919 989 et
946 949 1047 989 vos
1096 937 1154 989 et
1187 932 1467 1005 Ignatius,
1501 936 1610 989 etc.
1644 931 1823 1005 Atqui

170 1031 273 1087 illa
296 1029 574 1102 epistola,
610 1042 787 1099 quam
821 1025 910 1080 bis
936 1023 1131 1079 verbis
1188 1024 1427 1092 indicat,
1460 1024 1663 1079 eadem
1694 1023 1825 1095 ipsa

174 1127 286 1187 est,
311 1121 385 1175 de
410 1135 529 1193 qua
542 1133 696 1173 nunc
717 1114 965 1189 quastio
982 1119 1265 1169 movetur.
1282 1113 1428 1170 Nam
1462 1128 1825 1186 quaecunque

176 1210 536 1283 Polycarpus
598 1208 668 1263 de
721 1204 969 1279 epistola
1006 1204 1215 1277 Ignatii
1255 1202 1438 1260 nostri
1471 1204 1541 1259 ad
1581 1218 1644 1258 se
1692 1204 1828 1260 data

179 1298 550 1367 memoravit,
588 1298 689 1354 illa
714 1296 913 1354 omnia
941 1296 1001 1353 in
1028 1313 1095 1353 ea
1124 1312 1302 1368 quam
1343 1294 1651 1361 habemus,
1686 1310 1826 1351 nus-

179 1408 358 1464 quam
393 1405 527 1446 vero
579 1387 638 1443 in
683 1387 804 1443 ulla
834 1387 948 1443 alia
996 1386 1389 1459 reperiuntur.
1435 1385 1667 1441 Scimus
1698 1384 1830 1457 qui-

178 1483 311 1538 dem
345 1481 408 1536 in
457 1478 605 1534 hanc
634 1477 896 1551 epistola
926 1475 1222 1549 Polyearpi
1280 1478 1511 1547 partem
1538 1473 1828 1545 ultimam,

179 1587 359 1644 quam
422 1568 756 1637 citavimus,
813 1566 1095 1623 nonnulla
1142 1584 1177 1623 a
1236 1565 1589 1637 quibusdam
1646 1565 1832 1622 fuisse

182 1663 435 1733 objecta.
492 1659 605 1716 Sed
659 1658 781 1715 hac
834 1657 1032 1714 omnia
1082 1661 1202 1712 tam
1239 1655 1391 1713 clare
1429 1656 1713 1714 diluimus
1760 1656 1829 1723 ³⁵,

184 1766 435 1824 eamque
482 1748 739 1821 epistolae
770 1756 990 1821 partem
1023 1763 1138 1803 non
1181 1745 1377 1801 minus
1412 1763 1585 1819 quam
1624 1746 1768 1803 alias
1800 1762 1834 1802 a

1930 589 2062 627 nam
2089 576 2309 646 proprie
2339 574 2410 629 ab
2444 572 2544 629 ille
2578 573 2758 630 fuisse
2788 574 3098 632 redditam.
3130 576 3251 633 Vox
3272 576 3452 647 igitur
3472 578 3573 636 illa

1928 664 2145 734 proprie
2168 662 2312 717 nihil
2346 663 2505 719 aliud
2530 663 2683 735 apud
2706 663 3127 736 Hieronymum
3160 664 3238 720 ibi
3258 665 3573 739 significat,

1932 768 2108 824 quam
2159 753 2452 823 privatim,
2487 752 2728 809 scorsim
2792 770 2856 809 ac
2894 755 3233 826 separatim.
3266 757 3449 827 Atque
3479 775 3575 815 eo-

1934 842 2064 898 dem
2098 841 2269 914 plane
2299 860 2475 899 sensu
2514 843 2614 901 illa
2644 845 2848 901 eodem
2880 844 2940 901 in
2981 845 3129 901 libro
3154 863 3268 903 non
3300 848 3479 904 semel
3505 850 3575 905 ab

1932 933 2058 1004 ipso
2090 937 2373 1004 usurpata
2417 933 2651 1005 legitur.
2690 934 2780 990 Sic
2826 934 3037 1009 quippe
3085 936 3301 993 ibidem
3334 936 3404 994 de
3453 938 3578 996 Cle-

1936 1026 2130 1079 mente
2187 1022 2575 1079 Alexandrino
2626 1023 2907 1081 disserit:
2963 1046 2990 1075 ‹‹
3042 1025 3122 1082 De
3180 1028 3577 1087 canenibus...

1934 1111 2080 1169 liber
2110 1129 2284 1181 unus,
2318 1129 2491 1185 quem
2524 1113 2753 1185 preprie
2808 1114 3133 1171 Alexandro
3164 1116 3580 1191 Hierosolymi-

1936 1206 2072 1259 tano
2112 1203 2384 1276 episcoPO
2440 1201 2847 1279 προσεφώνησε,
2896 1226 2923 1254 ››
2984 1208 3041 1260 et
3092 1205 3161 1261 de
3209 1206 3508 1279 Apollonio
3557 1222 3573 1264 :

1942 1314 1963 1343 ι
1996 1291 2325 1366 Septimum
2359 1292 2589 1365 proprie
2607 1293 2889 1349 adversus
2912 1292 3283 1364 Apollonium
3316 1295 3572 1353 elabora-

1939 1382 2038 1439 vit.
2075 1405 2102 1432 ››
2136 1380 2297 1439 Unde
2335 1382 2698 1455 Sephronius
2747 1382 2804 1438 in
2855 1382 3049 1439 Graeca
3085 1382 3260 1455 hujus
3292 1384 3425 1439 libri
3455 1402 3580 1442 ver-

1940 1472 2105 1529 sione
2132 1472 2276 1528 illud
2321 1472 2575 1527 verbum
2593 1472 2820 1543 proprie
2847 1488 2949 1543 per
2977 1488 3177 1531 vocem
3214 1469 3419 1544 ίδίκως,
3453 1490 3584 1548 qua

1941 1562 2094 1619 idem
2123 1580 2187 1619 ac
2224 1562 2551 1620 Eusebiana
2586 1558 2735 1623 ἰδίως
2769 1567 2961 1633 sonat,
2994 1562 3267 1619 reddidit.

2259 1664 2286 1731 §
2318 1662 2411 1717 IlI.
2449 1660 2684 1727 Obiectio
2736 1660 2937 1717 Usserii
2962 1661 3225 1718 diluitur.

2014 1760 2227 1832 Objicit
2259 1771 2449 1817 tamen
2481 1760 2748 1816 Usserius
2779 1760 2898 1817 hec
2928 1761 3263 1834 Hieronymi
3297 1765 3496 1821 verba:
3522 1765 3581 1822 in

184 1841 503 1915 Pelycarpo
535 1838 818 1912 scriptam
849 1854 998 1905 esse,
1042 1842 1224 1906 tanta,
1258 1837 1344 1895 uti
1386 1836 1829 1929 putamus,.evi-
1871 1861 1919 1929 Β
1949 1865 2066 1923 (μη
2094 1855 2153 1905 οι
2182 1850 2253 1904 de
2284 1848 2596 1921 Evangelia
2623 1848 2691 1917 ⁸⁵,
2724 1869 2755 1900 n
2786 1853 2920 1915 etc.,
2953 1851 3024 1905 ad
3057 1850 3366 1922 epistolam
3395 1856 3584 1923 Smyp.

190 1932 387 1988 dentia
412 1947 445 1985 a
466 1929 635 1986 nobis
659 1929 1123 1985 demonstratum
1150 1930 1340 1996 est,ut
1371 1926 1613 1985 sinceris
1632 1943 1828 1984 rerum

184 2020 646 2077 cstimatoribus
674 2018 735 2075 id
778 2017 1015 2075 omnino
1048 2034 1397 2090 persuasum
1430 2017 1551 2074 fore
1582 2018 1832 2074 conﬁda-

185 2128 340 2169 mus.

312 2257 340 2329 ᾗ
368 2255 443 2313 ll.
477 2254 631 2313 Idem
661 2250 887 2310 Eusebii
916 2254 1337 2329 et_Hicronymi
1362 2255 1691 2314 auctoritate

866 2326 1154 2399 probatur.

258 2480 438 2532 Porro
494 2478 688 2531 autem
722 2472 977 2545 epistolae
1010 2474 1077 2529 ad
1123 2473 1503 2547 Polycarpum
1536 2467 1835 2531 auétorem

188 2582 313 2623 esse
341 2566 657 2637 Ignatium,
712 2581 826 2619 non
862 2562 1156 2635 Polycarpi
1190 2569 1421 2620 tantum
1458 2565 1833 2633 testimoniis,

187 2659 285 2713 sed
322 2656 561 2711 Eusebii
594 2656 759 2710 etiam
793 2654 1138 2711 auctoritate
1173 2654 1344 2726 plane
1376 2656 1835 2713 demonstratur.

188 2744 296 2801 Ubi
328 2746 485 2801 enim
522 2744 736 2817 lgnatii
770 2744 1048 2816 epistolas
1098 2749 1366 2801 accurate
1423 2750 1481 2802 et
1529 2745 1839 2817 diligenter

194 2844 479 2905 recenset,
508 2835 630 2889 haec
672 2834 767 2891 ille
800 2835 1040 2891 totidem
1075 2836 1269 2892 verbis
1302 2837 1479 2893 tradit
1508 2838 1553 2875 ⁸³
1586 2855 1600 2894 :
1635 2859 1663 2889 «
1696 2839 1837 2894 Cum

191 2926 484 2983 Troadem
509 2928 781 2995 venisset,
804 2928 936 2983 inde
957 2928 1027 2983 ad
1057 2928 1597 3001 Philadelphienses
1616 2930 1842 2987 litteras

188 3014 383 3077 dedit,
415 3019 470 3069 et
500 3015 565 3069 ad
611 3015 1043 3087 Smyrnzeorum
1077 3015 1415 3088 Ecclesiam,
1456 3018 1843 3092 privatimque

185 3108 263 3162 ad
333 3104 707 3178 Pelycarpum
767 3122 964 3162 eorum
1014 3108 1378 3180 episcopum,
1440 3104 1619 3179 ἰδίως)
1674 3128 1733 3164 τε
1761 3107 1841 3183 τῷ

188 3193 407 3263 ταύτης
425 3193 822 3271 προηγουμένῳ
844 3193 1208 3269 [Ιολυκάρπῳ.
1227 3218 1249 3248 ι
1280 3198 1561 3253 Eusebius
1587 3216 1844 3271 namque

192 3285 275 3340 ibi
310 3289 434 3339 tres
462 3285 670 3355 lgnatii
728 3285 1011 3357 epistolas
1041 3292 1237 3357 aperte
1279 3287 1592 3358 distinguit
1622 3308 1637 3357 ;
1671 3294 1846 3361 atque

200 3375 350 3430 hanc
383 3391 515 3447 quae
544 3375 616 3430 ad
648 3374 1055 3447 Pelycarpum,
1080 3380 1197 3433 tam
1222 3378 1293 3433 ab
1327 3393 1395 3433 ea
1424 3394 1551 3447 quae
1573 3380 1641 3434 ad
1664 3380 1852 3452 Smyr-

202 3483 377 3531 nees,
412 3482 589 3536 quam
622 3466 694 3521 ab
727 3466 827 3521 illa
857 3484 983 3539 qua:
1018 3467 1087 3522 ad
1134 3466 1674 3539 Philadelphienses
1705 3470 1847 3525 scri-

199 3565 294 3629 pta
324 3561 436 3624 est,
469 3556 751 3613 discernit
780 3563 837 3612 et
890 3557 1278 3615 discriminat.
1312 3558 1447 3623 Quae
1494 3559 1734 3632 quidem
1760 3560 1846 3615 di-

199 3646 437 3702 stinctio
488 3664 557 3703 ex
592 3648 682 3703 bis
721 3664 847 3719 quea
903 3649 1377 3721 subsequuntur,
1410 3649 1597 3706 multo
1627 3650 1851 3707 clarius

203 3736 641 3810 dilucidiusque
691 3739 1091 3810 perspicitur:
1156 3760 1183 3787 ‹‹
1215 3738 1395 3802 Quem
1427 3756 1561 3795 cum
1614 3746 1851 3813 aposte-

206 3826 386 3881 licum
435 3826 652 3893 virum,
704 3825 789 3882 sic
861 3826 958 3883 ille
1016 3828 1407 3900 prosequitur,
1471 3844 1600 3885 esse
1683 3829 1853 3901 plane

206 3921 569 3989 agnosceret,
603 3916 714 3988 ipsi
762 3922 1044 3988 tanquam
1078 3917 1265 3973 bonus
1315 3936 1382 3975 ac
1431 3919 1620 3975 fidelis
1652 3925 1855 3991 pastor

208 4024 441 4080 gregem
476 4007 847 4064 Antiochensi
871 4008 1137 4064 Ecclesiae
1162 4010 1613 4081 commendavit,
1642 4025 1855 4081 rogans

208 4106 267 4152 ut
298 4096 463 4153 omni
496 4114 636 4153 cura
666 4096 829 4153 illum
872 4098 1060 4154 fovere
1090 4097 1285 4155 vellet.
1319 4100 1481 4155 Idem
1517 4099 1575 4154 in
1611 4098 1859 4171 epistola

206 4189 274 4243 ad
305 4192 641 4260 Smyrnaea
689 4188 761 4243 de
789 4191 1089 4244 Servatore
1134 4198 1337 4246 nostro
1376 4189 1649 4261 loquens,
1682 4212 1711 4242 »
1743 4195 1853 4247 etc.

211 4278 275 4334 Et
312 4281 471 4334 certe
498 4278 555 4332 in
580 4277 824 4349 epistola
863 4278 934 4333 ad
967 4279 1293 4353 Smyrnae:
1324 4278 1553 4335 nullum
1591 4279 1663 4335 de
1680 4278 1854 4353 Poly-

214 4384 385 4439 carpo
420 4367 666 4423 verbum
724 4366 861 4423 facit
895 4384 910 4436 ;
940 4384 1128 4442 neque
1188 4369 1273 4425 illi
1310 4368 1628 4426 Ecclesiam
1686 4385 1857 4427 suam

211 4457 637 4515 Antiochenam
661 4459 1051 4514 commendat.
1091 4460 1225 4525 Quae
1257 4468 1392 4515 cum
1426 4458 1485 4515 in
1508 4458 1756 4526 epistola
1783 4461 1859 4516 ad

211 4546 595 4621 Pelycarpum
645 4555 971 4615 occurrant,
1002 4546 1164 4604 illam
1208 4548 1407 4620 procul
1453 4550 1632 4606 dubie
1662 4549 1735 4606 ab
1766 4560 1856 4619 ea,

1949 1940 2092 1996 nmis
2110 1940 2307 1996 datam
2331 1939 2568 1995 omnino
2588 1939 2821 2007 referri;
2847 1940 3207 2012 proindeque
3225 1939 3384 1997 illam
3412 1958 3587 2000 uuam

1946 2046 2012 2087 ac
2034 2031 2299 2086 eamdem
2330 2045 2459 2085 esse
2483 2045 2617 2086 cum
2651 2045 2743 2097 ea,
2776 2044 2901 2100 quae
2924 2030 2995 2084 ad
3031 2028 3410 2101 Polycarpum
3442 2031 3584 2087 scri-

1945 2126 2041 2194 pta
2064 2121 2298 2176 dicitur.
2332 2121 2493 2187 Quod
2526 2119 2792 2193 quidem,
2814 2119 3181 2192 inquitidem
3215 2119 3487 2178 Usserius
3519 2124 3584 2195 ³⁸,

1945 2211 2027 2267 ita
2057 2227 2256 2267 verum
2298 2216 2406 2277 est,
2444 2214 2507 2265 ut
2536 2233 2563 2260 ‹‹
2616 2210 2908 2266 Honorius
2950 2210 3492 2282 Augustedunensis
3526 2212 3589 2271 in

1946 2300 2095 2357 libro
2129 2304 2205 2356 De
2227 2300 2601 2356 luminaribus
2634 2299 2893 2355 Ecclesiae
2924 2298 3038 2371 (cui
3071 2300 3587 2373 Hieronymianum

1948 2390 2302 2463 scriptorum
2335 2390 2666 2462 catalogum
2701 2391 2758 2445 in
2810 2389 3099 2461 epitomen
3132 2405 3165 2445 a
3196 2406 3256 2446 se
3288 2392 3586 2450 redactum

1950 2480 2221 2553 inseruit)
2255 2479 2575 2552 Epistolam
2629 2478 2699 2535 ad
2734 2479 3116 2551 Polycarpum
3150 2478 3207 2535 in
3240 2497 3417 2537 censu
3452 2483 3591 2537 scri-

1951 2576 2184 2645 ptorum
2219 2569 2427 2643 lgnatii
2452 2568 2620 2641 plane
2645 2570 3199 2641 prastermittendam
3224 2585 3352 2627 esse
3377 2573 3597 2643 judica-

1952 2660 2051 2719 vit.
2079 2684 2107 2710 «
2127 2661 2238 2717 Sed
2271 2677 2385 2716 non
2418 2660 2613 2731 magni
2648 2658 2922 2732 ponderis
2943 2663 3031 2714 est
3060 2660 3375 2716 auctoritas
3405 2660 3596 2719 Hono-

1954 2752 2045 2820 rii,
2080 2752 2179 2825 qui
2233 2752 2291 2807 in
2346 2751 2455 2807 hac
2503 2751 2633 2807 libri
2706 2742 3145 2824 Hierenymiani
3204 2752 3457 2823 epitome
3517 2754 3599 2809 ita

1955 2859 2105 2914 saepe
2136 2857 2238 2914 per
2266 2856 2515 2897 errorem
2551 2841 2753 2912 lapsus
2797 2846 2908 2907 est,
2933 2845 2993 2895 ut
3025 2842 3118 2896 vix
3160 2840 3281 2896 ulla
3311 2844 3455 2899 fides
3484 2842 3596 2915 ipsi

1956 2932 2157 2989 haberi
2191 2931 2392 3004 possit.
2427 2930 2659 3002 Majoris
2687 2935 2881 2985 autem
2921 2931 3193 2987 momenti
3217 2936 3303 2987 est
3333 2933 3596 2989 testimo-

1958 3026 2121 3081 nium
2156 3023 2394 3080 alterius
2427 3021 2681 3078 auctoris
2704 3022 2872 3096 longe
2892 3022 3605 3095 vetustioris,quiutram-

1957 3131 2070 3188 que
2100 3113 2410 3186 epistolam
2470 3111 2773 3167 manifeste
2819 3111 3093 3167 distinxit
3139 3111 3201 3167 in
3251 3112 3493 3169 homilia
3532 3115 3607 3170 De
3654 3136 3657 3139 ‘

1884 3232 1929 3297 ο
1960 3221 2067 3297 uno
2095 3204 2383 3275 utriusque
2408 3203 2752 3297 Test‘amenli
2782 3200 3127 3297 ιεσμίξιαιονρεξ
3159 3218 3333 3297 quam
3367 3203 3608 3297 Photius

1959 3296 2387 3368 Cbrysostome,
2438 3291 2535 3349 alii
2594 3308 2728 3349 vero
2786 3292 3021 3347 cuidam
3079 3293 3344 3364 ejusdem
3417 3294 3607 3351 aetatis

1960 3384 2232 3458 scriptori
2282 3385 2581 3455 assignant
2610 3381 2679 3439 "7.

2033 3476 2312 3530 Praeterea
2371 3488 2503 3528 cum
2554 3471 2848 3528 Honorius
2909 3470 3123 3528 librum
3180 3472 3516 3546 Hieronymi
3546 3473 3604 3530 in

1960 3566 2251 3638 epitomen
2288 3562 2574 3633 redegerit
2605 3581 2622 3629 ;
2657 3562 2729 3617 ad
2764 3560 2952 3625 illum,
2986 3560 3086 3633 qui
3120 3563 3383 3617 omnium
3417 3563 3609 3618 mani-

1962 3655 2073 3709 bus
2104 3652 2328 3718 teritur,
2362 3666 2591 3721 semper
2623 3650 2987 3706 redeundum
3012 3654 3121 3704 est.
3154 3649 3210 3705 Si
3233 3667 3360 3721 quas
3393 3667 3525 3706 vero
3548 3650 3607 3705 in

1963 3741 2293 3814 Hieronymi
2353 3756 2586 3812 quoque
2633 3738 2827 3795 verbis
2878 3740 3072 3795 subsit
3127 3740 3475 3805 obscuritas,
3536 3740 3611 3796 ad

1962 3832 2279 3889 Eusebium
2319 3835 2603 3903 tanquam
2637 3830 2708 3885 ad
2758 3829 3003 3896 fontem,
3029 3845 3098 3884 ex
3126 3845 3242 3899 quo
3275 3846 3381 3884 sua
3411 3830 3612 3886 Hiero-

1964 3939 2174 3993 nymus
2204 3921 2423 3988 hausit,
2455 3922 2672 3977 debent
2706 3935 2911 3975 omnes
2945 3936 3260 3976 recurrere.
3301 3920 3474 3992 Atqui
3498 3924 3610 3975 Eu—

1964 4011 2166 4068 sebius
2224 4009 2533 4083 epistolam
2568 4008 2642 4065 ad
2698 4007 3083 4081 Polyearpum
3145 4008 3217 4064 ab
3264 4008 3511 4080 epistola
3541 4009 3613 4065 ad

1964 4104 2295 4175 Smyrnaeos
2323 4099 2715 4172 apertissime,
2748 4103 2812 4154 ut
2846 4098 3122 4167 vidimus,
3157 4099 3448 4157 distinxit.
3484 4100 3614 4156 Hie-

1967 4208 2249 4266 ronymus
2270 4206 2406 4263 ergo
2446 4190 2599 4245 idem
2630 4189 2784 4244 inter
2816 4195 3123 4260 utramque
3154 4188 3364 4244 statuit
3402 4189 3615 4245 discri-

1970 4298 2125 4339 men.
2152 4284 2337 4353 Atque
2395 4280 2532 4335 hinc
2586 4278 2811 4351 liquido
2857 4277 3159 4351 colligitur
3202 4277 3301 4334 illa
3352 4280 3615 4349 ejusdem

1968 4371 2305 4444 Hieronymi
2334 4369 2509 4427 verba
2543 4385 2611 4425 εκ
2647 4368 2713 4424 In
2747 4385 2863 4441 qua
2904 4373 2962 4424 et
2988 4369 3059 4423 de
3082 4367 3417 4440 Evangelio,
3452 4392 3480 4419 »
3510 4377 3618 4426 etc.

1970 4477 2087 4518 non
2110 4462 2183 4516 ad
2209 4458 2531 4532 posteriora
2565 4459 2643 4513 ad
2671 4457 3062 4529 Polycarpum,
3082 4457 3182 4513 sed
3215 4457 3285 4512 ad
3321 4456 3626 4529 superiora

1970 4552 2040 4608 ad
2070 4552 2384 4624 Smyrnam
2425 4564 2552 4607 esse
2585 4548 2907 4604 referenda.

213 4617 341 4712 quae
400 4617 474 4693 ad
501 4641 829 4710 Smyrnaeos
859 4636 1079 4710 scripta
1134 4617 1243 4703 est,
1277 4638 1564 4696 Eusebius
1618 4617 1863 4712 apertis-
1895 4617 1941 4683 Ῑ)
2042 4645 2136 4708 At,
2166 4617 2441 4714 inquies,
2476 4639 2597 4695 hac
2650 4636 2833 4694 textui
2880 4636 3335 4709 Hieronymiane
3378 4636 3496 4691 vim
3530 4636 3620 4693 fa-

215 4729 365 4785 sime
389 4728 721 4800 distinguit.

282 4817 485 4889 Neque
516 4817 632 4873 alia
681 4816 1018 4890 Hieronymi
1049 4818 1340 4875 sententia
1370 4818 1553 4877 fuisse
1582 4820 1812 4878 videtur
1845 4840 1862 4893 ;

214 4912 300 4965 ait
331 4908 489 4965 enim
520 4909 565 4943 “
599 4924 614 4963 :
644 4930 673 4958 «
707 4907 847 4963 Inde
872 4907 1177 4980 egrediens
1206 4908 1444 4982 scripsit
1473 4911 1546 4966 ad
1578 4910 1866 4968 Philadel-

213 4998 437 5071 phees,
496 5004 549 5054 et
603 4995 678 5053 ad
735 4998 1086 5072 Smyrnaea,
1120 5002 1177 5055 et
1222 4997 1455 5072 proprie
1494 5001 1566 5056 ad
1599 5000 1866 5073 Polycar-

213 5101 381 5159 pum,
413 5086 838 5144 commendans
884 5083 969 5141 illi
1012 5086 1468 5144 Autiochensem
1502 5086 1818 5145 Ecclesiam
1850 5113 1865 5157 ς

212 5175 275 5231 in
307 5192 426 5249 qua
453 5182 506 5233 et
564 5176 634 5233 de
667 5174 977 5249 Evangelie
1009 5176 1163 5248 quod
1195 5176 1449 5248 nuper;a
1489 5192 1582 5232 me
1613 5175 1868 5233 transla-

213 5270 341 5322 tum
400 5270 505 5336 est,
558 5281 739 5338 super
788 5282 1039 5339 persona
1105 5264 1319 5323 Christi
1380 5266 1545 5339 ponit
1602 5268 1868 5324 testimo-

216 5356 410 5411 nium.
444 5378 474 5407 »
506 5354 719 5413 Nullus
769 5356 1023 5430 perfecte
1074 5372 1199 5413 non.
1221 5355 1381 5413 videt
1408 5354 1868 5430 his-Hieronymi

216 5446 412 5505 verbis
441 5445 674 5505 Eusebii
704 5462 971 5515 sensum,
1010 5449 1073 5503 ut
1103 5445 1301 5504 omnia
1330 5462 1477 5520 pene
1506 5446 1635 5520 ejus
1667 5447 1865 5515 verba,

284 5615 537 5688 “'Snpr.
574 5626 702 5688 cap.
736 5616 791 5688 4,
864 5606 1151 5688 “Euseb.
1185 5614 1287 5688 lib.
1321 5630 1408 5688 tu.
1448 5616 1614 5688 Hist,
1646 5629 1775 5688 cap.
1807 5616 1896 5688 36,

1975 4732 2158 4788 ciunt.
2190 4731 2304 4788 Sed
2344 4729 2395 4786 si
2443 4744 2615 4785 verus
2657 4726 2755 4783 ille
2788 4728 2866 4785 sit
2917 4726 3227 4783 verborum
3279 4725 3624 4798 Hieronymi

1976 4838 2206 4889 sensus,
2263 4818 2428 4877 nulla
2457 4834 2529 4874 ex
2578 4833 2714 4873 vera
2744 4826 2948 4874 eorum
3006 4813 3393 4889 explicatione
3439 4814 3619 4871 textui

1976 4913 2103 4982 ejus
2146 4909 2235 4965 vis
2283 4908 2543 4966 affertur.
2589 4905 2789 4978 Neque
2842 4905 3039 4961 forsan
3095 4920 3130 4961 a
3177 4919 3315 4960 vero
3370 4902 3623 4959 multum

1976 4998 2293 5067 aberrabit,
2351 4997 2453 5070 qui
2493 4995 2706 5052 dixerit
2744 4994 2804 5051 in
2833 4993 3174 5068 Hieronymi
3219 4997 3383 5050 textu
3416 4993 3627 5049 factam

1977 5089 2163 5146 fuisse
2181 5106 2216 5146 a
2237 5084 3033 5159 librariis'transpositionem
3051 5103 3067 5154 ;
3085 5082 3194 5141 nisi
3219 5084 3628 5156 Hieronymus,

1977 5180 2077 5251 qui
2098 5179 2326 5237 Graecos
2357 5181 2628 5235 auctores
2679 5179 2845 5232 tanta
2872 5174 3167 5231 celeritate
3198 5172 3440 5230 reddere
3472 5169 3625 5228 sele-

1989 5269 2112 5336 bat,
2143 5284 2253 5326 sua
2282 5269 2410 5341 ipse
2436 5267 2613 5324 verba
2642 5265 3094 5337 transposuerit.

2046 5357 2319 5427 Instabis,
2334 5356 2550 5430 stylum
2569 5354 2778 5429 lgnatii
2809 5354 2871 5411 in
2884 5352 3132 5427 epistola
3150 5353 3221 5411 ad
3236 5352 3625 5426 Polycarpum

1980 5462 2096 5504 non
2120 5444 2503 5519 deprehendi,
2533 5443 2798 5519 nullique
2828 5441 3129 5516 probabile
3151 5441 3279 5499 ﬁeri
3309 5441 3626 5514 Iguatium,

1950 5613 2038 5681 §2
2068 5614 2124 5668 et
2154 5626 2278 5684 seq.
2353 5609 2401 5647 “
2445 5609 2551 5667 lib.
2610 5614 2692 5668 De
2726 5610 2917 5684 script.
2972 5609 3158 5667 coclea.
3234 5607 3280 5646 ει
3322 5611 3465 5681 sup.
3531 5607 3629 5664 cit.

214 5688 260 5725 ³⁸
290 5689 368 5745 De
399 5682 574 5757 lauat.
606 5682 930 5761 epistﬁcap.
954 5687 1008 5757 8,
1042 5704 1097 5761 p.
1128 5688 1182 5743 8.
1260 5686 1303 5724 "
1336 5686 1616 5745 Biblioth.
1650 5682 1777 5743 cod.
1811 5687 1918 5743 277
1947 5693 2003 5743 et
2032 5682 2254 5755 Synod.
2281 5698 2360 5739 vn
2391 5697 2614 5755 gener.,
2648 5686 2761 5739 act.
2791 5683 2847 5738 6.
