4062 6206
371 341 487 399 54⁵1

1437 320 1501 378 S.
1547 311 1944 377 lGNATlUS.
1988 339 2067 356 -—
2111 302 2723 368 PROLEGOMENA.

3680 301 3808 362 548

367 491 504 533 cum
527 473 597 530 ad
621 468 1006 541 Polycarpum
1034 456 1304 531 privatim
1329 455 1498 510 daret
1528 448 1836 523 epistolam
1868 447 1927 502 in
1954 459 2022 500 ea
2055 446 2107 512 Α
2136 458 2250 498 non
2282 441 2530 497 servavit
2558 437 2773 507 solum,
2808 456 2838 486 η
2868 441 2975 494 oio,
3013 435 3187 493 Ροιιιιο
3220 431 3513 491 Eusebius
3544 434 3647 507 qui
3673 435 3806 491 hac

371 566 444 621 ad
465 568 646 619 totam
674 564 1084 627 Smyrneusem
1111 544 1426 601 Ecclesium
1456 556 1628 597 suum
1661 535 2016 594 convertisse
2125 530 2384 603 Dionysii
2419 530 2592 585 verba
2613 526 2834 593 retulit,
2867 526 2952 581 sio
2976 525 3355 597 prosequitur
3384 523 3434 558 ³⁸
3470 542 3483 581 :
3523 544 3552 577 ι
3588 530 3654 581 tn
3681 524 3803 581 hac

373 665 725 711 sermonem.
759 623 870 699 Sed
905 640 995 695 his
1035 635 1203 692 facile
1253 631 1677 704 respondemus
1708 628 1860 683 hanc
1891 623 2015 696 epi-

374 742 579 799 stolam
600 736 826 797 eodem,
842 747 908 786 ac
923 728 1069 784 alias
1083 724 1368 799 genuinas
1393 720 1600 794 lgnatii
1614 717 1859 782 litteras,
1876 713 2021 769 scri-

2130 622 2257 693 ipsa
2287 618 2462 675 etiam
2490 616 2738 689 epistola
2770 614 3043 670 meminit
3063 613 3383 670 Clementis
3416 615 3684 687 epistola
3724 615 3807 671 ad

2129 709 2481 777 Corinthios,
2514 722 2692 779 quam
2724 722 2793 761 ex
2816 704 3009 778 prisca
3038 706 3474 761 consuetudine
3507 706 3569 761 in
3598 704 3806 762 Eccle-

372 793 534 903 ptam
562 839 691 882 esse
721 793 892 892 style.
925 793 1244 874 Ecclesiam
1274 828 1410 867 vero
1429 793 1857 881 CSmyrnensem
1885 819 2021 861 cum
2131 799 2219 857 sia
2238 797 2353 870 legi
2385 796 2623 854 solitam
2655 800 2923 851 testatur.
2944 816 2971 845 »
3006 793 3166 851 Nulli
3192 795 3393 867 itaque
3422 794 3644 851 mirum
3666 812 3808 852 esse

370 898 450 974 ibi
472 912 815 986 alloquitur,
835 907 980 964 nihil
1003 909 1211 979 praeter
1231 900 1511 974 temporis
1525 898 1616 954 sui
1641 911 1861 953 morem
1888 908 2022 951 eum

381 1008 585 1064 fecisse
609 982 863 1058 —certum
894 1002 1002 1055 est.
1043 995 1187 1050 Nam
1240 989 1551 1063 Dionysius
1588 984 1923 1044 Corinthius
1954 982 2023 1037 ad

374 1101 636 1154 Boterem
668 1103 974 1146 summum
1023 1082 1361 1155 pontiﬁcem
1421 1076 1711 1150 privatam
1761 1072 2027 1127 scribens

382 1182 711 1256 epistolam,
745 1179 801 1234 in
863 1193 930 1231 ea
959 1174 1030 1229 ad
1083 1172 1406 1227 Romanam
1450 1163 1765 1221 Ecclesiam
1812 1162 2028 1233 stylum

385 1252 469 1332 sic
498 1268 784 1329 convertit
812 1280 990 1322 suum
1019 1280 1033 1319 :
1067 1282 1094 1312 «
1131 1259 1260 1315 Haec
1293 1255 1455 1313 vobis
1485 1252 1846 1311 consuetudo
1868 1254 2028 1306 est...

387 1370 573 1437 Atque
602 1362 757 1416 hunc
790 1372 1009 1414 morem
1052 1354 1263 1408 beatus
1308 1349 1619 1422 cpiscOpus
1648 1347 1840 1400 vester
1868 1345 2033 1398 Soter

2134 890 2326 956 debet,
2360 888 2408 944 si
2454 886 2735 958 Ignatius,
2780 886 2881 958 qui
2912 902 3081 941 suam
3115 902 3353 958 quoque
3383 885 3455 941 ad
3518 886 3808 958 Polyrar-

2135 996 2275 1053 pum
2334 978 2643 1050 epistolam
2694 977 2751 1031 in
2814 975 3162 1049 Smyrnensi
3220 974 3480 1031 Ecclesia
3556 975 3807 1048 publice

2135 1069 2442 1142 legendam
2506 1068 2625 1125 fore
2670 1067 2824 1122 haud
2883 1064 3178 1122 immerito
3235 1065 3676 1138 suapicabatur,
3725 1064 3808 1120 ad

2137 1175 2340 1217 omnes
2365 1157 2681 1215 universim
2706 1154 3071 1215 Christianos
3091 1170 3267 1212 suum
3295 1155 3354 1211 in
3388 1153 3491 1211 illa
3521 1154 3814 1211 direxerit

2143 1263 2499 1305 sermonem.

395 1485 3789 1532 ΝΜ

1722 1647 1999 1745 PARS
2071 1643 2565 1741 SECUNDA-

513 1893 600 1952 De
657 1872 1251 1959 interpolationibus
1315 1858 2015 1959 genuinarumﬂlgnatii
2048 1855 2523 1959 "epistolarum,
2572 1872 2643 1916 ac
2702 1854 2778 1916 de
2836 1853 2976 1916 aliis
3033 1852 3316 1935 epistolis
3372 1853 3495 1935 ipsi
3527 1856 3688 1919 falso

1538 1936 1847 2023 ascriptis,
1879 1936 2219 2020 earumque
2246 1936 2635 1998 auctoribus.

923 2164 1156 2225 CAPUT
1206 2158 1515 2216 PRIMUM.

497 2306 568 2347 DE
624 2289 1201 2341 INTERPOLATIONIBUS
1254 2280 1647 2327 εΡιεΤΟιΑιιυΜ
1696 2275 1931 2318 IGNATII.

396 2402 422 2469 ε
455 2401 497 2453 Ι.
538 2393 821 2469 lgnatium
849 2388 1052 2469 harun}
1100 2375 1593 2469 interpolation‘um
1631 2386 1759 2456 .non
1801 2381 1913 2425 esse
1946 2380 2043 2420 au-

676 2445 880 2519 ctorem
918 2458 1110 2513 contra
1143 2445 1349 2511 Morini
1395 2445 1750 2504 sententiam.

407 3079 627 3170 certum
660 3112 751 3162 est
778 3124 792 3172 ;
827 3108 893 3158 ut
922 3100 1097 3156 etiam
1133 3104 1263 3152 ante
1313 3092 1580 3162 vulgatae
1612 3085 1685 3142 ab
1736 3079 1963 3139 Usserio
1995 3081 2052 3134 et

409 3197 609 3257 Vossio
642 3193 1033 3268 genuinarum
1070 3183 1279 3259 lgnatii
1325 3176 1708 3253 epistolarutn
1741 3170 2048 3235 editiones,

404 3288 552 3347 illud
576 3258 716 3341 viris
756 3278 1111 3354 quibusdam
1156 3271 1341 3329 doctis
1376 3277 1428 3325 et
1466 3264 1713 3323 eruditis
1759 3258 2049 3316 fueritob-

410 3381 726 3437 servatum.
743 3372 859 3428 Nos
878 3372 1029 3423 certe
1046 3382 1155 3421 non
1178 3355 1743 3433 fugitdoctissintum
1763 3348 2051 3406 Morinum

409 3468 622 3528 alicubi
668 3462 996 3522 asseruisse
1036 3460 1083 3496 ³⁸
1121 3475 1133 3513 :
1186 3453 1567 3524 «Antiquam
1619 3445 2051 3519 lgnatianarum

405 3553 783 3632 epistolarum
816 3549 1125 3608 editionem
1159 3543 1481 3618 genuinum
1499 3544 1719 3597 textum
1752 3531 1920 3590 nobis
1953 3547 2049 3585 ex-
2081 3517 2124 3584 C

404 3648 605 3705 bibere
647 3658 853 3699 novam
888 3654 1018 3695 vero
1050 3650 1321 3694 mancum
1356 3641 1409 3687 et
1448 3626 1939 3700 interpolatum.»
1970 3621 2048 3675 Ae

406 3754 479 3794 ne
508 3735 641 3808 quis
695 3750 830 3789 eum
884 3730 1004 3786 haec
1068 3733 1285 3784 temere
1317 3722 1532 3778 dixisse
1579 3719 1830 3792 putaret,
1858 3710 2049 3769 conti-

404 3806 780 3884 nuo—addidit
811 3837 826 3877 :
880 3843 907 3872 α
934 3817 1114 3875 Multa
1147 3815 1491 3885 conjectura;
1526 3824 1661 3864 mese
1703 3806 2051 3878 argumenta

407 3922 546 3975 dare
580 3931 835 3989 possem.
874 3934 901 3961 »
939 3911 1077 3966 Rem
1109 3922 1250 3963 sane
1279 3903 1556 3959 omnibus
1586 3902 1808 3971 gratam
1831 3899 1887 3949 et
1918 3908 2048 3964 per-

404 3983 602 4063 utilem
653 4001 1023 4076 praestitisset
1051 3998 1137 4054 vir
1170 3996 1267 4050 ille
1296 3992 1564 4060 eximius,
1598 3988 1647 4044 si
1693 4003 1761 4042 ea
1793 3983 2050 4039 dedisset

406 4074 775 4169 argumenta,
800 4090 1017 4160 quibus
1048 4086 1379 4157 opinionem
1423 4081 1564 4135 adeo
1590 4074 1963 4148 singularem,
1996 4074 2052 4125 et

404 4199 593 4239 avero
644 4188 759 4233 tam
813 4178 1060 4232 alienam
1120 4171 1348 4228 defendi
1405 4184 1576 4241 posse
1638 4164 2046 4221 arbitrabatur.

409 4273 554 4328 Nam
589 4270 852 4324 sinceras
892 4282 957 4319 ac
990 4262 1274 4334 genuinas
1307 4257 1513 4329 lgnatii
1548 4255 1733 4310 nostri
1771 4250 2050 4325 epistolas

404 4364 461 4415 in
496 4356 857 4414 editionibus
888 4351 1104 4409 Usserii
1140 4355 1198 4404 et
1226 4346 1416 4403 Vossii
1456 4343 1718 4401 exhiberi
1737 4340 1923 4409 ,certis
1954 4338 2047 4393 in-

402 4452 689 4524 victisque
715 4449 1005 4505 rationum
1038 4439 1356 4499 momentis
1394 4437 1565 4517 plane
1587 4435 2047 4490 demonstratur.

654 4563 681 4629 ἓ
717 4556 786 4614 ll.
820 4556 879 4612 Id
911 4552 1081 4610 variis
1124 4547 1467 4623 argumentis
1516 4542 1800 4617 probatur.

479 4669 742 4726 Primum
792 4665 949 4722 enim
983 4655 1341 4727 testimonia,
1392 4672 1518 4728 quae
1554 4656 1750 4708 Patres
1798 4650 2048 4721 antiqui,

404 4764 551 4834 puta
581 4756 886 4820 Eusebius,
919 4749 1300 4815 Athanasius,
1337 4746 1747 4817 Hieronymus,
1782 4739 2050 4797 Theodo-

405 4833 588 4919 retus,
624 4846 838 4919 aliique
863 4843 1057 4917 plures
1079 4858 1148 4898 ex
1178 4834 1669 4913 Ignatiiepistolie
1702 4833 2048 4897 citaverunt,

404 4941 464 4997 in
514 4939 610 5009 iis,
644 4953 761 4994 non
806 4939 999 4991 autem
1047 4933 1105 4988 in
1164 4927 1649 5000 interpolatarum
1697 4920 2053 4981 editionibus

403 5030 632 5087 sincera
666 5032 724 5084 et
754 5026 982 5095 integra
1014 5021 1525 5094 repraSentantur.

476 5117 747 5178 Secundo
799 5111 1128 5171 additienes
1171 5109 1307 5178 illis,
1345 5124 1493 5180 quas
1524 5104 1820 5173 Usserius,
1851 5106 1916 5158 ut
1963 5116 2054 5157 eo-

404 5228 536 5270 rum
570 5227 604 5267 a
633 5207 854 5282 quibus
900 5199 1259 5274 interpolata
1292 5202 1453 5265 sunt,
1488 5195 1721 5252 fraudes
1742 5193 1929 5265 magis
1961 5207 2051 5248 es-

403 5307 537 5360 sent
555 5297 894 5362 manifestae,
918 5292 1103 5349 voluit
1124 5291 1182 5346 in
1199 5288 1453 5346 editione
1474 5303 1577 5341 sua
1607 5301 1736 5342 esse
1752 5284 1931 5341 minio
1953 5283 2050 5339 de-

398 5394 672 5465 scriptas,
708 5385 856 5445 nihil
899 5382 1062 5441 aliud
1120 5384 1281 5451 sunt,
1326 5393 1505 5451 quam
1537 5375 1664 5434 loca
1713 5390 1880 5432 sacra
1907 5371 2054 5430 Seri-

2070 2149 2117 2214 B
2144 2150 2326 2218 pturae
2350 2145 2651 2217 Ignattano
2674 2142 2859 2199 textui
2891 2143 3286 2216 superaddita.
3305 2145 3390 2201 vel
3415 2144 3665 2218 phrases
3694 2156 3805 2207 aut

2142 2232 2517 2396 periphrases
2578 2246 2681 2287 nec
2730 2233 2927 2303 aperte
2957 2246 3061 2287 nec
3092 2232 3504 2289 convenienter
3562 2234 3647 2291 illi
3698 2237 3809 2293 ad-

2174 2327 2335 2379 eotae.

2174 2327 2335 2379 eotae.

2219 2410 2410 2468 Tertio
2468 2408 2526 2463 in
2567 2408 2636 2464 iis
2668 2406 2945 2478 haeretici,
2982 2408 3085 2480 qui
3117 2408 3327 2481 lgnatii
3360 2414 3626 2485 tempore
3661 2432 3818 2472 non-

2147 2503 2287 2557 dum
2313 2497 2656 2555 exstiterant
2689 2514 2805 2552 non
2838 2496 3027 2552 solum
3076 2497 3532 2571 impugnantur,
3565 2505 3667 2560 sed
3705 2523 3819 2562 no-

2150 2589 2409 2647 minibus
2441 2587 2617 2643 etiam
2652 2585 3026 2660 appellantur
3047 2587 3195 2643 suis.
3219 2589 3305 2644 Ibi
3340 2589 3589 2662 insuper
3620 2594 3692 2650 de
3716 2612 3811 2651 re-

2150 2680 2261 2735 bus
2313 2676 2521 2751 lgnatii
2552 2684 2808 2748 tempore
2841 2675 3103 2731 nondum
3139 2677 3393 2747 usitatis,
3429 2697 3496 2738 ac
3539 2683 3811 2753 ejusdem

2153 2766 2339 2824 aetatis
2382 2764 2653 2821 doctrinae
2688 2781 2752 2819 ac
2784 2762 3106 2837 disciplinae
3139 2769 3451 2825 contrariis
3484 2774 3539 2827 et
3570 2776 3814 2845 opposi-

2152 2858 2228 2915 tis
2260 2872 2452 2913 sermo
2483 2853 2827 2910 instituitur.
2862 2852 2999 2910 Tale
3029 2858 3120 2910 est
3151 2854 3296 2911 illud
3333 2860 3485 2929 quod
3517 2859 3595 2915 ibi
3626 2861 3813 2919 indu-

2155 2947 2410 3002 bitanter
2441 2943 2791 3009 afﬁrmatur,
2828 2941 3071 2998 Paulum
3118 2948 3175 2999 et
3211 2944 3467 3017 reliquos
3501 2951 3816 3021 apostolos

2155 3035 2374 3107 nuptiis
2419 3032 2597 3090 fuisse
2628 3032 2900 3088 sociatos.
2931 3033 3092 3088 Talia
3120 3037 3264 3089 sunt
3290 3051 3420 3106 quae
3451 3037 3521 3093 de
3555 3038 3817 3112 impera-

2155 3125 2379 3182 toribus
2403 3124 2737 3190 traduntur,
2758 3125 2815 3175 et
2845 3121 2959 3177 alia
2990 3121 3182 3194 plura,
3205 3140 3335 3195 quas
3371 3126 3648 3185 omnibus
3681 3147 3820 3189 cum

2157 3213 2276 3271 sint
2289 3213 2475 3278 obvia,
2491 3210 2566 3266 iis
2584 3210 2955 3266 recensendis
2970 3210 3194 3267 diutius
3211 3229 3327 3269 non
3344 3214 3816 3281 immorabimur.

2230 3303 2374 3357 Hinc
2423 3301 2622 3372 itaque
2672 3298 2897 3371 liquido
2933 3297 3290 3374 intelligitur
3354 3303 3505 3360 idem
3548 3308 3821 3379 epistolis

2157 3390 2361 3466 lgnatii
2395 3389 2714 3462 contigisse
2760 3388 2917 3462 quod
2958 3390 3028 3445 de
3082 3389 3205 3447 suis
3246 3394 3561 3468 Dionysius
3610 3401 3817 3456 Corin-

2161 3482 2321 3538 thius
2352 3488 2635 3537 memorat
2666 3479 2713 3514 ⁸⁰
2745 3496 2757 3534 2
2795 3502 2822 3529 «
2857 3478 3166 3551 Epistolas,
3200 3482 3413 3554 inquit,
3447 3487 3681 3560 scripsi,
3716 3507 3812 3548 ro-

2161 3577 2353 3645 gaius,
2388 3589 2420 3627 a
2449 3569 2765 3626 fratribus:
2798 3570 2897 3625 sed
2931 3568 3061 3625 illas
3097 3571 3350 3628 ministri
3410 3575 3645 3647 quidam
3681 3581 3809 3637 dia-

2160 3661 2278 3718 boli
2309 3661 2548 3717 zizaniis
2578 3660 3317 3732 compleverunt,qusadam
3350 3681 3420 3721 ex
3442 3667 3557 3723 illis
3577 3685 3811 3742 expun-

2160 3761 2360 3825 gentes
2395 3769 2410 3821 ;
2442 3750 2707 3823 quaedam
2736 3749 3098 3820 adjicientes.
3130 3773 3158 3801 »
3193 3754 3333 3819 Quis
3365 3764 3559 3816 autem
3593 3764 3813 3835 episto-

2160 3842 2247 3897 las
2266 3839 2470 3913 lgnatii
2490 3839 2559 3894 ad
2570 3837 2923 3905 ulteraverit,
2938 3838 3810 3917 harumqueinterpolationum

2162 3930 2762 4003 depravationumque
2792 3931 2992 3983 auctor
3024 3930 3220 3995 fuerit,
3253 3933 3301 3987 si
3337 3933 3618 4007 inquiras,
3655 3942 3816 4001 dice-

2161 4037 2295 4077 mus
2338 4018 2508 4074 nobis
2536 4016 2838 4091 probabile
2859 4017 3099 4075 omnino
3128 4019 3310 4077 videri
3342 4023 3509 4083 illum
3533 4033 3817 4090 eumdem

2161 4122 2309 4175 esse,
2344 4105 2444 4179 qui
2476 4103 2683 4177 lgnatii
2709 4105 2946 4161 nomine
2982 4105 3127 4162 alias
3155 4108 3473 4180 publicavit
3501 4117 3788 4188 epistolas

2162 4198 2232 4254 de
2262 4197 2479 4269 quibus
2509 4211 2657 4251 nunc
2688 4198 2778 4250 est
2806 4165 3242 4255 disserenduhl,
3407 4165 3410 4166 ν
3431 4165 3472 4171 η
3506 4165 3813 4192 "Hymn"

2813 4318 3050 4378 CAPUT
3089 4322 3159 4378 ΙΙ.

2412 4445 2480 4485 DE
2507 4445 2652 4485 ALIIS
2672 4445 2959 4487 EPISTOLIS
2989 4447 3212 4489 IGNATIO
3243 4450 3558 4496 ASCRIPTIS.

2161 4543 2206 4610 §.
2241 4541 2285 4594 Ι.
2319 4537 2573 4609 Analysis
2603 4537 3233 4622 lterumfpistolarum,
3264 4553 3315 4622 et
3370 4547 3551 4616 primo
3582 4551 3817 4622 quidem

2540 4611 2787 4681 epistola”;
2807 4610 2994 4667 Maria:
3021 4613 3095 4667 ad
3124 4610 3425 4686 lgnatiuin.

2233 4742 2295 4796 In
2327 4737 2497 4794 tertia
2518 4737 2902 4811 epistularum
2924 4740 3134 4812 lgnatii
3168 4741 3358 4800 classe
3392 4745 3515 4803 alite
3551 4750 3820 4821 quinque

2160 4830 2546 4893 collocantur,
2566 4827 2786 4899 quibus
2811 4826 2935 4897 illa,
2968 4845 3145 4902 quam
3172 4831 3353 4891 Maria
3381 4851 3449 4891 ex
3481 4835 3821 4899 Cassobelis

2162 4920 2233 4977 ad
2258 4918 2550 4993 Ignatium
2575 4916 2885 4988 scripsisse
2901 4918 3136 4990 dicitur,
3156 4919 3216 4975 in
3250 4923 3611 4984 editionibus
3646 4928 3820 4988 Usse-

2162 5010 2255 5081 rii,
2284 5008 2510 5076 Vossii,
2538 5022 2604 5063 ac
2633 5005 2899 5063 Cotelerii
2941 5009 3177 5081 praeﬁxa
3209 5016 3317 5070 est.
3368 5014 3486 5071 Hac
3526 5022 3724 5077 autem
3755 5022 3817 5079 in

2161 5098 2413 5173 epistola
2449 5096 2627 5153 Maria
2682 5096 2977 5169 Ignatium
3012 5099 3319 5158 certiorem
3345 5104 3484 5161 facit
3534 5107 3819 5167 Christia-

2162 5206 2296 5247 nam
2333 5188 2505 5244 iidem
2530 5186 2589 5242 in
2638 5188 2868 5255 regione
2889 5204 2999 5245 sua
3020 5189 3198 5247 fuisse
3228 5201 3559 5267 susceptam
3599 5205 3817 5274 ;atque

2159 5280 2374 5337 idcirco
2396 5293 2528 5334 eum
2551 5277 2922 5349 deprecatur,
2947 5280 3415 5357 obtestaturque,
3443 5290 3506 5342 ut
3528 5288 3726 5346 mittat
3743 5292 3814 5347 ad

2162 5387 2224 5427 se
2244 5368 2451 5426 Marim
2476 5366 2823 5440 episcopum
2858 5369 3204 5443 Neapoleos,
3239 5373 3571 5449 Eulogium,
3595 5386 3655 5436 et
3682 5382 3820 5439 Zar-

475 5574 521 5609 ³⁶
552 5572 657 5629 lib.
688 5570 1003 5641 ινζιιίειονυ
1037 5584 1165 5640 cap.
1195 5566 1267 5622 23
1339 5563 1387 5601 ³⁹
1416 5564 1489 5621 De
1517 5577 1657 5619 sacr.
1682 5550 1962 5625 Ordinat,
2007 5571 2043 5628 p

2203 5567 2291 5620 ιιι,
2338 5548 2569 5605 exercit.
2616 5548 2671 5617 3,
2717 5565 2842 5624 cap.
2894 5552 2949 5621 3,
2995 5569 3051 5627 p.
3103 5556 3194 5613 46.
3270 5558 3317 5593 ⁵ο
3357 5560 3549 5632 Apud.
3600 5560 3824 5625 Euseb.

403 5644 515 5701 lib.
550 5662 601 5701 Iv
635 5646 866 5714 His!or.,
898 5657 1023 5714 cap.
1051 5641 1140 5696 23.
