4026 6206
246 311 364 370 549

1190 309 1262 368 D.
1311 305 1636 368 NOURBlI
1681 305 2229 369 DISSERTATIO.
2278 338 2351 357 -—
2395 307 2605 371 PARS
2646 308 2721 370 Π.

3542 314 3663 377 550

240 444 373 501 lum
403 442 809 517 presbyterum
842 458 857 499 :
891 464 921 492 «
978 441 1061 498 Ne
1101 440 1413 513 prasidiis,
1461 440 1676 512 inquit,
1718 439 1901 501 divini
1930 441 1985 510 Α
2015 441 2151 513 cipi.
2172 444 2537 515 Quapropter
2556 445 2760 499 contra
2781 446 3036 515 quatuor
3064 444 3293 502 diversa
3311 447 3463 505 circa
3495 463 3661 506 eam-

243 535 403 590 verbi
458 533 795 589 antistitum
830 534 883 587 et
920 532 1462 588 administratorum
1496 531 1686 585 simus
1716 529 1896 585 desti-

2008 532 2139 586 dem
2163 531 2375 588 Christi
2399 532 2763 588 divinitatem
2784 540 2842 588 et
2866 532 3660 605 lncarnationem,haaresum

241 626 376 681 tuti.
412 646 440 673 »
465 624 706 679 Fatetur
744 622 981 694 quidem
1010 621 1369 691 eosjuvenes
1401 635 1551 688 esse,
1586 620 1690 675 sed
1726 623 1898 691 negat
2005 637 2215 691 genera
2241 622 2483 677 totidem
2534 622 2693 677 elicit
2728 622 3153 679 conclusiones.
3203 625 3329 681 Non
3372 628 3657 686 diffitetur

244 716 573 787 quidquam
601 711 652 767 ei
709 711 839 767 ideo
872 714 991 766 fore
1022 710 1351 766 timendum
1386 728 1400 776 ;
1460 726 1594 765 cum
1636 708 1897 777 Samuel,

245 804 475 870 Daniel,
504 801 815 868 Jeremias,
856 799 1153 868 Salomon,
1183 798 1397 867 Josias,
1425 805 1483 855 et
1532 799 1704 855 David
1729 798 1786 853 in
1815 804 1897 855 te-

245 909 390 947 nera
428 888 800 960 juvenilique
832 893 997 943 astate
1054 886 1254 958 populi
1287 887 1594 942 lsraelitici
1645 887 1895 957 judices,

252 996 440 1053 reges,
502 985 682 1051 atque
737 977 910 1033 etiam
967 976 1261 1049 prophetae
1307 976 1609 1033 constituti
1660 977 1893 1032 fuerint.

246 1069 422 1127 Addit
453 1084 571 1124 non
605 1067 769 1124 illum
791 1067 1064 1135 docendi,
1095 1066 1198 1122 sed
1222 1067 1511 1122 memoriae
1543 1082 1718 1122 causa
1740 1064 1897 1121 seilli

246 1160 361 1215 hec
421 1156 699 1213 retulisse
756 1155 1043 1227 exempla.
1076 1155 1339 1226 Denique
1372 1156 1600 1227 lgnatio
1646 1161 1703 1211 et
1746 1156 1900 1213 clero

248 1250 377 1319 ejus
407 1262 545 1303 cum
580 1246 725 1311 suis,
757 1249 883 1300 tum
913 1244 1163 1300 aliorum
1194 1244 1457 1301 fidelium
1490 1246 1683 1302 verbis
1725 1253 1782 1301 et
1810 1262 1903 1302 no-

246 1338 407 1393 mine
439 1335 696 1392 breviter
724 1334 1018 1405 salutatis,
1049 1334 1272 1390 claudit
1299 1334 1631 1407 epistolam.

244 1484 271 1549 ἓ
298 1480 374 1537 II.
408 1478 669 1550 Analysi:
697 1476 945 1534 aliarum
973 1477 1365 1551 cpistolarum
1394 1493 1521 1551 quae
1570 1478 1783 1549 Ignatii
1810 1495 1904 1537 ηο.

786 1551 938 1605 mine
960 1549 1367 1605 inscribuntur.

317 1712 582 1786 Ignatius
641 1714 881 1782 accepta
908 1709 1104 1766 Mariae
1136 1709 1401 1784 epistola,
1456 1710 1608 1767 hanc
1639 1713 1903 1769 eamdem

2008 716 2201 766 tamen
2232 712 2625 769 Antiochenos
2644 712 2716 768 ab
2748 713 2819 767 iis
2851 712 3147 769 erroribus
3178 714 3349 787 longe
3371 733 3499 773 esse
3522 717 3656 776 alie-

2009 818 2115 855 nos
2140 818 2154 868 ;
2185 818 2289 856 nec
2318 802 2434 857 alia
2463 812 2651 858 mente
2684 801 2880 859 isthtec
2913 803 2982 859 ad
3015 820 3114 859 eos
3144 821 3205 859 se
3235 805 3540 877 scripsisse
3561 808 3650 864 di-

2007 890 2107 957 cit,
2157 891 2271 947 nisi
2320 897 2384 947 ut
2413 909 2608 949 eorum
2645 894 2873 950 animos
2921 893 3202 951 adversus
3234 895 3480 953 haereses
3530 903 3648 952 tam

2010 1006 2312 1061 perversae
2340 1000 2705 1064 praeverteret
2731 1010 2798 1049 ao
2830 995 3221 1064 praemuniret.
3241 996 3450 1052 Subdit
3478 1013 3543 1052 se
3560 1014 3654 1064 ea,

2010 1096 2137 1150 qua
2171 1096 2428 1153 presens
2457 1083 2700 1151 dixerat,
2734 1084 3035 1138 absentem
3083 1083 3356 1147 scribere,
3405 1084 3652 1156 illosque

2008 1168 2159 1225 Petri
2182 1176 2239 1226 et
2262 1170 2420 1226 Pauli
2445 1172 2766 1243 discipulos
2786 1171 3061 1237 fuisse,ac
3078 1172 3357 1228 Evodium
3374 1173 3653 1231 habuisse

2009 1258 2348 1330 episcopum
2405 1264 2463 1315 et
2511 1265 2851 1332 pastorem;
2913 1261 3271 1331 proindeque
3322 1262 3472 1331 vita,
3525 1280 3653 1335 quin

2010 1350 2311 1402 tantorum
2341 1347 2599 1404 virorum
2633 1349 2875 1404 decebat
2906 1348 3231 1419 filios,ipsis
3262 1365 3494 1423 semper
3523 1366 3654 1407 esse

2013 1436 2318 1506 agendam.
2378 1438 2699 1510 Eapropter
2752 1437 2913 1493 varia
2965 1437 3084 1494 illis
3121 1439 3303 1494 tradit
3340 1438 3469 1495 vitae.
3500 1440 3660 1496 Chri-

2013 1525 2216 1581 stianae
2266 1527 2636 1593 documenta,
2670 1543 2736 1583 ac
2784 1526 3061 1583 omnibus
3090 1532 3148 1584 et
3176 1544 3281 1585 suo
3308 1534 3365 1585 et
3403 1528 3654 1588 aliorum

2014 1615 2249 1673 nomine
2278 1615 2573 1685 salutatis,
2609 1615 2696 1671 illi
2726 1616 2962 1671 tandem
2996 1632 3171 1687 quem
3220 1618 3280 1673 in
3320 1618 3656 1692 episcopatu

2009 1705 2373 1763 Antiocheno
2431 1721 2835 1762 successorem
2865 1705 3179 1764 habiturus
3210 1713 3353 1778 erat,
3402 1710 3652 1767 salutem

254 1819 377 1876 qua
405 1817 646 1874 magnas
681 1799 890 1855 animai
932 1800 1120 1871 ipsius
1150 1800 1394 1857 virtutes
1426 1808 1756 1873 perspectas
1790 1802 1900 1858 ha-
1934 1816 1979 1883 Β
2012 1797 2171 1852 dicit.

258 1893 405 1961 buit,
440 1888 740 1962 respondit
796 1888 907 1944 sibi
942 1889 1125 1945 fuisse
1182 1889 1601 1960 gratissimam.
1660 1893 1900 1956 Quantis

252 1996 409 2048 vero,
445 1996 576 2051 qusi
616 1977 856 2050 quidem
886 1976 1294 2033 lubentissime
1324 1994 1427 2049 pro
1458 1977 1687 2034 Christo
1719 1979 1900 2051 patie-

254 2072 448 2141 batur,
483 2072 905 2124 tormentorum
937 2066 1249 2139 generibus
1275 2072 1596 2136 vexaretur,
1623 2084 1753 2125 cum
1787 2073 1901 2125 Ma-

252 2162 345 2217 ria
368 2159 653 2231 deinceps
676 2157 1307 2229 significasset,cuncta
1324 2174 1451 2229 qua
1484 2158 1900 2230 postulaverat,

246 2254 550 2323 gratanter
572 2265 634 2304 se
655 2247 991 2320 implevisse
1013 2251 1280 2303 testatur.
1305 2246 1398 2302 Ait
1420 2252 1613 2303 autem
1648 2265 1709 2304 se
1727 2249 1898 2304 etiam

247 2338 513 2411 exempla
543 2337 765 2404 omnia,
797 2352 924 2408 quis
955 2352 1023 2391 ex
1054 2336 1369 2408 Scripturis
1390 2335 1570 2393 sacris
1601 2337 1899 2406 retulerat,

248 2446 356 2485 non
392 2430 525 2485 sine
555 2426 858 2499 voluptate
890 2425 1183 2481 audivisse
1208 2426 1343 2495 ;!nec
1370 2426 1471 2481 illa
1494 2425 1899 2499 ipsa,quorum

251 2524 469 2575 certam
504 2518 580 2573 ab
613 2532 683 2572 ea
722 2516 961 2571 haberet
991 2515 1575 2583 demonstrationem,
1608 2516 1903 2588 putavisse

250 2608 359 2664 sibi
382 2608 445 2663 in
479 2607 695 2662 iisdem
729 2605 1049 2676 Scripturis
1096 2618 1224 2660 esse
1255 2605 1440 2661 oculis
1463 2607 1900 2675 perscrutanda.

247 2697 466 2753 Dehinc
500 2710 868 2768 quaecunque
920 2695 990 2750 de
1033 2711 1121 2761 ea,
1180 2710 1309 2749 cum
1358 2695 1548 2751 Romae
1599 2696 1709 2750 sub
1761 2695 1900 2752 Lino

249 2789 554 2861 pontifice,
610 2786 930 2844 Clementis
989 2794 1371 2856 antecessore,
1423 2793 1902 2855 commoraretur,

251 2879 377 2948 ipse
412 2878 703 2941 audierat,
736 2892 866 2931 vera
895 2892 1061 2944 esse;
1094 2876 1376 2947 illamque
1417 2878 1667 2947 majores
1701 2881 1905 2949 postea

251 2968 316 3021 in
347 2966 686 3021 Christiana
730 2965 1084 3037 perfectione
1115 2966 1321 3020 fecisse
1352 2982 1711 3036 progressus,
1749 2970 1903 3021 certo

259 3072 328 3111 se
362 3054 667 3126 agnovisse
704 3054 981 3110 declarat.
1013 3054 1158 3110 Hinc
1180 3060 1398 3126 quanto
1430 3071 1557 3110 eam
1592 3054 1903 3125 invisendi,

250 3144 371 3199 nisi
390 3143 1300 3211 obstructamilitariscustodia,
1333 3144 1902 3215 nﬂagrabatdeside-

2081 1919 2370 1992 Philippis
2401 1935 2637 1976 rursum
2675 1924 2909 1977 exarata
2931 1925 3019 1976 est
3048 1920 3295 1994 epistola
3325 1926 3552 1996 quarta,
3597 1926 3656 1980 et

2011 2009 2147 2066 data
2176 2010 2248 2065 ad
2272 2014 2557 2065 Heronem
2591 2008 3112 2082 diaconum,quem
3139 2016 3339 2067 auctor
3380 2011 3655 2084 plurimis

2012 2115 2240 2155 morum
2264 2098 2551 2154 institutis
2575 2098 2656 2153 ita
2686 2098 2919 2165 imbuit,
2948 2104 3011 2155 ut
3032 2099 3318 2156 nonnulla
3337 2101 3651 2157 adversum

2010 2193 2264 2260 quatuor
2295 2187 2697 2244 haereticorum
2730 2188 3289 2259 genera,identidem
3314 2190 3654 2246 admisceat.

2009 2277 2265 2333 Subinde
2315 2293 2449 2333 eum
2482 2278 2777 2349 quomodo
2800 2294 2834 2332 a
2864 2293 2925 2333 se
2954 2279 3237 2334 educatus
3267 2279 3457 2347 fuerit,
3492 2295 3559 2336 ac
3590 2297 3654 2337 se

2011 2365 2228 2422 imitari
2277 2369 2562 2437 oporteat,
2615 2367 3118 2436 commonefacit;
3182 2369 3655 2441 praanuntiatque

2012 2456 2203 2527 ipsum
2235 2455 2291 2509 iu
2325 2454 2660 2525 episcopatu
2711 2455 3093 2522 Antiocheno,
3155 2474 3268 2527 quo
3309 2474 3370 2513 se
3410 2459 3652 2530 dignum

2015 2547 2289 2614 praestare
2320 2542 2590 2608 debebat,
2619 2542 2729 2597 sibi
2754 2544 2873 2598 fore
2891 2544 3362 2616 subrogandum.
3397 2546 3653 2602 Posthac

2013 2633 2205 2705 ipsum
2239 2631 2647 2703 episcoporum
2671 2632 2813 2696 Viti,
2844 2636 3036 2689 Damae
3067 2638 3124 2688 et
3155 2633 3374 2703 Polybii
3423 2636 3659 2690 nomine

2012 2724 2252 2788 salutat,
2276 2728 2520 2795 oratque
2538 2726 2603 2779 ut
2632 2724 2757 2779 suis
2777 2725 3035 2780 vicissim
3054 2727 3245 2782 verbis
3276 2728 3654 2799 presbyteris,

2013 2812 2290 2880 diaconis,
2328 2812 2661 2884 populoque
2691 2814 3144 2883 Antiooheno,et
3172 2816 3525 2886 quibusdam
3554 2834 3657 2872 no-

2013 2902 2301 2967 minatim,
2346 2901 2634 2974 praacipue
2664 2918 2797 2956 vero
2823 2902 3017 2957 Mariae
3044 2920 3111 2958 ex
3145 2903 3474 2961 Cassobelis
3506 2922 3659 2960 nun-

2012 2992 2117 3048 tiet
2146 2991 2400 3046 salutem
2436 3009 2451 3058 ;
2486 3007 2552 3044 ac
2586 2991 2820 3045 tandem
2880 2990 3121 3062 longum
3155 2993 3237 3047 illi
3272 2995 3330 3048 in
3389 2992 3663 3051 Ecclesia!

2015 3084 2351 3151 utilitatem,
2384 3098 2619 3138 cursum
2654 3083 2783 3138 vitae
2812 3089 2973 3154 optat
3002 3090 3176 3157 atque
3208 3091 3499 3158 precatur.

250 3236 360 3300 rio,
394 3232 861 3304 aperil.lnterim
891 3248 1024 3288 vero
1050 3238 1114 3287 ut
1144 3188 1367 3304 eos,qui
1399 3188 1615 3289 Cgristi
1639 3235 1904 3289 nativita-
1932 3188 1982 3253 Ο
2031 3209 2379 3304 --Ρτίηθίρίο
2411 3206 2671 3280 ePistolae
2700 3206 2940 3304 υίίίφεν
2975 3226 3106 3282 qum
3137 3212 3228 3304 ad
3251 3212 3656 3304 Philippense“

251 3329 366 3379 tem
388 3329 447 3378 et
466 3322 799 3393 passionem
816 3322 875 3375 in
890 3337 1062 3376 carne
1076 3323 1905 3394 negabant,fugiat,vehemen-

253 3420 336 3469 ter
358 3414 738 3467 adhortatur.
763 3412 911 3466 Tum
936 3412 1172 3466 demum
1198 3412 1290 3476 iis,
1315 3411 1415 3479 qui
1439 3414 1588 3468 sicut
1609 3412 1903 3482 ipsasalu-

248 3502 448 3557 tisanae
463 3498 1428 3572 satagebant,consalutatis,eidem
1442 3501 1906 3573 presbyterorum

251 3606 489 3646 suorum
546 3605 613 3645 ac
644 3590 1048 3655 diaconorum,
1082 3589 1138 3643 in
1191 3590 1397 3659 primis
1429 3595 1624 3646 autem
1662 3594 1904 3649 Heronis

251 3686 304 3736 et
330 3679 625 3746 Cassiani,
656 3680 1034 3751 ejusdemque
1064 3696 1195 3735 cum
1232 3680 1426 3735 uxoris
1478 3688 1595 3735 tum
1645 3680 1901 3737 ﬁliorum

256 3770 493 3825 nomine
521 3769 778 3824 salutem
811 3768 1092 3841 impertit.

321 3859 599 3915 Secunda
629 3857 871 3929 epistola
922 3858 1205 3931 Philippis
1267 3859 1337 3913 ad
1359 3858 1721 3915 Tharsenses
1770 3861 1907 3916 data

248 3954 358 4015 est,
393 3966 514 4020 qua
548 3953 831 4003 auctorse
861 3965 893 4003 a
915 3947 1447 4021 militibus,quibus
1477 3950 1905 4006 AntiochiaRo-

249 4056 408 4094 mam
442 4039 970 4105 ducebatur,variis
1000 4038 1359 4094 cruciatibus
1388 4040 1665 4110 torqueri,
1698 4042 1798 4095 sed
1832 4040 1901 4095 ad

247 4130 454 4184 omnia
487 4134 770 4185 tormenta
804 4146 903 4200 pro
933 4128 1162 4185 Christo
1196 4130 1536 4200 perferenda
1560 4143 1819 4201 paratum
1846 4147 1906 4187 se

248 4237 376 4275 esse
409 4219 667 4273 nuntiat.
717 4220 827 4274 Eos
857 4220 1068 4275 deinde
1098 4219 1387 4285 obsecrat,
1422 4227 1481 4274 ut
1514 4219 1574 4274 in
1606 4220 1718 4274 fide
1740 4220 1905 4275 Chri-

248 4306 448 4362 stiana
495 4306 649 4361 firmi
681 4312 1073 4378 perseverent,
1135 4311 1309 4378 atque
1341 4307 1413 4361 ab
1443 4306 1516 4362 iis
1566 4306 1902 4375 haeresibns,

248 4414 396 4468 quas
424 4396 525 4452 ille
548 4402 814 4452 recenset
842 4406 895 4452 et
917 4397 1457 4469 impugnat,sedulo
1488 4402 1750 4466 caveant,
1800 4398 1904 4453 ad-

248 4492 476 4541 monet.
511 4488 757 4556 Insuper
780 4492 977 4541 autem
1021 4484 1155 4541 illos
1187 4484 1476 4551 hortatur,
1511 4492 1574 4541 ut
1599 4485 1902 4555 nonnulla,

2013 3300 2231 3356 directa
2254 3305 2364 3365 est,
2389 3303 2586 3353 auctor
2607 3314 2667 3353 se
2700 3300 2986 3369 omnium,
3021 3317 3147 3373 quae
3181 3302 3253 3357 ab
3287 3303 3405 3359 illis
3430 3320 3659 3376 accepe-

2014 3394 2122 3458 rat,
2156 3388 2572 3445 beneticiorum
2606 3403 2921 3444 memorem
2946 3405 3073 3445 esse
3095 3391 3460 3463 testificatur,
3485 3402 3661 3471 atque

2014 3480 2087 3535 ad
2120 3496 2216 3535 eos
2249 3494 2310 3535 se
2343 3478 2492 3533 hanc
2518 3476 2732 3532 idcirco
2763 3492 3035 3533 exarasse
3065 3479 3397 3550 epistolam,
3435 3490 3498 3540 ut
3520 3488 3663 3558 quid

2014 3570 2166 3627 circa
2208 3566 2514 3622 Trinitatis
2555 3573 2727 3638 atque
2776 3568 3201 3625 Incarnationis
3256 3575 3535 3644 mysteria
3586 3577 3659 3632 ab

2013 3658 2290 3716 omnibus
2321 3660 2476 3711 esset
2524 3656 2902 3721 credendum,
2953 3656 3143 3727 palam
3184 3658 3411 3715 faceret.
3452 3664 3662 3723 Probat

2013 3750 2209 3819 itaque
2240 3751 2357 3801 tres
2400 3746 2453 3799 in
2488 3745 2768 3800 Trinitate
2817 3760 2946 3800 esse
2978 3762 3279 3816 personas,
3312 3749 3490 3805 unius
3522 3753 3658 3822 qui-

2014 3839 2147 3893 dem
2181 3833 2458 3902 nominis,
2490 3834 2872 3905 ejusdemque
2922 3833 3180 3902 honoris,
3215 3837 3313 3891 sed
3350 3855 3381 3893 a
3411 3854 3471 3893 se
3504 3839 3659 3894 invi-

2015 3942 2138 3982 cem
2164 3924 2513 3989 distinctas;
2565 3922 2861 3977 Christum
2902 3939 3034 3978 vero
3067 3940 3296 3980 carnem
3332 3925 3657 3985 humanam

2012 4042 2146 4083 vere
2172 4020 2587 4094 assumpsisse,
2619 4036 2870 4093 eumque
2900 4037 3051 4089 vere,
3085 4038 3197 4078 non
3232 4023 3363 4080 ficte
3391 4030 3447 4080 et
3476 4026 3659 4083 simu-

2014 4116 2125 4171 late
2158 4117 2482 4179 mortuum,
2532 4115 2590 4166 et
2649 4127 2682 4165 a
2714 4110 2959 4168 mortuis
3017 4111 3390 4173 suscitatum.
3448 4116 3661 4173 Subdit

2015 4203 2311 4260 diabolum
2362 4201 2611 4272 lapidem
2647 4216 2879 4257 omnem
2916 4202 3193 4272 movisse,
3227 4209 3290 4260 ut
3319 4205 3554 4263 Judaaos
3585 4207 3659 4263 ad

2015 4294 2307 4350 Christum
2370 4291 2831 4363 crucifigeodum
2856 4291 3177 4363 impelleret
3210 4314 3223 4362 ;
3259 4296 3360 4351 sed
3389 4313 3521 4352 cum
3553 4297 3662 4354 hac

2018 4383 2205 4453 ipsius
2238 4385 2420 4438 morte
2448 4386 2667 4438 certam
2698 4380 3010 4451 perniciem
3035 4383 3399 4457 exitiumque
3428 4386 3543 4441 sibi
3571 4387 3663 4443 in-

2019 4472 2153 4528 ferri
2188 4472 2494 4537 sensisset,
2553 4476 2693 4526 tunc
2722 4469 2885 4525 illum
2920 4471 3057 4527 totis
3087 4472 3331 4539 viribus,
3383 4474 3663 4545 omnique

245 4593 381 4648 quae
413 4580 603 4640 notat,
635 4576 773 4630 vitia
802 4575 1036 4648 fugiant
1069 4599 1084 4641 ;
1146 4591 1211 4630 ac
1243 4574 1605 4630 continenter
1633 4576 1911 4632 omnibus

2018 4568 2227 4619 conatu
2283 4560 2500 4617 frustra
2547 4559 2681 4616 huic
2715 4560 2887 4615 morti
2928 4560 3248 4617 obstitisse.
3298 4563 3663 4635 Quapropter

245 4665 573 4737 cujuslibet
604 4665 956 4721 conditionis
988 4664 1326 4722 hominibus
1375 4665 1537 4721 varia
1566 4666 1741 4722 tradit
1778 4667 1905 4723 vita

243 4772 606 4826 morumque
630 4760 938 4827 praecepta.
972 4755 1231 4811 Tandem
1257 4762 1319 4811 ut
1350 4755 1535 4811 Deum
1567 4771 1670 4827 pro
1700 4773 1763 4812 se
1779 4772 1907 4813 exo-

241 4850 579 4919 rent,rogat
599 4864 615 4916 ;
632 4848 896 4918 ipsisque
915 4850 1224 4917 postquam
1249 4845 1562 4901 Ecclesiam
1587 4862 1753 4901 suam
1787 4851 1907 4903 An-

242 4937 583 4995 tiochenam
607 4935 1099 5003 commendasset,
1119 4935 1296 4990 variis
1319 4935 1771 4991 salutationibus
1800 4937 1905 4992 ab-

243 5026 427 5084 solvit
457 5025 792 5097 epistolam.

322 5116 520 5170 Tertia
554 5118 624 5168 ad
660 5114 1052 5169 Antiochenos
1082 5113 1325 5178 directa,
1357 5112 1633 5183 Philippis
1672 5131 1908 5187 quoque

242 5204 472 5276 scripta
502 5208 611 5259 est.
647 5203 709 5257 ln
729 5218 797 5258 ea
827 5210 1048 5269 auctor,
1077 5219 1146 5258 ex
1177 5219 1293 5275 quo
1327 5219 1527 5274 pacem
1560 5204 1677 5260 illis
1709 5205 1905 5261 reddi-

242 5300 371 5348 tam
403 5291 863 5362 accepisset,sua
894 5292 1007 5345 sibi
1039 5290 1273 5348 vincula
1301 5290 1451 5346 levia
1481 5295 1539 5345 et
1569 5299 1798 5363 portatu
1824 5295 1907 5350 fa-

243 5380 383 5438 cilia
408 5397 540 5436 esse
571 5380 1044 5451 profitetur.ll|os
1068 5386 1261 5436 autem
1294 5382 1579 5450 obsecrat,
1611 5398 1684 5437 ne
1730 5384 1908 5442 variis

241 5469 586 5545 gentilium,
623 5469 724 5541 qui
785 5471 985 5542 plures
1015 5470 1154 5527 deos
1186 5470 1509 5526 adorabant
1537 5487 1553 5539 ;
1586 5488 1774 5545 neque
1801 5474 1906 5531 Ju-

246 5560 536 5625 dcorum,
574 5558 675 5631 qui
707 5575 893 5616 unum
922 5563 1147 5616 tantum
1170 5575 1299 5616 esse
1319 5559 1647 5629 credentes,
1681 5562 1903 5621 divini-

250 5656 431 5706 talem
464 5647 686 5707 Christi
721 5648 1039 5721 negabant,
1062 5647 1365 5721 patiantur
1393 5664 1455 5704 se
1483 5651 1783 5709 erroribus
1811 5654 1906 5710 de-

2017 4652 2313 4708 diabolum
2336 4650 2511 4722 longa
2539 4649 2888 4721 apostrophe
2916 4649 3255 4720 alloquitur,
3288 4652 3663 4722 ostenditque

2014 4744 2207 4801 varios
2238 4742 2309 4798 ab
2341 4756 2407 4797 eo
2435 4740 2506 4795 de
2564 4738 2779 4795 Christi
2809 4738 3111 4796 divinitate
3152 4744 3208 4796 et
3238 4741 3662 4824 incarnatione,

2015 4856 2214 4900 secum
2248 4839 2495 4894 invicem
2538 4845 2883 4909 pugnanles,
2927 4838 3098 4893 malis
3157 4839 3380 4895 artibus
3438 4856 3661 4897 errores

2017 4928 2422 4988 disseminatos
2452 4942 2465 4992 ;
2497 4927 2597 4982 sed
2618 4924 2703 4981 illi
2736 4925 2925 4998 plura,
2962 4944 3088 5000 qum
3122 4933 3399 4994 recenset,
3434 4930 3503 4985 de
3535 4930 3661 5001 ipso

2018 5017 2448 5077 Incarnationis
2493 5015 2773 5089 mysterio
2806 5016 2985 5073 fuisse
3017 5017 3375 5088 incomperta
3419 5019 3667 5073 demon-

2015 5112 2331 5166 strat.Post
2361 5105 2513 5162 hanc
2542 5110 2738 5162 autem
2773 5106 2988 5162 diaboli
3032 5106 3517 5179 apostrophen,in
3546 5122 3664 5178 qua

2017 5201 2144 5255 fuse
2174 5199 2245 5254 de
2280 5196 2470 5253 tribus
2501 5195 2717 5251 Christi
2744 5195 2801 5250 in
2837 5194 3066 5253 deserto
3098 5197 3520 5253 tentationibus
3541 5195 3665 5251 dis-

2019 5288 2182 5353 serit,
2206 5284 2491 5342 nonnulla
2521 5285 2593 5342 de
2623 5284 2903 5341 festorum
2937 5284 3160 5351 diebus,
3188 5284 3666 5358 Quadragesima,

2016 5386 2318 5452 Paschate,
2351 5400 2417 5439 ac
2450 5385 2523 5439 de
2584 5387 2741 5439 recta
2767 5384 2992 5440 vivendi
3024 5384 3247 5440 ratione
3286 5383 3500 5441 ibidem
3532 5383 3673 5440 sub-

2018 5473 2441 5531 nectit.Dehinc
2471 5471 2891 5529 Antiochenam
2925 5473 3243 5529 Ecclesiam
3272 5472 3670 5546 Philippensi-

2019 5565 2125 5621 bus
2170 5561 2563 5631 commendat,
2606 5560 2901 5633 variisque
2945 5562 3399 5620 salutationibus
3422 5563 3665 5635 additis,

2016 5655 2168 5710 hanc
2199 5649 2507 5725 epistolam
2536 5649 2691 5707 circa
2720 5650 3030 5725 Rhegium,
3060 5668 3192 5711 cum
3216 5653 3342 5725 jam
3374 5653 3504 5711 navi
3526 5654 3664 5711 sub-
