4026 6206
308 393 424 455 551

1391 356 1458 434 s‘.
1504 365 1910 433 IGNATIUS.
1954 394 2033 407 —
2073 360 2680 424 PROLEGOMENA.

3613 365 3744 425 552

305 526 605 587 vehendus
649 527 820 588 esset,
854 534 916 574 se
965 512 1198 570 dedisse
1256 505 1631 565 testiﬁcatur.
1692 499 1957 572 Denique
1985 496 2038 567 Α
2070 500 2240 568 ret,et
2264 514 2399 555 cum
2431 498 2554 570 ipse
2575 500 2730 555 esset
2752 496 2862 554 sub
2889 517 2918 549 κ
2942 495 3733 568 militarioustodia,»idest,

318 637 451 677 cum
484 617 733 674 salutem
785 606 1065 680 corporis,
1102 602 1309 658 animae
1340 602 1395 655 et
1449 594 1696 670 spiritus
1753 592 1963 649 iisdem

325 702 798 779 Pbilippensibus
828 698 1107 769 optasset,
1129 689 1433 764 epistolam
1459 687 1749 759 obsignat.

966 835 1198 895 CAPUT
1226 834 1322 891 ΙΙΙ.

318 989 623 1035 PROBATUR
656 985 763 1029 HAS
795 983 977 1027 OMNES
1019 977 1317 1022 EPISTOLAS
1342 973 1543 1017 FALSAS
1573 972 1703 1013 ESSE
1729 970 1795 1011 ΕΤ
1824 970 1964 1011 SUB-

1017 1050 1274 1095 DITITIAS.

322 1176 417 1246 §I.
460 1171 736 1230 Probatur
791 1169 902 1246 hos
943 1179 1127 1246 omnes
1156 1158 1485 1246 .generatim
1541 1153 1799 1227 epistolas
1855 1165 1967 1207 esse

817 1239 990 1312 falsas
1019 1240 1071 1293 et
1101 1233 1467 1290 adulterinas.

394 1373 508 1429 Has
528 1384 734 1426 omnes
762 1363 1041 1437 epistolas
1067 1356 1407 1417 subdititiae
1436 1369 1586 1419 esse,
1621 1350 1968 1425 lgnatioque

323 1466 521 1520 nostro
536 1472 837 1532 perperam
858 1452 1162 1524 ascriptas,
1185 1446 1363 1504 variis
1385 1445 1679 1502 rationum
1697 1456 1967 1532 momen-

323 1555 554 1627 tis,qure
586 1530 685 1609 eas
707 1545 1028 1606 universim
1075 1538 1536 1613 singulatimque
1565 1536 1850 1627 spectant,
1884 1530 1968 1586 fa-

325 1626 844 1707 cileiconvincitur.
905 1636 1097 1691 Primo
1127 1632 1285 1689 enim
1318 1627 1627 1695 Eusebius,
1686 1626 1968 1695 Hierony-

323 1751 475 1799 mus,
509 1731 723 1801 aliique
753 1727 1069 1798 scriptores
1126 1716 1513 1779 eruditissimi
1567 1720 1966 1773 eas‘tantum-

606 1820 616 1830 ,
1015 1812 1027 1825 .
1183 1809 1239 1822 ..
1329 1809 1339 1820 .
1674 1805 1707 1815 ..
1945 1832 1964 1845 ,
2081 1805 2347 1822 ..υυυυυη
2373 1805 2625 1822 “etwa...
2663 1805 2885 1821 mw...
2917 1806 2932 1822 .
2963 1805 2989 1817 -
3049 1805 3264 1821 ναμε..
3293 1805 3440 1821 μυ...
3484 1805 3655 1832 .......,
3688 1805 3722 1817 η

326 1817 827 1934 ξὲοάὲἒὲῗὶἳῖῗν
847 1829 1072 1934 ait}:
1105 1808 1459 1934 521323.333?
1490 1805 1966 1934 Ἶῗθὲξῖἓξρῖῗξρ
1995 1843 2047 1934 θ’
2076 1862 2133 1914 ει
2160 1856 2333 1930 paulo
2365 1860 2496 1928 ροει
2517 1855 2859 1911 Αοιίοοιιοηί
2900 1858 3135 1911 Petrum
3169 1858 3227 1911 ει
3258 1854 3498 1911 Paulum
3532 1857 3733 1929 magi-

323 1913 395 1970 sii
445 1892 815 1974 exhibentur,
847 1904 1073 1977 Ignatio
1105 1897 1469 1971 adjudicant.
1514 1894 1649 1951 Atei
1682 1911 1808 1966 qure
1840 1892 1966 1949 aliae

325 2003 397 2059 ab
426 2016 491 2056 eo
535 2001 730 2055 essent
759 1994 1008 2066 scriptae,
1056 1993 1353 2047 tantorum
1403 1986 1663 2059 proiecto
1710 1984 1965 2040 virorum

324 2106 524 2149 curam
579 2090 636 2144 et
668 2083 1053 2157 diligentiam,
1094 2092 1497 2150 summunque
1522 2075 1583 2131 in
1613 2073 1967 2146 investigan-

324 2183 416 2239 dis
449 2179 710 2253 priorum
730 2173 1002 2231 Ecclesia:
1020 2175 1257 2226 Patrum
1281 2165 1790 2224 lucubrationibus
1811 2162 1969 2220 labo-

322 2287 445 2329 rem
477 2286 595 2327 non
628 2265 1047 2339 fugissent,nec
1069 2267 1184 2316 tam
1218 2256 1332 2315 alto
1354 2255 1585 2313 silentio
1617 2255 1689 2310 ab
1721 2254 1805 2310 eis
1828 2253 1968 2308 tuis-

320 2366 451 2420 sent
475 2356 898 2433 pratermiesa.

390 2456 694 2521 Praeterea,
743 2447 799 2502 id
836 2458 1069 2517 quoque
1102 2439 1308 2513 prohat
1361 2438 1514 2493 idem
1544 2434 1811 2492 omnium
1862 2433 1966 2489 ha-

320 2559 519 2598 rumce
549 2537 929 2612 epistolarum
967 2530 1178 2604 stylus,
1212 2529 1283 2584 ab
1316 2526 1639 2600 Ignatiano,
1660 2540 1835 2597 quem
1864 2540 1965 2579 au-

321 2639 446 2692 ctor
476 2633 691 2686 frustra
719 2624 940 2682 imitari
974 2626 1217 2677 conatus
1237 2624 1349 2688 est,
1381 2616 1620 2673 omnino
1645 2614 1892 2672 alienus.

391 2722 653 2792 Denique
686 2716 935 2773 maxima
956 2717 1046 2769 est
1075 2712 1181 2767 has
1213 2708 1364 2765 inter
1393 2705 1668 2779 epistolas
1700 2703 1967 2775 cognatio

323 2824 381 2876 et
410 2810 711 2873 connexio.
747 2809 893 2866 Nam
940 2803 1214 2871 secunda,
1246 2801 1417 2857 tertia
1447 2806 1504 2855 et
1534 2803 1744 2872 quarta
1772 2814 1838 2853 ex
1869 2813 1966 2852 ea~

325 2911 456 2965 dem
493 2896 853 2973 Philippensi
886 2896 1029 2952 urbe
1059 2895 1209 2949 datae
1240 2891 1532 2963 leguntur,
1564 2892 1622 2944 et
1652 2888 1709 2942 in
1761 2890 1969 2959 quarta

327 2996 511 3055 Maria
540 3010 607 3049 ex
651 2985 999 3056 Cassobelis,
1031 2984 1103 3039 ad
1137 2997 1309 3053 quam
1342 2978 1525 3049 prima
1547 2976 1791 3050 epistola
1821 2977 1967 3032 scri-

324 3094 423 3161 pta
456 3090 562 3150 est,
622 3077 972 3139 nominatim
1027 3072 1331 3130 salutatur.
1368 3070 1427 3125 Si
1460 3084 1595 3161 ergo
1614 3085 1745 3161 _una
1774 3082 1843 3122 ex
1874 3066 1966 3161 his

321 3154 609 3249 epistolis,
636 3171 719 3226 sic
751 3168 862 3223 sibi
890 3164 1133 3220 invicem
1166 3161 1462 3225 connexis,
1494 3155 1824 3213 adulterina
1848 3154 1963 3249 sit,

317 3270 375 3322 et
406 3263 551 3321 alias
572 3273 804 3333 quoque
817 3270 1021 3312 omnes
1052 3249 1410 3308 adulterinas
1434 3261 1561 3303 esse
1583 3261 1727 3317 Opor

317 3356 516 3427 itaque
566 3367 679 3406 non
712 3363 885 3403 unam
916 3348 1171 3412 tantum,
1204 3340 1300 3395 sed
1336 3353 1537 3392 omnes
1577 3333 1959 3403 adulterinas,

318 3425 496 3500 falsas
546 3446 596 3495 et
645 3435 981 3508 suppositas
1037 3446 1164 3486 esse
1204 3425 1544 3499 singulatim
1596 3425 1960 3497 probandum

318 3537 426 3589 est.

310 3668 339 3736 §
367 3667 436 3721 Il.
469 3661 746 3737 Epistolas
768 3656 1004 3737 Δξάνῳοέςξιις
1049 3670 1118 3737 ea:
1150 3654 1450 3710 Cassobelis
1479 3650 1881 3737 adhlgnatium
1910 3659 1960 3709 et

596 3732 803 3803 19ηαίἰὶ
830 3728 899 3785 ad
928 3729 1169 3785 Mariam
1200 3742 1318 3782 esse
1347 3728 1673 3798 suppositas.

382 3860 642 3917 Primum
675 3854 983 3927 epistolam
1019 3852 1214 3909 Maria
1247 3868 1312 3907 ex
1344 3851 1669 3909 Cassobelis
1693 3852 1763 3907 ad
1799 3853 1962 3925 Igna-

309 3952 543 4019 tium,et
575 3945 787 4020 Ignatii
820 3946 889 4001 ad
921 3944 1164 4001 Mariam
1198 3942 1635 4016 responsionem
1670 3944 1958 4001 adulteri-

311 4056 416 4099 nas
442 4052 570 4094 esse
593 4036 730 4092 inde
756 4035 1228 4102 demonstratur;
1255 4032 1413 4105 quod
1437 4032 1617 4089 Maria
1647 4047 1777 4104 qua
1797 4038 1963 4106 Igna-

309 4131 458 4189 tium
486 4126 754 4183 omnium
777 4124 1242 4182 Christianorum
1268 4122 1505 4179 nomine
1523 4123 1760 4187 salutat,
1791 4124 1862 4181 ab
1890 4140 1958 4189 eo

310 4227 507 4278 tamen
542 4222 604 4273 nt
634 4214 837 4272 Marim
868 4220 925 4269 et
944 4210 1957 4284 Eulogium,licetjuvenes,alterum

308 4326 427 4368 suae
448 4304 767 4378 Neapoleos
790 4302 1152 4374 episcopum,
1178 4301 1427 4356 alterum
1460 4302 1862 4375 presbyterum
1886 4307 1958 4363 ad

310 4417 430 4457 suis
460 4398 656 4454 mittat
685 4391 957 4452 Ecclesiae
986 4391 1585 4460 administrationem,
1614 4394 1959 4452 sua'eolaao

310 4488 541 4563 privata
567 4480 909 4541 auctoritate
938 4477 1196 4549 postulat
1228 4497 1242 4547 ;
1277 4478 1453 4550 idque
1479 4478 1736 4552 Ignatius
1766 4480 1849 4537 illi
1870 4485 1956 4540 ul-

2079 605 2212 645 cum
2232 589 2302 645 ad
2336 591 2678 663 martyrium
2712 590 3041 646 duceretur.
3075 590 3141 644 At
3169 604 3341 646 nemo
3372 594 3461 645 est
3485 589 3588 662 qui
3620 607 3729 647 ne-

2076 682 2221 738 sciat
2252 681 2537 753 Ignatium
2570 680 2745 752 longo
2778 686 2909 753 post
2938 678 3254 737 Clementis
3312 680 3731 752 pontificatum

2075 775 2336 845 tempore
2366 770 2641 843 martyrio
2675 770 2861 827 fuisse
2891 778 3259 828 coronatum.

2180 864 2208 932 §
2237 861 2337 918 ΙΙΙ.
2368 860 2527 917 Alias
2556 877 2768 934 quoque
2796 859 3063 933 epistolas
3093 877 3208 917 esse
3238 861 3610 921 adulterinas.

2147 950 2409 1025 Epistola
2439 951 2698 1009 secunda
2715 967 2881 1008 suam
2913 967 3144 1024 quoque
3175 951 3486 1008 falsitatem
3519 957 3730 1025 aperte

2075 1043 2268 1118 prodit
2299 1064 2314 1114 ;
2348 1044 2407 1100 in
2463 1060 2532 1101 ea
2561 1046 2853 1119 siquidem
2911 1047 3110 1102 auctor
3139 1043 3407 1100 heresim
3462 1044 3731 1112 Sabellii,

2077 1152 2203 1208 quas
2235 1135 2440 1206 Ignatii
2472 1140 2736 1209 tempore
2792 1136 3053 1192 nondum
3083 1135 3272 1192 fuerat
3309 1134 3727 1205 disseminata,

2078 1242 2194 1283 non
2223 1226 2470 1282 obscure
2482 1224 2831 1282 confutavit.

2148 1316 2368 1372 Deinde
2420 1314 2639 1372 Paulus
2681 1315 2786 1371 hoc
2836 1313 2959 1370 solo
2991 1313 3249 1385 nomine,
3278 1313 3581 1387 Apostolus,
3636 1315 3726 1370 ibi

2076 1405 2371 1465 laudatur.
2424 1406 2595 1477 Atqui
2638 1422 2769 1462 cum
2807 1405 3010 1478 [gnatii
3041 1409 3301 1476 tempore
3331 1421 3396 1461 eo
3425 1422 3526 1478 per
3554 1411 3727 1461 anto-

2078 1495 2403 1551 nomasiam
2437 1494 2783 1567 cognomine
2815 1494 2996 1551 fuisse
3025 1493 3405 1566 appellatum,
3438 1510 3569 1551 vero
3604 1506 3726 1550 non

2074 1586 2304 1641 videtur
2334 1585 2547 1643 simile.

2150 1675 2395 1732 Falsitas
2428 1675 2604 1732 tertia
2637 1673 2898 1747 epistolae
2955 1675 3090 1731 inde
3119 1674 3403 1746 arguitur,
3426 1675 3585 1747 quod
3615 1677 3737 1731 An-

2077 1764 2347 1822 tiochena
2371 1765 2625 1822 Ecclesia
2653 1767 2932 1822 vocetur:
2963 1784 2989 1817 ι
3047 1764 3264 1821 Christi
3292 1781 3440 1821 nova
3484 1766 3655 1832 oliva,
3688 1787 3724 1817 »

2075 1950 2250 2014 atros,
2284 1944 2563 2001 Evodium
2585 1961 2716 2001 vero
2748 1943 3085 2015 episcopum
3111 1943 3391 2000 habuisse
3419 1945 3724 2001 dicuntur.

2073 2037 2182 2093 Sed
2238 2036 2469 2093 Petrum
2529 2050 2684 2090 anno
2716 2033 2927 2089 Christi
2958 2034 3028 2089 39
3082 2033 3441 2091 Antiochiam
3467 2035 3725 2101 venisse,

2078 2128 2273 2198 ibique
2330 2125 2645 2184 Ecclesiam
2682 2125 2982 2192 fundasse,
3039 2128 3215 2197 atque
3253 2124 3394 2181 illuc
3443 2124 3727 2195 Paulum,

2076 2218 2291 2276 comite
2321 2216 2982 2287 Barnaba,adventasse,
3015 2215 3252 2286 scriptis
3284 2214 3565 2272 traditum
3610 2222 3729 2277 est.

2077 2312 2201 2377 Quo
2232 2326 2368 2382 ergo
2428 2312 2597 2383 pacto
2627 2307 2748 2364 haec
2787 2308 2992 2363 eadem
3025 2307 3283 2364 Ecclesia
3311 2309 3467 2365 circa
3497 2326 3728 2367 annum

2083 2404 2322 2476 108,quo
2355 2400 2617 2473 Ignatius
2650 2401 2721 2456 ad
2757 2399 3103 2470 martyrium
3139 2403 3509 2474 properabat,
3538 2405 3734 2475 potuit

2075 2516 2103 2544 «
2138 2491 2355 2549 Christi
2379 2508 2525 2547 nova
2551 2489 2701 2546 oliva
2731 2518 2756 2545 ι
2790 2489 3119 2562 appellari?

2148 2584 2425 2639 Praeterea
2483 2585 2686 2637 auctor
2751 2579 2968 2637 ibidem
3027 2578 3245 2636 salutat
3302 2581 3729 2649 subdiaconos,

2078 2674 2344 2743 lectores,
2376 2676 2663 2739 cantores,
2688 2669 2983 2737 ostiarios,
3016 2670 3727 2743 laborantes,exorcietas,

2077 2764 2349 2820 custodes
2380 2765 2717 2817 sanctarum
2748 2763 3070 2832 portarum,
3092 2764 3203 2817 etc.
3239 2762 3412 2833 Atqui
3436 2764 3602 2833 juxta
3624 2765 3737 2819 do-

2076 2852 2473 2910 ctissimorum
2505 2851 2840 2907 criticorum
2870 2851 3221 2907 sententiam
3252 2850 3313 2908 hi
3333 2852 3582 2918 ordines,
3615 2870 3725 2910 eo-

2076 2960 2324 3016 rumque
2376 2942 2614 2999 nomina
2644 2941 2832 3013 primo
2875 2940 3144 2998 Ecclesiae
3176 2942 3388 2999 saeculo
3422 2944 3728 3015 incognita

2076 3035 2331 3090 fuerunt.
2366 3032 2643 3100 Quamvis
2667 3035 2859 3088 autem
2890 3032 3156 3104 quidam,
3181 3033 3355 3089 variis
3384 3034 3728 3092 Laodiceam

2074 3124 2302 3196 synodi,
2364 3122 2691 3194 Epiphanii,
2728 3121 3343 3195 Constitutionumque
3373 3125 3731 3196 apostolica-

1733 3211 1964 3299 ιθωθηί
2000 3239 2041 3308 C
2082 3230 2211 3308 rum
2252 3212 2625 3308 testimoniis,
2678 3211 2986 3308 diligenter
3029 3212 3381 3308 ponderatis,
3414 3214 3729 3285 originem,

2080 3300 2434 3374 initiumque
2466 3301 2676 3357 horum
2709 3301 3003 3368 ordinum,
3062 3301 3209 3357 nulli
3242 3302 3521 3359 hactenus
3560 3321 3733 3361 com-

2074 3399 2241 3467 perta
2272 3393 2454 3449 fuisse
2484 3396 2756 3448 asserant
2778 3411 2793 3462 ;
2812 3391 2954 3449 illud
2979 3397 3173 3450 tamen
3205 3399 3427 3450 certum
3442 3398 3732 3468 estquod,

2069 3482 2332 3555 siignatii
2376 3487 2643 3555 tempore
2676 3482 2919 3555 quidam
2976 3481 3050 3539 iis
3105 3484 3413 3540 ordinibus
3472 3484 3739 3542 fuissent

2070 3573 2305 3640 initiati,
2341 3572 2443 3629 ille
2473 3573 2534 3628 in
2564 3572 2717 3629 veris
2737 3572 2859 3628 suis
2888 3571 3151 3644 epistolis
3169 3572 3430 3646 aliquam
3463 3574 3734 3645 illorum,

2072 3665 2245 3723 sicuti
2267 3664 2561 3739 virginum
2587 3669 2647 3719 et
2667 3663 3000 3734 viduarum,
3022 3665 3257 3721 fecisset
3278 3665 3657 3723 mentionem.

2140 3755 2303 3823 Quod
2334 3755 2391 3810 in
2427 3757 2635 3826 quarta
2665 3752 2917 3826 epistola
2948 3753 3167 3826 legitur
3205 3754 3574 3827 Onesimum,
3608 3756 3730 3813 Da-

2072 3861 2231 3903 mam
2263 3852 2318 3900 et
2337 3843 2644 3916 Polybium
2668 3842 2739 3898 ad
2762 3843 3052 3911 Ignatium
3086 3843 3458 3900 invisendum
3491 3845 3551 3901 in
3588 3846 3734 3902 Phi-

2068 3935 2404 4009 lippensem
2455 3934 2661 3990 urbem
2696 3947 2758 3988 se
2791 3931 3133 4003 contulisse,
3158 3932 3216 3988 id
3249 3933 3561 3992 falsitatem
3594 3938 3734 4007 ejus

2072 4024 2380 4081 manifeste
2404 4021 2771 4079 declarat.Ex
2800 4020 3072 4093 genuinis
3095 4022 3251 4078 enim
3278 4024 3488 4096 Ignatii
3508 4026 3736 4097 episto-

2082 4116 2133 4171 is
2163 4119 2282 4170 tres
2315 4112 2447 4169 illos
2505 4111 2816 4183 episcopos
2845 4112 2918 4167 ad
2984 4112 3279 4186 Ignatium
3323 4112 3717 4172 salutandum

2068 4205 2381 4278 Smyrnam
2412 4203 2638 4259 venisse
2663 4200 2969 4260 discimus.
3003 4205 3071 4259 At
3098 4204 3333 4260 eosdem
3357 4207 3733 4277 persecutio-

2069 4310 2211 4349 num
2243 4298 2501 4364 tempore
2530 4290 2797 4348 eamdem
2832 4306 3038 4348 rursus
3069 4293 3142 4347 de
3181 4308 3361 4348 causa
3388 4293 3462 4349 ad
3516 4294 3730 4352 urbem

2068 4383 2506 4455 Philippensem
2555 4381 2927 4451 adventasse,
2960 4380 3130 4453 nulli,
3163 4387 3225 4439 ut
3283 4387 3586 4456 putamus,
3621 4386 3728 4442 fiet

2067 4472 2365 4531 credibile.

306 4562 399 4637 tro
426 4575 711 4636 concedit.
740 4568 902 4637 Quod
935 4583 1076 4624 sane
1098 4572 1384 4640 quantum
1407 4568 1540 4625 usui
1572 4568 1956 4646 moribusque
1989 4589 2055 4655 Ι),
2139 4565 2420 4622 Praeterea
2449 4562 2687 4634 quidam
2731 4564 3186 4621 Manichaorum
3211 4579 3459 4634 errores,
3500 4581 3723 4639 nempe

313 4669 548 4726 illorum
581 4669 910 4733 temporum
935 4657 1297 4715 contrarium
1326 4659 1422 4731 sit,
1445 4674 1618 4717 nemo
1645 4677 1759 4720 non
1780 4664 1958 4729 videt.

384 4747 859 4818 Secundo,Maria
879 4747 1217 4819 utignatius
1248 4747 1558 4821 postulatis
1590 4751 1716 4810 suis
1734 4771 1959 4814 annue-

309 4848 417 4911 ret,
458 4839 620 4897 varia
674 4838 894 4911 profert
943 4837 1255 4910 Scriptura
1314 4854 1493 4896 sacra:
1548 4844 1837 4915 exempla,
1885 4846 1958 4902 de

309 4946 558 5008 quorum
589 4926 831 4985 veritate
880 4941 949 4982 ex
978 4925 1106 4984 sola
1135 4928 1266 4999 ejus
1296 4927 1599 5001 relatione,
1632 4946 1737 4988 nec
1766 4934 1952 5004 perleo

308 5027 417 5087 ctis
449 5019 762 5093 Scriptura
788 5017 1042 5092 paginis,
1097 5036 1402 5093 nunquam
1431 5019 1527 5076 ille
1558 5037 1622 5077 ee
1649 5023 1956 5081 dubitasse

308 5123 581 5178 testatur.
604 5110 962 5183 Quisautem
990 5111 1191 5168 credat
1220 5110 1511 5182 lgnatium
1542 5113 1810 5186 exempla
1828 5114 1949 5181 illa,

310 5227 440 5285 qum
468 5206 669 5265 nullus
710 5201 770 5257 in
819 5199 1138 5271 Scripturis
1169 5216 1285 5258 non
1318 5200 1558 5256 omnino
1608 5203 1956 5275 peregrinus

308 5302 563 5374 ignorat,
591 5293 680 5351 vel
728 5289 1012 5359 nescisse,
1043 5289 1130 5346 vel
1159 5289 1443 5346 memoria
1470 5305 1586 5346 non
1616 5291 1951 5362 retinuisse,

310 5395 484 5464 atque
508 5387 676 5444 illum
727 5385 892 5439 tanta
920 5380 1299 5454 simplicitate
1328 5395 1562 5438 omnem
1595 5380 1826 5439 mulieri
1858 5399 1949 5439 as-

311 5479 526 5540 serenti
551 5473 835 5533 tribuisse
867 5472 1064 5531 fidem.

376 5569 589 5637 Tertio,
644 5567 865 5623 Auctor
909 5564 1168 5623 afﬁrmat
1195 5572 1275 5622 sev
1302 5562 1454 5622 hanc
1482 5563 1944 5639 scﬁpsisseepi-

306 5659 540 5731 stolam,
574 5672 709 5716 cum
738 5654 1536 5714 Clemens-Romanam-Petri
1552 5656 1759 5712 sedem
1788 5659 1944 5713 tene-

382 5763 425 5800 “
456 5759 630 5839 Epist.
663 5753 999 5813 adAnu'och.

2071 4669 2324 4720 carnem,
2356 4653 2577 4721 vinum,
2639 4653 2893 4711 feminas
2923 4653 3298 4711 detestabiles
3328 4663 3384 4712 et
3412 4671 3728 4712 exsecran-

2066 4748 2173 4802 das
2206 4764 2221 4813 ς
2255 4744 2622 4799 damnandos
2653 4745 2892 4817 nuptias
2929 4762 2944 4813 ;
2978 4744 3165 4819 legem
3189 4750 3247 4803 et
3285 4745 3625 4819 prophetas,
3658 4747 3723 4803 id

2064 4839 2153 4891 est
2188 4837 2368 4889 Vetus
2415 4833 2853 4890 Testamentum
2884 4849 3015 4891 esse
3042 4834 3448 4905 rejiciendum,
3489 4835 3569 4891 ibi
3594 4852 3735 4893 sxa.

2065 4924 2324 5001 gitantur
2343 4926 2401 4979 et
2421 4922 2767 4980 refutantur.
2788 4922 2913 4979 Huc
2936 4923 3161 4981 accedit
3188 4925 3344 4996 quod
3380 4934 3583 4981 auctor
3599 4925 3732 4981 Ma-

2066 5016 2212 5073 riam
2245 5030 2312 5070 ex
2336 5012 2687 5079 Cassobelis,
2720 5029 2847 5085 quae
2876 5014 2949 5071 ad
3004 5014 3319 5086 Ignatium,
3350 5018 3409 5070 et
3435 5015 3510 5071 ad
3539 5031 3728 5087 quam

2066 5104 2328 5181 Ignatius
2386 5101 2693 5176 epistolam
2759 5103 3073 5176 scripsisse
3116 5104 3324 5171 fertur,
3376 5103 3559 5176 jubet
3595 5108 3729 5162 suis

2062 5197 2256 5254 verbis
2286 5192 2550 5251 salutari.
2583 5193 2655 5249 At
2684 5194 2993 5265 utramque
3024 5193 3176 5251 hanc
3214 5193 3521 5266 epistolam
3546 5195 3729 5252 adul-

2066 5287 2315 5344 terinam
2346 5299 2475 5340 esse
2496 5282 2619 5355 jam
2653 5282 3217 5340 demonstravimus.

2138 5374 2344 5433 Ultima
2365 5388 2601 5445 quoque
2616 5371 2869 5445 epistola
2896 5371 3197 5430 evidentes
3228 5376 3581 5447 apertasque
3603 5391 3726 5447 pres

2062 5483 2127 5525 se
2157 5468 2267 5524 fert
2299 5463 2568 5523 falsitatis
2599 5467 2768 5521 notas
2799 5468 2857 5520 et
2885 5463 3274 5521 characteres.
3295 5464 3719 5522 Prolixa'nam-

2063 5574 2176 5631 que
2198 5558 2270 5615 ad
2299 5558 2622 5614 daemonem
2652 5553 2930 5613 allocutio
2962 5560 3020 5612 et
3048 5555 3407 5630 apostropha
3439 5556 3594 5613 fetu
3626 5561 3724 5614 est

2062 5647 2247 5723 inepti
2277 5647 2709 5716 declamatoris,
2760 5645 2861 5719 qui
2893 5644 3073 5704 verba
3097 5645 3308 5721 Ignatii
3332 5644 3407 5705 ’⁸.
3440 5666 3471 5697 cc
3523 5646 3722 5703 Latuit
