4060 6206
245 390 362 452 558

1173 399 1244 460 D.
1291 399 1622 460 NOURRII
1670 399 2208 463 DISSERTATIO.
2246 436 2321 447 —
2363 403 2566 468 PARS
2613 405 2692 467 II.

3547 411 3664 470 554

252 525 572 600 principem
605 527 803 583 εδει]ιί
833 528 1011 600 hujus
1040 529 1348 603 virginitas
1375 533 1588 602 Mariae,
1615 555 1643 583 ››
1667 533 1893 591 insulsa
1922 536 1976 602 Α
2008 536 2190 606 ribus,
2225 554 2373 609 quas
2404 541 2475 595 ad
2507 557 2635 596 eam
2668 541 2903 614 scripsit
2951 541 3219 614 epistolis
3264 545 3662 604 Christiferam

254 615 704 688 amplificatione
738 634 1016 674 exornare
1048 626 1292 676 conatus
1324 629 1432 678 est.

323 706 613 771 Secundo,
655 723 783 778 quae
837 709 907 763 de
955 708 1141 777 festis,
1193 712 1670 784 Quadragesima,
1723 719 1899 784 atque

253 794 539 850 Paschate
569 795 645 849 ibi
672 795 982 864 habentur,
1002 798 1122 855 haec
1144 816 1210 855 ex
1233 801 1732 858 Constitutionum
1753 819 1896 874 apo-

253 884 594 941 stolicarum
623 883 811 956 libris,
840 904 984 958 quos
1015 889 1274 960 Ignatius
1305 907 1606 962 nunquam
1655 891 1896 964 legerat,

259 975 570 1043 desumpta
600 979 761 1030 sunt.

320 1064 582 1134 Denique
629 1070 826 1120 auctor
873 1063 952 1120 ibi
1000 1066 1451 1125 Manichaeorum
1503 1075 1675 1142 atque
1719 1070 1898 1126 Patri-

256 1153 668 1224 passianorum
701 1171 954 1211 errorem
989 1157 1220 1213 refellit.
1260 1161 1332 1214 At
1374 1164 1626 1217 Praxeas
1673 1162 1900 1233 Ignatio

257 1243 577 1311 posterior:
603 1267 631 1293 «
665 1248 896 1300 Primus
927 1262 993 1300 ex
1022 1248 1173 1314 Asia,
1200 1248 1389 1319 inquit
1411 1250 1804 1306 Tertullianus
1830 1251 1899 1320 ⁴²,

255 1332 580 1388 secundum
613 1332 721 1389 hoc
759 1349 946 1405 genus
979 1337 1374 1408 perversitatis
1404 1338 1603 1395 intulit
1634 1341 1900 1397 Romana:

255 1421 454 1477 humo.
482 1443 510 1470 »
543 1426 670 1478 Haec
700 1422 878 1495 igitur
907 1425 1171 1496 epistola,
1205 1431 1377 1497 atque
1403 1428 1526 1484 alia:
1574 1431 1903 1502 superiores

255 1509 450 1565 nothas
481 1515 624 1566 sunt
652 1516 709 1566 et
741 1513 976 1584 spuriaa,
1008 1518 1066 1569 et
1097 1515 1319 1587 Ignatio
1356 1521 1552 1573 nostro
1595 1535 1901 1591 perperam

253 1603 308 1656 el;
337 1599 658 1657 falsissime
687 1602 1086 1659 ascribuntur.

893 1728 1124 1784 CAPUT
1171 1728 1263 1786 IV.

421 1867 490 1906 DE
517 1865 659 1906 ALIIB
687 1867 970 1907 EPISTOLIS
995 1869 1232 1923 LATINIS,
1267 1871 1480 1912 lGNATl!
1513 1874 1734 1914 NOMINE

828 1939 1164 1982 INSCRIPTIB.

557 2029 588 2102 §
621 2034 663 2087 Ι.
696 2030 956 2104 Analysis
985 2033 1186 2088 harum
1217 2034 1594 2106 epistolarum.

317 2134 540 2198 Quarta
570 2134 949 2206 epistolarum
984 2137 1192 2208 Ignatii
1222 2139 1428 2196 classis
1457 2142 1573 2199 duo
1604 2142 1762 2199 illius
1780 2144 1902 2215 epi-

250 2223 424 2280 stolia
450 2223 526 2279 ad
555 2222 838 2280 Joannem
871 2226 1200 2297 apostolum
1253 2234 1311 2284 et
1357 2231 1797 2303 evangelistam,
1845 2238 1902 2290 et

247 2314 487 2369 tertium
521 2314 592 2368 ad
626 2315 929 2386 Deiparam
965 2315 1280 2389 Virginem,
1315 2319 1698 2392 ejusdemque
1721 2321 1900 2395 Virgi-

253 2404 342 2458 nis
374 2419 730 2474 responsum
763 2406 1042 2462 continet.

323 2495 387 2549 In
420 2495 614 2566 primo
643 2499 850 2549 auctor
875 2494 1184 2564 Joannem,
1216 2501 1283 2551 ut
1314 2497 1387 2552 ad
1421 2513 1483 2553 se
1529 2499 1721 2554 venire
1770 2517 1901 2572 pro-

249 2587 452 2657 peret;
486 2599 553 2638 ac
585 2582 838 2638 Mariam
874 2585 968 2638 Dei
1000 2584 1362 2655 genitricem,
1394 2591 1451 2641 et
1505 2588 1746 2643 Mariam
1795 2589 1903 2644 Sa-

247 2672 426 2736 lome,
460 2687 635 2742 quem
667 2671 894 2727 eximiis
924 2671 1199 2728 laudibus
1231 2674 1474 2745 extollit,
1507 2691 1698 2731 secum
1723 2678 1906 2732 addu-

255 2767 371 2829 cat,
402 2761 780 2816 vehementer
809 2760 1174 2817 adhortatur.

323 2853 388 2905 In
446 2851 699 2905 secundo
753 2855 950 2904 autem
1008 2850 1276 2922 epistolio
1339 2852 1552 2908 Joanni
1613 2854 1904 2924 significat

252 2944 475 3012 quanto
502 2938 806 3008 Deiparam
859 2938 1120 3004 Mariam,
1169 2941 1452 2997 Jacobum
1503 2942 1738 2998 fratrem
1789 2943 1902 3000 Do-

255 3030 427 3094 mini,
468 3027 726 3100 aliosque
756 3028 1051 3098 apostolos
1080 3031 1313 3085 videndi
1359 3029 1648 3087 desiderio
1705 3037 1900 3089 tenea-

259 3122 376 3174 tur.

320 3207 459 3262 Orat
499 3207 740 3263 Mariam
774 3208 831 3262 in
867 3209 1056 3276 tertio,
1097 3214 1160 3264 ut
1189 3226 1389 3266 eorum
1441 3227 1569 3282 quae
1619 3213 1689 3268 de
1736 3213 1899 3283 Jesu,

2001 625 2237 682 salutat.
2275 649 2301 676 ι)
2333 629 2441 684 Sed
2482 645 2553 684 ex
2583 646 2718 686 voce
2750 631 2850 687 illa
2903 655 2930 682 «
2965 635 3302 704 quamdam,
3340 659 3366 686 »
3419 654 3548 709 quas
3596 637 3653 693 in

2004 716 2421 787 manuscriptis
2450 719 2752 775 codicibus
2782 720 3016 792 legitur,
3071 739 3278 779 omnes
3299 725 3464 780 facile
3487 726 3662 782 intel-

2002 804 2193 877 ligunt
2223 805 2498 876 epistolas
2529 806 2630 863 Dei
2660 810 2960 880 genitricis
3012 811 3205 866 Mariae
3257 830 3291 868 a
3337 815 3658 884 Bernardo,

2005 898 2177 950 tantae
2208 911 2346 968 erga
2383 912 2511 951 eam
2548 898 2779 967 pietatis
2810 903 2866 954 et
2895 900 3220 957 devotionis
3245 901 3529 973 viro,jam
3559 903 3661 958 fri.

2004 985 2142 1057 gida
2179 984 2564 1056 appellatione
2615 1004 2727 1042 non
2779 989 2956 1044 fuisse
3007 990 3232 1046 citatas.
3285 992 3660 1048 Probabiliuﬂ

2007 1073 2199 1144 itaque
2228 1077 2317 1128 est
2346 1073 2655 1143 epistolam
2691 1077 3143 1149 pseudo-Ignatii
3179 1079 3250 1133 ad
3300 1081 3539 1136 Mariam
3589 1099 3658 1138 ex

2006 1163 2353 1230 Cassobelis,
2381 1167 2433 1219 in
2464 1166 2633 1236 cujus
2659 1167 3034 1237 inscriptione
3055 1169 3397 1226 Christifera
3418 1172 3653 1244 dicitur,

2007 1272 2040 1309 a
2073 1253 2348 1309 melliﬂuo
2381 1255 2612 1310 doctore
2657 1254 2902 1312 laudari.
2954 1257 3128 1313 Porro
3174 1275 3307 1315 cum
3353 1260 3453 1315 ille
3503 1261 3653 1318 hanc

2005 1342 2313 1415 epistolam
2345 1343 2677 1399 criticorum
2712 1346 3064 1416 ponderibus
3098 1364 3209 1403 non
3238 1349 3654 1417 examinasset,

2006 1431 2168 1487 illam
2200 1432 2420 1503 lgnatio
2454 1438 2653 1488 nostro
2679 1435 2844 1504 juxta
2874 1435 3167 1507 vulgarem
3227 1438 3322 1494 sui
3376 1439 3657 1510 temporis

2010 1537 2234 1577 morem
2267 1521 2520 1579 tribuere
2555 1539 2669 1579 non
2703 1524 3015 1581 dubitavit.

2658 1630 2891 1687 CAPUT
2931 1633 2997 1687 V.

2009 1754 2107 1800 QUI
2138 1754 2385 1793 FUERINT
2405 1755 2890 1795 INTEBPOLATORES
2941 1757 3325 1798 GENUINARUM
3374 1760 3662 1801 EPISTOLA-

2155 1826 2276 1865 RUI
2306 1827 2532 1876 IGNATH,
2566 1827 2635 1865 ET
2673 1828 3162 1869 ADULTERINARUM
3213 1831 3515 1872 AUCTORES.

1941 1917 1987 1979 Β
2017 1937 2047 2009 §
2080 1938 2122 1992 Ι.
2165 1935 2306 1991 Num
2350 1935 2417 1991 ab
2460 1941 2686 1992 auctore
2725 1939 3189 1993 Constitutionum
3230 1941 3662 2009 apostolicarum

2629 2011 2743 2064 sint
2773 2015 3048 2080 protectae.

2085 2113 2564 2185 Interpolationes
2595 2114 2976 2186 epistolarum
3008 2117 3246 2188 Ignatii,
3299 2123 3355 2173 et
3403 2118 3660 2190 epistolas

2013 2205 2158 2260 falso
2191 2204 2318 2274 ejus
2351 2204 2587 2259 nomine
2620 2205 2914 2276 inscriptae
2948 2222 3128 2260 unum
3163 2209 3552 2280 eumdemque
3575 2208 3656 2262 vi-

2012 2295 2224 2349 dentur
2255 2293 2466 2348 habere
2497 2299 2815 2349 auctorem.
2854 2294 2916 2348 In
2941 2294 3012 2350 iis
3045 2295 3335 2364 siquidem
3360 2296 3656 2363 omnibus,

2009 2382 2162 2437 idem
2197 2381 2402 2452 stylus,
2437 2381 2590 2437 idem
2641 2383 2978 2454 impostoris
3013 2383 3280 2455 maleque
3312 2383 3499 2440 feriati
3553 2385 3656 2439 ho-

2011 2472 2192 2527 minis
2213 2471 2533 2542 ingenium,
2559 2488 2762 2526 omnes
2785 2471 3036 2543 denique
3061 2475 3326 2542 ejusdem
3356 2473 3658 2544 scriptoris

2011 2561 2377 2616 characteres
2410 2559 2578 2615 facile
2596 2561 3130 2632 deprehenduntur.
3157 2561 3427 2618 Usserius
3459 2567 3657 2618 autem

2012 2650 2332 2706 arbitratur
2361 2665 2494 2705 eum
2527 2666 2676 2718 esse,
2711 2653 2810 2720 qui
2843 2650 3022 2706 falsos
3055 2650 3450 2721 apostolorum
3484 2668 3656 2706 cano-

2011 2756 2135 2805 nes,
2153 2739 2731 2811 Constitutionesque
2751 2738 3099 2810 apostolicas
3121 2739 3460 2810 divulgavit..
3481 2740 3658 2803 Quam

2011 2828 2246 2898 quidem
2286 2827 2619 2898 opinionem
2651 2831 2713 2882 ut
2746 2830 3036 2897 probaret,
3075 2828 3231 2882 varia
3267 2844 3332 2882 ex
3381 2827 3658 2882 omnibus

2011 2916 2104 2971 his
2135 2915 2642 2971 lucubrationibus
2674 2917 2917 2970 adduxit
2965 2916 3113 2984 loca,
3163 2933 3414 2987 quorum
3470 2916 3661 2987 plera-

2011 3022 2125 3078 que
2150 3023 2183 3060 a
2205 3004 2490 3062 Cotelerio
2522 3005 2577 3058 in
2611 3005 2886 3060 editionis
2913 3021 3035 3060 suae
3075 3005 3438 3076 marginibus
3486 3006 3665 3060 citata

2013 3100 2151 3152 sunt
2185 3114 2198 3163 ;
2231 3103 2400 3167 atque
2430 3111 2498 3150 ea
2527 3095 2706 3174 paria,
2740 3095 2969 3164 sibique
3001 3094 3246 3150 invicem
3289 3094 3505 3150 similia
3535 3111 3664 3151 esse

2013 3189 2415 3243 demonstrare
2438 3193 2682 3242 conatus
2709 3191 2817 3240 est.
2844 3186 3061 3240 Verum
3082 3201 3150 3240 ex
3179 3187 3284 3242 hoc
3314 3194 3663 3257 argumento

254 3296 449 3353 divino
500 3299 628 3368 ejus
691 3299 852 3365 Filio,
903 3299 1186 3367 audierat,
1239 3316 1300 3355 se
1355 3276 1528 3356 iaci-at
1570 3276 1898 3358 certiorem.
1942 3281 1984 3347 (ἶ
2017 3277 2161 3332 illud
2194 3277 2977 3368 mmmwnﬁ‘éﬁuwwm
3003 3276 3281 3330 horumce
3305 3276 3661 3368 scriptpluln

252 3384 433 3441 Maria
464 3392 658 3442 autem
695 3397 901 3458 quarto
933 3387 1202 3459 epistolio
1237 3391 1568 3460 respondet,
1597 3395 1654 3447 et
1683 3407 1750 3446 ea
1774 3408 1904 3447 om—

249 3475 346 3530 nia
373 3491 511 3530 vere
535 3492 683 3542 esse,
717 3480 774 3530 et
804 3476 876 3531 ab
901 3477 1031 3548 ipso
1062 3477 1370 3548 credenda,
1412 3484 1589 3550 atque
1649 3480 1719 3534 ad
1768 3497 1902 3535 eum

241 3581 301 3620 se
334 3569 644 3620 venturam
679 3580 809 3620 esse
861 3565 1187 3637 pollicetur.

423 3692 451 3757 §
489 3689 560 3743 II.
596 3689 727 3744 Illas
758 3687 1101 3746 adulterinas
1137 3706 1256 3746 esse
1297 3692 1724 3750 demonstratur.

323 3812 537 3870 Nullus
582 3814 698 3868 fere
746 3817 858 3879 est,
911 3815 1009 3886 qui
1064 3831 1219 3870 nunc
1267 3815 1386 3872 haec
1435 3816 1705 3888 epistolia
1757 3818 1905 3874 falso

253 3903 464 3974 Ignatii
499 3903 738 3958 nomine
769 3904 1006 3959 inscribi
1042 3921 1155 3960 non
1189 3905 1459 3960 fateatur.
1495 3906 1563 3960 Et
1594 3913 1748 3963 certe
1772 3908 1907 3980 quis

249 3993 336 4046 vel
370 4008 440 4047 ex
470 3991 598 4047 sola
628 3991 801 4063 paulo
833 3995 1128 4048 attentiori
1156 3993 1404 4050 lectione
1447 4011 1642 4051 eorum
1695 3996 1911 4052 falsita-

248 4087 368 4138 tem
402 4082 708 4137 confestim
739 4098 854 4137 non
879 4082 1275 4154 deprehendat
1297 4083 1538 4154 ‘INeque
1559 4085 1715 4140 enim
1745 4088 1909 4158 lgna-

249 4172 366 4226 tius
397 4171 468 4226 ad
502 4171 744 4226 Mariam
783 4171 878 4226 Dei
909 4173 1272 4242 genitricem,
1309 4189 1502 4244 neque
1529 4174 1621 4230 Dei
1653 4177 1909 4245 genitrix

247 4262 316 4314 ad
356 4259 647 4332 lgnatium
681 4261 966 4329 ejusmodi
994 4261 1263 4332 epistolia
1297 4263 1568 4334 scripturi
1617 4272 1802 4330 erant,
1836 4267 1908 4320 ab

249 4365 453 4405 eorum
485 4348 774 4419 gravitate
805 4353 863 4402 et
891 4348 1122 4419 ingenio
1154 4355 1272 4405 tam
1303 4350 1512 4406 aliena.
1537 4353 1690 4417 Quid
1714 4353 1912 4424 quod?

252 4437 356 4492 illa
393 4436 661 4507 epistolia
699 4437 904 4493 Latine
951 4443 1176 4493 tantum
1223 4441 1437 4512 scripta
1483 4441 1769 4498 hactenus
1820 4443 1910 4498 in-

253 4534 428 4584 venta
464 4531 624 4595 sunt,
685 4544 790 4584 nec
837 4532 1032 4584 Graeca
1082 4546 1341 4602 unquam
1386 4532 1564 4589 tuisse
1616 4535 1910 4591 videntur.

2006 3371 2298 3422 auctorem
2331 3367 2402 3420 ab
2435 3367 2547 3420 alio
2581 3365 2748 3436 plura
2784 3365 2961 3420 fuisse
2994 3369 3328 3421 mutuatum
3359 3382 3373 3432 ;
3403 3365 3506 3421 sed
3529 3365 3663 3419 inde

2011 3473 2193 3511 unum
2225 3455 2615 3526 eumdemque
2649 3453 2856 3509 borum
2890 3455 3151 3508 omnium
3185 3471 3309 3508 esse
3363 3459 3660 3510 auctorem

2012 3545 2172 3600 nullo
2206 3560 2466 3615 unquam
2503 3545 2672 3598 modo
2707 3543 2938 3613 probari
2974 3559 3006 3596 a
3033 3558 3331 3613 quoquam
3356 3543 3588 3614 poterit.

2221 3641 2340 3710 §II.
2378 3641 2494 3708 Quo
2523 3648 2760 3708 tempore
2791 3641 2850 3693 in
2891 3639 3069 3694 lucem
3114 3638 3444 3706 prodierint.

2083 3743 2156 3795 At
2195 3745 2347 3793 certe
2396 3737 2667 3792 Usserius
2722 3754 2756 3790 a
2813 3750 2946 3790 vero
3005 3735 3242 3806 propius
3289 3735 3474 3800 abest,
3529 3751 3663 3790 cum

2013 3825 2520 3896 interpolationes,
2552 3822 2946 3893 epistolasque
2993 3822 3126 3878 illas
3181 3826 3337 3878 sexto
3396 3822 3664 3878 Ecclesia

2013 3914 2224 3971 stsculo
2259 3913 2582 3985 pulilicatas
2614 3929 2741 3966 esse
2772 3913 3003 3968 asserit.
3038 3915 3294 3966 Exeunte
3319 3911 3532 3966 etenim
3559 3929 3666 3967 saa-

2012 4004 2144 4062 culo
2177 4003 2382 4076 quinto
2412 4017 2560 4057 verte
2590 4001 2797 4072 Ignatii
2831 4000 3088 4071 epistolae
3120 4000 3434 4056 laudantur
3474 4017 3507 4054 a
3557 4001 3666 4056 Ge-

2015 4094 2160 4150 lasio
2193 4098 2248 4148 et
2273 4092 2673 4160 Theodoreto;
2722 4091 2880 4146 falsis
2923 4106 3056 4146 vero
3099 4095 3155 4146 et
3203 4090 3590 4161 supposititiaa
3637 4107 3671 4145 a

2013 4184 2307 4254 Stephano
2339 4181 2564 4237 Gobaro
2598 4181 2753 4236 circa
2784 4197 3000 4235 annum
3038 4180 3162 4246 580,
3219 4185 3394 4251 atque
3442 4195 3540 4234 eas
3597 4179 3670 4234 ab

2017 4271 2319 4328 Anastasio
2374 4269 2736 4326 Antiocheno
2786 4267 3120 4340 patriarcha
3186 4269 3412 4324 circiter
3453 4283 3670 4323 annum

2013 4361 2140 4425 595,
2171 4364 2227 4415 et
2257 4359 2328 4414 ab
2360 4357 2491 4414 aliis
2524 4359 2796 4428 deinceps
2829 4358 3036 4412 citatas
3070 4357 3317 4429 legimus
3353 4359 3416 4411 δι.

2088 4450 2262 4505 Porro
2292 4453 2487 4503 autem
2520 4447 2568 4503 si
2601 4447 2728 4502 falsi
2753 4463 3027 4515 canones,
3058 4463 3122 4501 ac
3147 4445 3668 4517 pseudepigraphte

2015 4537 2476 4594 Constitutiones
2509 4536 2931 4609 apostolorum,
2965 4536 3197 4604 saeculo,
3220 4543 3281 4588 ut
3303 4533 3540 4603 quidam
3567 4549 3667 4586 au-

256 4617 524 4689 Denique
571 4617 724 4688 apud
782 4634 987 4674 omnes
1033 4620 1310 4692 antiquos
1357 4626 1638 4692 auctores,
1694 4624 1794 4695 qui
1838 4625 1909 4679 de
1944 4641 1986 4704 ι)
2018 4630 2276 4692 tument,
2306 4631 2530 4698 quarto,
2562 4625 2652 4681 vel
2682 4631 2813 4679 ante
2834 4628 3064 4680 sextum
3089 4621 3364 4678 saeculum
3391 4621 3447 4673 in
3480 4619 3667 4676 lucem

251 4707 455 4780 lgnatii
485 4706 750 4780 epistolis
780 4723 882 4765 seu
916 4709 1067 4765 veris
1100 4725 1200 4764 seu
1245 4709 1430 4779 falsis,
1481 4712 1600 4768 sive
1647 4713 1904 4786 interpo-

252 4798 409 4865 latis,
443 4797 564 4854 sive
605 4797 848 4854 sinceris
901 4798 1126 4870 aliquid
1185 4799 1402 4869 scripto
1461 4803 1904 4871 mandaverunt,

259 4887 490 4944 nullum
515 4886 775 4957 omnino,
801 4904 874 4943 ne
896 4888 1202 4944 minimum
1225 4888 1462 4959 quidem
1487 4890 1558 4946 de
1586 4890 1674 4946 his
1696 4892 1908 4964 episto-

255 4976 352 5031 liis
375 4975 619 5031 verbum
651 4975 919 5032 occurrit.

330 5063 535 5136 Neque
601 5064 815 5120 dixeris
852 5065 911 5119 in
965 5064 1158 5120 Dextri
1201 5063 1484 5122 Chronico
1533 5082 1735 5123 eorum
1787 5068 1908 5124 fieri

259 5154 642 5209 mentionem.
678 5153 824 5209 Nam
856 5169 1004 5225 opus
1037 5153 1177 5209 illud
1212 5156 1467 5210 auctoris
1497 5161 1588 5210 est
1619 5156 1785 5212 valde
1819 5173 1911 5212 re-

251 5240 462 5306 centis,
498 5239 840 5312 nulliusque
872 5240 1126 5298 nominis
1156 5240 1246 5297 vel
1279 5243 1742 5310 auctoritatis,et
1777 5249 1912 5301 Dex-

250 5335 345 5384 tro
376 5328 671 5386 fallaciter
702 5328 1076 5385 attributum.

331 5419 569 5475 Scimus
599 5418 839 5490 quidem
872 5418 1072 5474 divum
1109 5420 1465 5476 Bernardum
1497 5422 1803 5492 scripsisse
1833 5423 1907 5479 ‘3:

263 5530 293 5558 ιι
328 5513 575 5579 Magnus
593 5508 690 5564 ille
709 5508 1085 5578 Ignatius.....
1106 5508 1350 5565 Mariam
1369 5512 1686 5582 quamdam
1706 5512 1765 5568 in
1790 5513 1915 5584 plu-

2017 4717 2378 4789 prodierunt,
2411 4731 2479 4770 ex
2517 4716 2589 4770 iis
2639 4714 2839 4787 procul
2895 4713 3074 4769 dubio
3125 4709 3666 4784 pseudo-lgnatium

2015 4805 2117 4862 illa
2145 4804 2342 4862 omnia
2374 4821 2501 4876 que
2534 4805 2606 4858 ab
2638 4803 2872 4860 Usserio
2904 4807 2960 4859 et
2990 4801 3274 4858 Cotelerio
3317 4800 3666 4870 referuntur,

2016 4894 2462 4966 transcripsisse
2492 4908 2730 4949 necesse
2759 4896 2866 4948 est.

2089 4983 2251 5052 Quod
2286 4983 2517 5038 tandem
2551 4982 2625 5037 ad
2656 4985 2905 5053 quatuor
2933 4979 3224 5053 epistolia,
3247 4995 3373 5050 qua
3402 4978 3465 5032 in
3495 4994 3670 5048 quar-

2018 5079 2078 5131 ta
2106 5072 2489 5144 epistolarum
2522 5071 2737 5143 Ignatii
2769 5069 2954 5126 classe
2985 5069 3364 5135 collocantur,
3398 5065 3669 5138 pertinet,

2019 5181 2085 5220 ea
2117 5161 2528 5235 proculdubio
2558 5178 2590 5216 a
2625 5160 2842 5226 Latino,
2877 5161 2961 5214 uti
3009 5158 3474 5226 observavimus,
3531 5155 3673 5211 scri-

2020 5257 2182 5325 ptore
2212 5252 2369 5308 edita
2404 5250 2586 5306 fuisse
2608 5265 2742 5304 vero
2762 5248 2992 5304 videtur
3014 5247 3409 5303 simillimum.
3435 5245 3557 5308 Quo
3579 5259 3673 5300 au-

2020 5347 2136 5396 tem
2169 5345 2428 5412 tempore
2461 5339 2559 5395 ille
2589 5336 2822 5406 vixerit,
2855 5353 2972 5391 non
3014 5340 3102 5391 est
3151 5340 3487 5406 promptum
3529 5333 3674 5386 defi-

2023 5429 2186 5496 nire;
2223 5447 2358 5484 nam
2391 5429 2679 5484 incertum
2724 5429 2811 5482 est
2863 5432 3062 5480 utrum
3116 5423 3444 5478 Bernardus
3491 5435 3674 5475 unum

2023 5532 2091 5573 ex
2123 5517 2195 5572 iis
2229 5516 2574 5573 laudaverit.
2609 5516 2874 5572 Citantur
2905 5514 3143 5585 quidem
3177 5512 3234 5566 in
3267 5509 3676 5583 speudo-Dex-

338 5634 384 5714 ‘_’
417 5633 524 5714 Lib;
554 5634 761 5692 οοηενα
792 5639 970 5690 Ρναω-
1006 5652 1132 5708 cap.
1168 5637 1217 5692 1.
1294 5635 1340 5672 ⁸³
1367 5637 1554 5694 Serm.
1587 5638 1643 5708 7,
1677 5641 1736 5696 in
1767 5643 1976 5700 Psalm.
2029 5643 2136 5714 Qui
2186 5643 2418 5711 habitat,
2470 5647 2575 5699 etc.
2657 5643 2703 5677 “
2749 5641 2912 5714 Apud
2939 5638 3232 5696 -Photium
3277 5637 3336 5692 in
3391 5635 3668 5693 Biblioth.

267 5707 396 5764 cod.
426 5707 554 5764 232.

587 5833 851 5894 ΡΑτιιοι..
899 5832 1008 5894 Gn.
1057 5833 1135 5899 V.

3265 5833 3340 5889 18
