4060 6206
1427 415 1492 474 8.
1540 411 1942 474 IGNATIUS.
1993 440 2065 457 --
2112 410 2718 472 PROLEGOMENA.

3653 415 3791 503 sse.

3770 510 3794 548 ι

358 561 437 618 tri
465 557 784 622 Chronico;
818 552 919 608 sed
954 548 1186 621 quando
1217 546 1360 603 illud
1393 547 1680 618 scriptum
1713 545 1791 602 sit
1843 561 2015 602 nemo
2045 545 2099 613 Α
2131 544 2233 600 illa
2285 560 2497 600 manus
2547 543 2907 615 recentioris,
2953 547 3011 600 et
3053 546 3271 602 Gracia
3315 547 3765 619 pseudovlgnati

362 648 727 722 exploratum
759 641 951 697 habet.
988 639 1045 694 Si
1078 637 1221 710 quid
1253 653 1386 693 vero
1417 635 1678 692 dandum
1721 636 2019 706 conjectu-

2128 633 2394 705 epistolis
2423 633 2596 706 longe
2628 634 2966 706 posterioris
3009 650 3140 691 esse
3194 651 3306 690 non
3368 635 3622 691 absurde
3669 636 3794 690 dici

363 739 468 809 ris,
500 753 567 792 ex
598 735 808 789 horum
839 727 1245 801 epistoliorum
1277 727 1426 796 stylo
1466 729 1523 782 et
1553 724 1883 795 Latinitate,
1912 741 2018 780 nos
2129 739 2298 796 posse
2329 724 2647 780 credimus.

1651 1142 1966 1237 PARS
2033 1141 2496 1236 TERTIA.

535 1375 622 1436 De
655 1370 1034 1435 editionibus
1065 1375 1126 1431 et
1154 1369 1546 1430 versionibus
1578 1367 1858 1429 omnium
1895 1365 2124 1446 Ignatii
2153 1366 2584 1445 epistolarum,
2616 1372 2744 1428 tam
2776 1367 3187 1448 genuinarum
3220 1385 3407 1447 quam
3440 1367 3623 1428 adul-

1163 1449 1532 1528 terinarum,
1565 1468 1636 1511 ac
1667 1449 1853 1512 variis
1881 1449 1946 1508 in
1971 1465 2078 1508 eas
2121 1448 2287 1509 notis
2317 1452 2380 1508 et
2408 1449 2969 1510 observationibus.

897 1689 1128 1746 CAPUT
1160 1687 1473 1744 PRIMUM.

359 1801 432 1840 DE
463 1797 817 1840 BDITIONIBUS
848 1799 914 1836 ET
944 1795 1316 1836 VBRSIONIBUS
1345 1791 1745 1832 EPISTOLARUM
1777 1791 2010 1830 IGNATU.

753 1855 782 1927 §
823 1856 868 1909 Ι.
902 1854 972 1907 De
1001 1850 1336 1906 editionibus
1379 1848 1618 1904 Latinis.

433 1961 649 2027 Prima,
676 1978 803 2033 qua
825 1961 883 2014 in
921 1975 1135 2014 manus
1167 1965 1395 2012 nostras
1418 1958 1594 2026 venit,
1627 1955 2006 2028 epistolarum

360 2052 802 2123 Ignatianarum
833 2048 1031 2114 editio,
1075 2046 1314 2102 Parisiis
1355 2063 1507 2101 anno
1565 2047 1722 2114 1494,
1774 2045 2010 2116 prodiit,

2123 1686 2505 1756 posteaquam
2537 1683 2803 1757 vulgatas
2834 1686 3043 1758 Ignatii
3079 1686 3359 1759 epistolas
3405 1703 3539 1743 cum
3589 1689 3784 1745 tribus

2125 1789 2302 1828 manu
2335 1774 2588 1830 exaratis
2619 1775 2942 1843 codicibus,
2979 1775 3079 1846 qui
3111 1777 3416 1847 antiquam
3449 1776 3784 1833 versionem

2125 1863 2383 1918 Latinam
2415 1863 2784 1931 exhibebant,
2821 1865 3184 1932 contulisset,
3212 1867 3362 1922 duos
3392 1866 3539 1922 alios
3566 1867 3779 1923 itidem

2123 1955 2556 2026 manuscriptos
2611 1955 2862 2022 codices,
2909 1957 3006 2012 sed
3058 1958 3229 2029 pretii
3289 1957 3474 2013 multo
3533 1958 3781 2030 majoris

2122 2043 2414 2099 fortunate
2443 2043 2688 2110 invenit,
2722 2061 2904 2100 unum
2950 2046 3011 2101 in
3062 2045 3297 2117 publica
3343 2045 3565 2115 collegii
3614 2051 3778 2102 Gun-

359 2141 578 2210 illaque
617 2143 734 2193 tres
785 2141 1017 2192 tantum
1069 2135 1370 2207 epistolas,
1419 2135 1566 2189 duas
1610 2134 1680 2188 ad
1729 2133 2017 2188 Joannem
2049 2129 2096 2194 B
2124 2133 2285 2188 welli
2319 2138 2375 2188 et
2404 2133 2524 2189 Caii
2583 2133 2741 2206 apud
2797 2135 3321 2206 Cantabringenses
3381 2135 3782 2203 bibliotheca;

360 2229 712 2300 apostolum,
750 2227 977 2281 tertiam
1006 2227 1078 2280 ad
1110 2224 1209 2280 Dei
1227 2223 1568 2296 genitricem
1595 2223 1832 2278 Mariam
1859 2239 2015 2279 com-

376 2316 671 2390 plectitur.
706 2320 878 2370 Anno
911 2319 1105 2370 autem
1141 2314 1278 2368 1498
1310 2313 1492 2368 Faber
1519 2311 1884 2384 Stapulensis
1919 2329 2020 2367 un-

378 2405 567 2461 decim
599 2405 742 2460 alias
769 2403 1044 2475 vulgavit,
1077 2419 1205 2474 qua
1236 2401 1507 2472 deinceps
1538 2401 1928 2472 Argentorati,
1963 2405 2020 2456 et

373 2493 634 2563 Basilea,
667 2508 733 2548 ac
763 2493 997 2547 tandem
1023 2507 1176 2546 anno
1199 2491 1356 2555 1575,
1382 2490 1440 2544 in
1474 2489 1586 2544 ﬁne
1607 2487 1858 2560 Operum
1887 2488 2018 2544 Dio-

371 2583 524 2653 nysii
555 2581 906 2654 Areopagitae
937 2581 1105 2637 edita
1135 2583 1294 2636 sunt.
1328 2579 1535 2635 Postea
1555 2579 2017 2651 Symphorianus

369 2671 748 2743 Champerius
780 2670 1015 2726 easdem
1051 2686 1204 2725 anno
1251 2669 1389 2723 1676
1432 2667 1606 2740 pralo
1659 2669 2014 2724 Ascensiano

366 2776 602 2816 rursum
634 2760 904 2831 subjecit,
939 2775 1004 2815 ac
1035 2758 1311 2829 epistolas
1355 2757 1426 2812 ad
1479 2760 1783 2824 Joannem,
1835 2761 1891 2812 et
1942 2757 2010 2812 ad

365 2850 608 2905 Mariam
668 2849 1002 2920 Deiparam,
1065 2852 1240 2917 atque
1292 2862 1467 2900 unam
1527 2846 1599 2901 ad
1657 2846 1898 2901 Mariam
1947 2862 2013 2901 ex

364 2937 718 3006 Cassobelis,
756 2937 1039 2992 hactenus
1072 2935 1370 3002 ineditam,
1403 2935 1487 2990 eis
1530 2934 1851 3004 subjunxit.
1887 2934 2014 2990 Hac

364 3032 564 3084 autem
625 3025 958 3098 Champerii
1008 3024 1182 3080 editio
1235 3023 1410 3079 variis
1461 3023 1613 3096 typis
1662 3024 2012 3096 Antuerpia,

365 3116 630 3184 Basilea,
657 3116 928 3183 Colonia,
964 3112 1234 3183 Parasiis,
1265 3112 1513 3184 aliisque
1543 3113 1601 3168 in
1634 3113 1880 3168 urbibus
1911 3130 2010 3168 ex-

367 3222 510 3261 cusa
540 3208 650 3262 est.
683 3205 861 3261 Porro
893 3204 978 3258 ha
1009 3219 1211 3260 omnes
1243 3202 1528 3258 editiones
1561 3201 1756 3258 Latine
1776 3206 2009 3258 tantum

361 3295 730 3368 prodierunt.

502 3403 530 3470 §
563 3403 636 3457 II.
669 3401 744 3456 De
775 3399 1110 3456 editionibus
1142 3398 1365 3470 Graecis,
1405 3403 1457 3455 et
1505 3398 1862 3455 versionibus.

2126 2221 2376 2278 alterum
2409 2223 2466 2277 in
2503 2223 2728 2295 privata
2759 2228 2821 2278 Ι).
2856 2223 3130 2280 Richardi
3164 2224 3509 2280 Montacutii
3551 2225 3785 2281 Norwi-

2124 2311 2318 2367 censis
2350 2327 2538 2384 nuper
2565 2313 2824 2384 episcopi
2864 2313 3218 2370 bibliotheca
3265 2315 3602 2386 repositum.
3655 2318 3778 2372 Duo

2120 2403 2314 2455 autem
2355 2402 2751 2472 antiquissimi
2785 2401 2867 2456 illi
2893 2401 3274 2475 epistolarum
3307 2404 3512 2474 Ignatii
3543 2405 3776 2461 codices

2123 2489 2410 2558 Latinam,
2444 2507 2561 2561 qua
2589 2491 2884 2562 genuinus
2914 2508 3112 2548 earum
3144 2496 3339 2550 textus
3371 2494 3595 2565 absque
3628 2495 3768 2551 ullis

2122 2577 2668 2650 interpolationibus
2697 2579 2787 2636 vel
2818 2581 3231 2637 additamentis
3299 2583 3580 2651 redditur,
3638 2600 3772 2640 ver-

2120 2667 2346 2723 sionem
2380 2673 2814 2740 repraesentant.
2847 2671 2928 2725 Ex
2957 2669 3050 2726 his
3081 2671 3277 2742 itaque
3306 2673 3536 2728 duobus
3579 2673 3776 2743 libris,

2121 2761 2298 2828 atque
2329 2757 2458 2812 aliis
2477 2757 2664 2814 tribus
2683 2775 2861 2830 supra
2883 2761 3241 2820 memoratis.
3267 2777 3471 2816 novam
3507 2762 3778 2818 omnium

2120 2845 2555 2917 Ignatianarum
2590 2847 2966 2919 epistolarum
3024 2849 3364 2919 editionem,
3415 2852 3649 2922 prafixa
3698 2852 3774 2908 iis

2119 2934 2416 3007 Polycarpi
2449 2937 2520 2992 ad
2543 2937 2686 2992 Phili
2697 2953 2948 3010 ppenses
2966 2937 3234 3009 epistola,
3261 2939 3345 2994 sic
3366 2941 3772 2996 adornandam

2117 3024 2394 3096 suscepit.
2429 3025 2686 3081 Primum
2718 3026 2994 3097 genuinis
3027 3027 3240 3098 Ignatii
3270 3029 3536 3100 epistolis
3593 3031 3780 3086 inter-

2116 3113 2347 3184 polatis,
2379 3115 2571 3171 Grace
2599 3120 2656 3171 et
2689 3115 2889 3172 Latine
2917 3118 3162 3187 excusis,
3197 3119 3403 3174 Lucum
3433 3119 3595 3175 dedit
3628 3123 3776 3188 ;sed

2115 3204 2358 3274 antiqua
2388 3219 2590 3260 earum
2623 3206 2827 3260 Latina
2857 3206 3122 3262 versione
3153 3207 3222 3263 ad
3257 3212 3376 3263 tres
3399 3210 3771 3280 supradictos

2113 3291 2342 3347 codices
2376 3293 2801 3364 manuscriptos
2828 3295 3139 3350 emendata
3167 3312 3311 3351 usus
3340 3302 3464 3365 est;
3497 3302 3674 3369 atque
3706 3307 3774 3355 ut

2113 3379 2601 3452 interpolationes
2624 3381 2696 3437 ab
2719 3382 2996 3438 omnibus
3022 3383 3249 3440 facilius
3271 3385 3624 3457 deprehendi
3645 3405 3782 3459 pos-

431 3507 780 3566 Valentinus
831 3508 1065 3564 Pacaus
1125 3523 1277 3564 anno
1327 3469 1464 3562 1557
1540 3507 1647 3562 has
1729 3505 2008 3577 epistolas
2039 3500 2081 3567 C
2119 3472 2273 3577 192'?
2305 3469 3102 3577 ff:Pi,r?_i9,?§arari,jus§it’
3137 3473 3252 3577 Ῑῗδῗ
3296 3475 3592 3577 “apium
3647 3477 3774 3577 epj’

359 3599 549 3654 Gracs
581 3621 609 3648 «
644 3614 713 3654 ex
739 3597 1150 3670 antiquissimo
1189 3596 1539 3652 Ferdinandi
1581 3597 1843 3667 Augusti,
1885 3596 2006 3651 sive

359 3689 716 3760 Augustana
772 3686 1139 3742 Bibliotheca
1183 3686 1401 3752 codice,
1444 3708 1472 3736 ››
1517 3685 1715 3740 addita
1755 3685 2006 3741 Perionii

353 3777 640 3844 versione,
676 3776 876 3831 edidit.
912 3776 973 3832 In
1007 3775 1115 3831 hac
1146 3779 1340 3831 autem
1373 3774 1648 3842 editione,
1683 3791 1858 3845 quam
1895 3774 2006 3830 Mo-

354 3867 535 3923 rellus
567 3866 659 3922 bis
690 3883 844 3922 anno
878 3865 1013 3921 1558
1041 3873 1097 3920 et
1129 3866 1268 3920 1562
1301 3865 1545 3932 recudit,
1579 3880 1656 3919 ea
1688 3870 1874 3920 solum
1909 3881 2002 3920 ex-

351 3962 508 4012 stant
562 3955 844 4028 epistola,
907 3972 1053 4026 quas
1100 3956 1302 4021 Faber,
1347 3954 1429 4009 uti
1477 3953 1754 4020 diximus,
1810 3953 2004 4008 Latine

351 4046 770 4116 divulgaverat.
806 4043 1026 4098 Dehinc
1057 4044 1318 4098 Andreas
1349 4044 1640 4098 Gesnerus
1669 4043 1905 4098 easdem
1938 4059 2006 4097 ex

352 4133 748 4201 manuscripto
779 4131 1148 4186 Bibliotheca
1185 4133 1246 4185 Ι).
1295 4130 1540 4202 Gaspari
1590 4147 1622 4185 a
1652 4130 2000 4202 Nydphrych

350 4221 564 4275 iterum
610 4218 822 4285 Greece,
883 4223 1055 4288 atque
1111 4219 1284 4274 etiam
1341 4219 1558 4284 Latine,
1609 4242 1637 4270 ‹‹
1688 4221 2002 4289 interprete

344 4311 570 4362 Joanne
608 4306 887 4360 Brumero
922 4305 1254 4377 publicavit.
1280 4328 1308 4356 »
1338 4307 1740 4363 Arbitrabatur
1769 4308 2000 4378 quidem

345 4412 409 4452 se
440 4396 698 4468 primum
730 4394 863 4450 illas
897 4394 1114 4466 publici
1147 4395 1352 4451 fecisse
1373 4395 1524 4466 juris
1550 4416 1563 4464 ;
1589 4397 1688 4451 sed
1720 4397 1832 4468 ipsi
1863 4414 1995 4468 pro-

348 4483 440 4540 cul
485 4485 662 4541 dubio
710 4484 887 4540 editio
946 4484 1129 4539 Pacai
1188 4483 1487 4555 incognita
1543 4500 1671 4540 esse
1728 4485 1994 4542 debebat.

342 4579 568 4632 Rursus
625 4591 757 4632 vero
815 4592 968 4631 anno
1038 4575 1176 4630 1566
1236 4574 1623 4647 Hieronymus
1671 4573 1996 4632 Vairnelius

339 4663 564 4734 Sylvius
595 4663 831 4720 easdem
865 4662 1166 4734 epistolas,
1203 4663 1274 4718 ad
1320 4663 1604 4734 quosdam
1661 4665 1991 4719 manuscri-

336 4757 468 4825 ptos
521 4753 749 4808 codices
797 4753 1159 4822 emendatas,
1213 4769 1363 4807 nova
1411 4752 1675 4808 versione
1725 4755 1992 4824 donatas,

335 4841 726 4913 pluribusque
767 4842 1273 4897 observationibus
1325 4846 1548 4910 auctas,
1603 4841 1766 4897 novis
1807 4843 1988 4898 edidit
2019 4858 2067 4922 ι)

333 4932 583 4990 Plantini
637 4932 810 5006 typis.
869 4937 1034 4990 Anno
1099 4938 1291 4990 autem
1345 4935 1481 4988 1608
1529 4934 1809 4992 Martialis
1856 4939 1982 4991 Ma-

331 5027 541 5078 straus
579 5021 732 5090 illas,
766 5023 931 5077 novis
963 5023 1318 5094 quibusdam
1369 5023 1524 5078 notis
1569 5024 1986 5096 superadditis,

329 5115 542 5180 iterum
576 5110 634 5165 in
665 5110 877 5183 vulgus
915 5111 1176 5181 protulit.
1228 5111 1490 5167 Posthac
1539 5112 1775 5169 Genava
1836 5131 1988 5170 anno

329 5201 468 5255 1623
524 5199 798 5257 Nicolaus
858 5200 1133 5256 Vedelius
1183 5201 1504 5256 Academia
1561 5203 1872 5271 professor,
1933 5211 1990 5260 et

325 5291 673 5348 Calviniana
728 5295 897 5348 secta
949 5290 1239 5356 minister,
1298 5291 1584 5362 castigata
1643 5297 1772 5362 post
1846 5294 1982 5350 Ma-

322 5383 555 5434 straum
608 5379 887 5435 Vairnelli
934 5379 1111 5453 Sylvii
1161 5378 1450 5446 versione,
1502 5380 1739 5434 easdem
1789 5382 1983 5439 Graeco

320 5465 638 5540 Latinoque
673 5468 1006 5524 charactere
1032 5467 1229 5524 emisit
1261 5469 1322 5522 in
1368 5465 1584 5524 lucem.

746 5575 777 5646 §
807 5574 897 5631 lIl.
937 5577 1010 5631 De
1045 5575 1288 5631 editione
1319 5576 1548 5633 Usseriz’.

379 5678 633 5733 Jacobus
692 5681 960 5735 Usserius
1019 5681 1496 5754 archiepiscopus
1577 5685 1977 5744 Armaehanus

2119 3556 2280 3613 stola
2311 3556 2456 3613 falso
2488 3558 2697 3630 lgnatii
2731 3559 2968 3617 nomine
3001 3560 3318 3634 inscripta,
3368 3564 3585 3634 quibus
3633 3565 3768 3636 epi-

2113 3644 2318 3700 stolam
2356 3645 2544 3701 Maria
2565 3647 2939 3704 Cassobelita
2965 3649 3037 3704 ad
3062 3650 3353 3720 Ignatium
3375 3651 3469 3707 ille
3492 3653 3763 3724 pratixit,

2111 3739 2170 3790 et
2201 3735 2377 3790 trium
2410 3737 2882 3807 supradictorum
2916 3739 3182 3794 codicum
3206 3757 3314 3812 ope
3337 3742 3521 3797 varios
3545 3744 3764 3798 Latina

2111 3840 2314 3880 earum
2372 3826 2660 3881 versionis
2719 3843 2912 3884 navos
2968 3829 3298 3899 abstergere
3353 3837 3598 3887 conatus
3650 3841 3764 3888 est.

2111 3913 2327 3970 Ultimo
2359 3915 2589 3970 tandem
2629 3915 2754 3972 loco
2788 3919 3028 3989 ponitur
3058 3919 3491 3991 antiquissima,
3527 3923 3612 3978 uti
3672 3926 3768 3979 di-

2109 4004 2532 4072 ximus,versio
2585 4006 2972 4077 genuinarum
3023 4009 3232 4080 Ignatii
3283 4011 3690 4081 epistolarum,
3731 4031 3764 4070 e

2110 4109 2361 4164 quarum
2394 4111 2636 4152 numero
2666 4097 2917 4168 epistola
2946 4099 3021 4155 ad
3050 4099 3436 4173 Polycarpum
3463 4103 3762 4160 immerito

2109 4184 2460 4241 excluditur.

2557 4313 2583 4379 ε
2614 4311 2701 4368 IV.
2738 4313 2808 4369 De
2835 4312 3075 4371 editione
3123 4317 3308 4372 Vossii.

2177 4452 2318 4504 Cum
2350 4451 2589 4508 Vossius
2621 4453 2730 4509 iter
2759 4455 2815 4510 in
2851 4456 3074 4512 Italiam
3107 4464 3323 4529 ageret,
3370 4464 3428 4516 et
3475 4461 3759 4517 Florenti-

2106 4553 2240 4592 nam
2293 4540 2638 4595 Ferdinandi
2693 4543 2742 4598 Il
2792 4544 3033 4600 Etruria
3088 4547 3276 4620 ducis,
3329 4549 3753 4609 Bibliothecam

2105 4627 2504 4697 perlustraret,
2582 4630 2783 4688 incidit
2851 4634 2910 4689 in
2980 4637 3235 4693 codicem
3313 4639 3508 4696 Graeca
3580 4659 3758 4698 manu

2103 4723 2424 4782 exaratum,
2483 4718 2583 4789 qui
2642 4721 2876 4777 easdem
2926 4729 3104 4796 atque
3149 4727 3219 4781 ab
3276 4729 3507 4784 Usserio
3555 4729 3756 4786 Latine

2101 4805 2309 4872 editas,
2337 4806 2646 4876 genuinas,
2677 4813 2734 4864 et
2764 4810 2890 4867 sine
2921 4813 3472 4886 interpolationibus
3494 4823 3550 4873 et
3579 4821 3748 4875 addi-

2097 4895 2372 4949 tamentis
2417 4895 2694 4966 epistolas
2749 4899 2957 4971 Ignatii
3007 4905 3361 4962 continebat.
3410 4907 3604 4963 Codex
3653 4907 3753 4964 ille

2101 4986 2337 5038 centum
2363 4988 2495 5037 ante
2529 4984 2698 5040 annis
2730 5003 2764 5041 a
2793 4987 3104 5056 Turriano,
3155 4995 3218 5046 ut
3265 4993 3519 5050 creditur
3563 4995 3748 5064 visus,

2100 5085 2205 5124 nec
2235 5086 2400 5126 veras
2429 5071 2638 5143 lgnatii
2672 5074 2948 5145 epistolas
2977 5098 3008 5131 a
3041 5079 3204 5134 t'alsis
3234 5082 3747 5154 supposititiisque

2097 5157 2426 5231 distinguit,
2459 5177 2564 5216 nec
2597 5161 2824 5236 integer
2853 5170 2974 5235 est;
3022 5168 3238 5240 quippe
3286 5170 3383 5240 qui
3433 5171 3742 5242 epistolam

2096 5252 2284 5304 sancti
2317 5250 2586 5319 martyris
2618 5253 2688 5307 ad
2720 5253 3014 5312 Romanos
3039 5274 3152 5313 non
3177 5259 3448 5315 exhibeat
3464 5261 3742 5333 amplius.

2098 5336 2333 5394 Vossius
2364 5338 2562 5411 itaque
2592 5342 2664 5397 ad
2695 5359 2835 5400 suos
2862 5346 3066 5414 redux,
3092 5364 3299 5404 novam
3325 5349 3746 5407 Amstelodami

2093 5441 2247 5481 anno
2281 5428 2418 5482 1646
2448 5427 2828 5500 epistolarum
2883 5435 3094 5506 Ignatii
3143 5435 3456 5494 editionem
3497 5441 3752 5496 adorna-

2095 5513 2199 5581 vit,
2229 5532 2347 5586 qua
2375 5520 2600 5575 Gracas
2629 5537 2698 5575 ex
2728 5521 2826 5576 illo
2858 5523 3190 5582 Florentino
3221 5528 3445 5597 codice,
3510 5529 3750 5585 Latinas

2093 5619 2226 5658 vero
2255 5620 2322 5658 ex
2347 5607 2764 5678 antiquissima
2796 5613 3086 5683 versione,
3119 5616 3192 5672 ab
3229 5616 3459 5674 Usserio
3488 5616 3749 5691 vulgata,

2088 5693 2288 5749 emisit
2318 5693 2380 5752 in
2406 5696 2735 5766 publicum.
2767 5699 2868 5756 His
2911 5717 3045 5759 vero
3094 5705 3360 5776 epistolis
3414 5707 3563 5766 alias
3611 5725 3747 5765 cum
