4026 6206
262 424 392 484 557

1199 426 1271 484 D.
1318 425 1655 486 NOURBII
1699 421 2243 485 DISSERTATIO.
2287 451 2360 472 ε-
2407 427 2608 489 PARS
2653 428 2760 488 Ill.

3567 439 3684 498 558

258 555 635 613 adulterinas
682 561 810 612 tum
864 557 1246 630 interpolatae
1305 575 1436 614 cum
1489 558 1612 614 suis
1660 556 1921 626 antiquis
1950 559 2004 624 Α
2035 557 2301 627 ejusdem
2331 565 2520 616 textus
2571 560 3042 632 illustrationem,
3075 570 3248 638 atque
3288 568 3449 628 illius
3479 581 3680 630 contra

255 645 639 702 versionibus
673 645 898 702 Latinis
932 646 1218 716 adiunxit.

253 771 284 843 §
341 772 400 824 V.
462 771 538 824 De
588 769 834 825 editione
889 769 1207 840 appendicis
1266 772 1594 837 Usserianz,
1633 770 1912 837 Cotelerii,

919 846 970 896 el
998 843 1263 897 aliorum.

331 947 735 1018 Subsequenti
771 964 921 1004 anno
952 948 1248 1018 Usserius,
1271 949 1389 1004 visa
1420 949 1610 1003 Vossii
1645 947 1914 1013 editione,

256 1036 638 1106 Ignatianam
702 1037 948 1092 Londini
1002 1037 1298 1092 accuravit
1352 1038 1752 1109 appendicem,
1801 1054 1916 1108 qua

247 1125 548 1196 genuinas
603 1128 1011 1182 tantummodo
1064 1126 1272 1198 Ignatii
1313 1128 1590 1199 epistolas
1639 1126 1831 1182 Graece
1860 1129 1916 1181 et

243 1215 453 1269 Latine
503 1214 848 1286 complexus
880 1221 990 1271 est.
1026 1217 1086 1272 In
1119 1232 1185 1271 ea
1231 1217 1418 1286 primo
1467 1220 1730 1270 Graecum
1767 1219 1911 1269 Vos-

248 1303 436 1358 siana:
470 1304 984 1360 editionistextum
1019 1322 1084 1361 ex
1121 1307 1319 1362 Latina
1337 1306 1598 1361 versione
1630 1303 1914 1376 antiquis-

248 1393 430 1463 sima,
466 1399 526 1450 et
553 1394 714 1450 Junii
751 1395 1052 1466 Vossiique
1106 1395 1461 1466 conjecturis
1491 1393 1778 1466 corrigere
1808 1409 1910 1464 ag-

250 1499 523 1554 gressus,
554 1501 622 1539 ex
653 1485 884 1540 duabus
916 1485 1128 1542 deinde
1167 1487 1495 1541 earumdem
1530 1482 1904 1556 epistolarum

245 1573 629 1629 versionibus
688 1573 917 1642 Latinis,
952 1574 1134 1631 altera
1182 1574 1605 1646 antiquissima,
1664 1573 1841 1627 altera
1873 1588 1906 1626 a

240 1663 442 1736 Sylvio
473 1665 838 1732 edita,unam
879 1664 977 1719 ille
1009 1665 1360 1737 composuit.
1384 1664 1670 1730 Quoniam
1705 1665 1901 1718 autem

239 1753 497 1824 epistola
549 1755 616 1807 ad
652 1753 947 1808 Romanos
997 1769 1065 1808 ex
1115 1753 1515 1824 manuscripto
1565 1753 1900 1812 Florentino

243 1843 442 1898 fuerat
475 1843 880 1911 avulsa,illam
913 1860 1044 1899 cum
1079 1845 1293 1900 Graecis
1324 1844 1584 1914 martyrii
1615 1844 1898 1915 lgnatiani

2035 651 2362 718 novatores,
2413 649 2470 703 in
2524 651 2848 724 primisque
2893 654 3213 711 Scultetum
3274 659 3674 720 defensionem

2032 740 2171 791 sunt
2210 737 2398 793 editae.
2461 739 2574 794 Sed
2605 741 2813 812 cuique
2844 749 3120 813 praeterea
3177 746 3441 815 epistola
3504 768 3672 809 suam

2029 824 2317 896 analysin,
2350 827 2539 898 iisque
2577 830 2852 885 omnibus
2882 833 3164 904 eynOpsin
3195 834 3336 891 Vitas
3386 837 3595 908 Ignatii
3619 850 3676 898 et

2028 915 2291 970 omnium
2325 916 2703 987 epistolarum
2735 919 3061 991 apologiam
3098 925 3485 992 praemisit.At
3519 933 3672 985 certe

2026 1001 2076 1055 si
2109 1001 2203 1057 ille
2236 1003 2292 1058 in
2345 1006 2522 1059 rebus
2553 1007 2770 1062 criticis
2815 1010 3000 1079 magis
3034 1011 3242 1066 fuisset
3297 1017 3668 1085 exercitatus,

2025 1089 2109 1144 vel
2141 1096 2270 1160 post
2305 1091 2518 1148 Ueserii
2553 1094 2860 1166 Vossiique
2892 1097 3195 1165 editiones,
3219 1118 3385 1157 suam
3413 1104 3671 1162 dedisset

2023 1178 2374 1252 apologiam,
2407 1199 2708 1253 nunquam
2746 1187 2999 1255 profecto
3040 1187 3415 1256 adulterinas,
3450 1209 3668 1265 suppo-

2021 1268 2350 1341 sititiasque
2381 1272 2849 1344 epistolas,aeque
2879 1291 2944 1330 ac
2978 1292 3139 1330 veras
3174 1277 3398 1347 lgnatio
3433 1281 3668 1350 adjudi-

2019 1357 2237 1412 caudas
2267 1375 2397 1414 esse
2419 1376 2590 1414 suum
2624 1361 2682 1414 in
2717 1362 2979 1417 animum
3015 1365 3358 1421 induxisset.

2088 1445 2357 1503 Nicolaus
2391 1448 2664 1504 Vedelius
2715 1455 2844 1521 post
2865 1451 3127 1523 singulas
3151 1471 3415 1526 quasque
3445 1457 3666 1529 episto-

2014 1535 2099 1592 las
2133 1537 2363 1609 Iongam
2398 1538 2881 1608 dissertationem,
2915 1542 3090 1597 variis
3139 1546 3426 1615 capitibus
3457 1549 3665 1607 distin-

2013 1627 2646 1698 ctam,subjunxit,qua
2674 1628 3020 1686 Calvinianie
3055 1649 3176 1688 suae
3207 1639 3378 1690 sectae
3409 1653 3658 1705 errores,

2011 1720 2068 1770 et
2096 1714 2210 1770 alia
2240 1716 2508 1787 quasdam
2566 1717 2867 1786 doctrinae,
2902 1719 3346 1794 disciplinaeque
3395 1727 3660 1784 ecclesia-

2011 1805 2166 1859 sticae
2199 1804 2389 1876 capita
2438 1805 2714 1861 adversus
2746 1806 3164 1864 Bellarminum
3217 1827 3282 1866 ac
3341 1816 3656 1872 Baronium

239 1934 423 2006 Actis,
460 1939 581 1989 tam
631 1894 1090 2006 a,Metaphraste
1138 1935 1336 2006 editis,
1371 1894 1548 2007 quadm
1599 1894 1730 1991 aliis
1762 1953 1796 1989 θ.
1845 1951 1906 1991 se
1936 1932 1981 1994 Β
2013 1894 2896 2007 P'ﬁ‘ff’ﬁnfﬂ‘ffifusﬁeliif;13
3142 1904 3337 2007 διδ-ωτιῖ
3389 1904 3598 2007 ad“???
3638 1921 3651 1960 ³

243 2023 516 2094 repertis,
563 2023 899 2094 ibidemque
934 2023 1188 2095 primum
1240 2024 1554 2096 publicatis
1611 2024 1900 2092 collatam,

241 2113 597 2184 mendisquc
617 2118 997 2186 expurgatam
1018 2113 1202 2169 voluit
1232 2114 1456 2170 caateris
1469 2114 1744 2169 omnibus
1764 2114 1900 2169 sub-

238 2203 414 2259 necti.

304 2292 636 2348 Cotelerius
671 2293 727 2347 in
761 2310 869 2348 sua
898 2293 1149 2366 Operum
1200 2295 1298 2350 SS.
1327 2294 1580 2360 Patrum,
1615 2293 1712 2364 qui
1749 2297 1890 2346 tem-

235 2382 482 2454 poribus
517 2381 851 2454 apostolicis
871 2382 1474 2448 ﬂoruerunt,editione
1496 2398 1700 2437 omnes
1731 2384 1894 2452 lgna-

230 2473 297 2527 tii
331 2471 640 2544 epistolas,
692 2488 881 2536 veras,
909 2471 1309 2543 interpolatae,
1342 2471 1699 2537 subdititias,
1725 2470 1893 2526 adul-

231 2563 478 2630 terinas,
534 2561 635 2616 sed
672 2577 705 2616 a
735 2577 797 2616 se
825 2561 1073 2616 invicem
1107 2561 1433 2628 distinctas,
1469 2564 1524 2615 et
1577 2577 1684 2615 suo
1711 2576 1889 2630 quas-

232 2665 340 2720 que
373 2649 696 2706 collocatas
745 2649 802 2703 in
838 2649 1061 2718 ordine,
1112 2649 1264 2721 typis
1315 2649 1523 2704 iterum
1571 2648 1888 2703 mandavit.

231 2739 388 2795 Duas
416 2739 498 2794 ibi
556 2755 758 2794 carum
789 2738 949 2792 dedit
999 2737 1292 2793 versiones
1333 2737 1590 2804 Latinas,
1634 2752 1886 2808 quarum

231 2829 421 2902 prima
451 2827 760 2900 genuinas,
804 2827 1059 2882 secunda
1109 2827 1444 2898 suppositas
1475 2827 1888 2897 interpretatus

233 2924 342 2974 est.
376 2918 487 2973 Sel
524 2917 680 2986 prior
711 2917 930 2971 ultimis
989 2917 1269 2972 versionis
1300 2915 1650 2981 Usserianaa,
1688 2921 1884 2988 poste-

236 3007 366 3062 rior
396 3005 729 3060 versionum
760 3005 1004 3076 Sylviiet
1030 3004 1290 3061 Μιεδίτωὶ
1314 3004 1505 3076 potius
1535 3005 1889 3060 emendalior

233 3097 646 3168 interpretatio
679 3097 926 3152 dicenda
957 3106 1244 3168 est,quam
1272 3113 1436 3152 nova.

305 3185 573 3257 Denique
625 3185 882 3255 epistola:
917 3185 1125 3258 Ignatii
1165 3186 1219 3239 in
1256 3185 1530 3240 omnibus
1562 3183 1882 3240 Bibliothe-

239 3293 444 3332 carum
487 3279 723 3330 Patrum
758 3276 1112 3331 editionibus
1163 3276 1490 3332 habuerunt
1519 3275 1712 3333 locum
1741 3295 1754 3346 ;
1779 3281 1883 3338 sed
1923 3281 1965 3349 C

237 3366 448 3421 nullibi
491 3365 603 3419 nisi
653 3364 710 3420 in
741 3365 1144 3421 Graeco-latina
1203 3366 1354 3437 typis
1398 3367 1610 3422 Graecis
1659 3385 1882 3425 excusa:

232 3465 388 3512 sunt.
458 3455 524 3510 In
583 3453 715 3510 aliis
765 3471 899 3511 vero
955 3455 1126 3509 varias
1198 3455 1546 3510 exhibentur
1590 3457 1886 3514 versiones

231 3546 456 3601 Latina)
497 3561 510 3611 ;
551 3549 608 3598 0t
659 3545 890 3615 quidem
942 3546 998 3598 in
1061 3543 1641 3616 Orthodoxographia
1698 3548 1884 3602 versio

229 3635 480 3705 antiqua
520 3649 534 3698 ;
568 3632 624 3686 in
669 3632 1030 3688 Bibliotheca
1081 3633 1389 3688 Parisiensi
1421 3637 1477 3688 et
1535 3634 1881 3706 Coloniensi,

229 3728 281 3778 et
313 3721 732 3778 Greco-latina
766 3722 1162 3794 interpretatio
1193 3721 1366 3791 Sylvii
1397 3723 1652 3794 reposita
1683 3729 1785 3780 est.
1820 3731 1881 3780 lu

230 3811 592 3867 bibliotheca
623 3812 858 3866 demum
892 3811 1266 3882 Lugdunensi
1316 3811 1440 3865 dua:
1473 3823 1608 3866 sunt
1641 3829 1875 3868 earum-

229 3902 357 3956 dem
397 3900 778 3972 epistolarum
813 3901 1342 3971 interpretationes,
1380 3917 1628 3972 quarum
1667 3919 1782 3957 una
1812 3919 1880 3957 ex

228 3990 432 4062 Sylvii,
469 3990 656 4043 altera
685 4005 751 4042 ex
792 3987 983 4043 Vossii
1019 3989 1270 4044 editione
1301 3989 1616 4062 desumpta
1645 3992 1878 4060 quidem

227 4079 334 4134 fuit
370 4099 385 4144 ;
420 4079 525 4133 sed
561 4077 672 4132 illis
703 4079 761 4133 in
793 4077 912 4133 haec
953 4077 1270 4149 posteriore
1303 4079 1671 4135 fraudulento
1707 4080 1882 4135 l'also-

227 4187 334 4241 que
371 4168 763 4241 genuinarum
807 4167 1014 4240 Ignatii
1046 4168 1424 4240 epistolarum
1459 4169 1627 4225 titulo
1671 4170 1878 4226 inscri-

224 4259 474 4314 buntur.

886 4365 1114 4422 CAPUT
1157 4367 1228 4421 ll.

222 4492 283 4532 DE
316 4492 512 4532 νΑῐιιιε
558 4491 615 4530 IN
671 4491 878 4532 IGNATII
919 4491 1211 4530 EPIBTOLAS
1263 4491 1420 4530 NOTIS
1477 4492 1542 4530 ET
1597 4491 1872 4534 OBSERVA-

912 4563 1200 4601 TlONlBUS.

2011 2005 2038 2032 ‹‹
2073 1983 2250 2039 Notas
2281 1983 2539 2048 criticas,
2573 1988 2630 2038 et
2674 1985 3105 2042 observationes
3154 1991 3435 2059 quaedam
3466 1992 3653 2063 philo-

2008 2073 2228 2145 logicas
2253 2073 2310 2127 in
2342 2073 2617 2144 epistolas
2672 2080 2892 2147 septem
2928 2092 3237 2146 germanas
3269 2080 3492 2151 Ignatii.
3529 2107 3550 2136 ι
3589 2089 3652 2140 In

2009 2162 2080 2217 iis
2120 2163 2473 2234 quandoque
2505 2163 2830 2221 versionem
2863 2170 3420 2241 suam,quandoque
3445 2175 3652 2244 genui-

2006 2269 2108 2306 nas
2148 2252 2356 2322 Ignatii
2403 2251 2678 2323 epistolas
2729 2259 2927 2310 tuetur
2955 2261 3012 2312 et
3042 2258 3270 2326 asserit,
3305 2263 3653 2334 quandoque

2004 2358 2203 2397 earum
2237 2340 2713 2413 interpolationes
2755 2343 2994 2412 indicat,
3031 2348 3380 2418 quandoque
3412 2351 3649 2408 tandem

2002 2432 2220 2484 textum
2253 2444 2450 2484 earum
2483 2429 2729 2500 explicat
2758 2436 2860 2485 aut
2889 2433 3147 2505 corrigit.

2074 2516 2276 2572 Billius
2310 2533 2542 2588 quoque
2589 2519 2900 2589 quasdam,
2953 2526 3017 2575 ut
3064 2523 3186 2590 ipse
3245 2526 3346 2590 ait,
3377 2526 3647 2582 observa-

2001 2605 2296 2662 tiunculas
2347 2608 2418 2661 ad
2480 2606 2769 2678 lgnatiani
2827 2613 3014 2665 textus
3048 2611 3250 2676 Graeci,
3283 2613 3369 2668 vel
3426 2615 3648 2672 Latinae

2001 2694 2162 2750 illius
2194 2696 2476 2751 versionis
2525 2699 2987 2755 emendationem
3031 2703 3354 2771 posteritati
3390 2704 3644 2775 reliquit.

1997 2842 2024 2908 §
2079 2841 2150 2898 II.
2213 2842 2286 2896 De
2335 2841 2791 2968 adnotationibtis
2846 2845 3092 2926 [Isset-ii,
3145 2846 3314 2902 Vossii
3386 2851 3435 2904 el
3492 2851 3645 2906 Cote-

2771 2929 2896 2968 em.

2771 2929 2896 2970 em.

2072 3046 2336 3103 Usserius
2399 3063 2533 3104 vero
2588 3047 2785 3120 plures
2824 3049 3009 3106 edidit
3058 3051 3488 3123 adnotationes,
3527 3079 3549 3108 ι
3585 3058 3644 3114 in

1998 3136 2236 3206 quibus,
2257 3135 2452 3208 inquit
2482 3137 2604 3205 ille,
2636 3136 2968 3194 Graecorum
2999 3140 3444 3214 exemplarium,
3468 3156 3521 3202 et
3553 3147 3644 3202 in-

1995 3228 2084 3279 ter
2114 3230 2261 3293 se,et
2291 3241 2423 3280 cum
2459 3229 2702 3296 utraque
2719 3230 2910 3283 vetere
2933 3229 3138 3285 Latina
3166 3230 3644 3304 interpretatione

1995 3314 2350 3384 comparatio
2409 3314 2758 3370 continetur.
2824 3339 2851 3365 ››
2879 3316 2988 3372 Sed
3049 3334 3180 3374 cum
3216 3319 3326 3376 illa:
3360 3325 3644 3393 genuinas

1997 3406 2226 3458 tantum
2259 3403 2537 3474 epistolas
2580 3405 2785 3475 Ignatii
2827 3412 3184 3477 spectarent,
3217 3409 3362 3467 alias
3393 3412 3452 3467 in
3484 3430 3642 3470 com-

1997 3495 2291 3549 mentitias
2322 3499 2380 3550 et
2410 3493 2772 3551 adulterinas
2802 3496 2859 3550 in
2892 3499 3220 3569 Appendice
3248 3517 3357 3556 sua
3387 3505 3642 3573 posthaec

1994 3585 2198 3642 edidit.
2235 3585 2459 3641 Priores
2501 3591 2566 3640 ut
2614 3589 2841 3658 praefert
2873 3588 3105 3657 titulus,
3144 3593 3431 3660 quasdam
3467 3597 3639 3666 Igna-

1994 3672 2138 3728 tiani
2167 3677 2364 3727 textus
2405 3674 2818 3740 correctiones,
2850 3681 2951 3731 aut
2983 3678 3268 3733 variantes
3313 3683 3640 3738 manuscri-

1993 3764 2225 3831 ptorum
2251 3761 2518 3814 codicum
2546 3761 2824 3816 lectiones
2856 3763 3516 3824 exbibent.Posteriores
3550 3788 3641 3825 ve-

1992 3866 2053 3904 ro
2076 3847 2161 3904 vel
2191 3848 2440 3903 aliarum
2479 3849 2862 3919 epistolarum
2894 3851 3232 3920 falsitatem,
3267 3865 3365 3910 aut
3397 3856 3632 3915 illarum

1990 3953 2127 3993 cum
2182 3935 2525 4009 apostolicis
2600 3937 3128 3996 Constitutionibus
3185 3941 3632 4004 similitudinem

1991 4026 2346 4098 patefaciunt
2374 4030 2430 4081 et
2459 4026 2880 4083 demonstrant.

2057 4114 2547 4171 Adnotationibus
2578 4116 2767 4172 Vossii
2801 4119 2963 4173 solus
2995 4121 3382 4192 genuinarum
3417 4125 3630 4196 episto-

1984 4204 2175 4260 larum
2207 4208 2394 4259 textus
2427 4204 2771 4277 castigatur,
2803 4211 2901 4262 aut
2949 4211 3235 4266 enodatur
3282 4229 3294 4279 ;
3329 4215 3630 4272 nonnullis

1985 4293 2312 4361 tamen,sed
2347 4293 2724 4365 paucissimis
2756 4297 3146 4366 quarumdam
3179 4301 3391 4359 veritas
3414 4305 3628 4376 episto-

1987 4383 2165 4438 larum
2192 4381 2495 4438 asseritur.
2547 4385 2865 4455 Postquam
2899 4390 3094 4442 autem
3146 4388 3484 4448 Blondellus
3513 4412 3628 4450 non

1986 4470 2147 4526 nulla
2186 4471 2394 4526 harum
2448 4472 3019 4530 animadversionum
3072 4482 3264 4533 errata
3317 4481 3627 4552 arguisset,

1985 4565 2126 4617 tunc
2165 4561 2408 4616 Vossius
2438 4561 2704 4631 epistola,
2738 4563 2808 4617 ad
2870 4564 3140 4621 Rivetum
3199 4567 3355 4639 data,
3387 4575 3564 4642 atque
3595 4592 3626 4628 a

223 4659 246 4723 §
293 4657 335 4712 l.
398 4656 471 4731 De
512 4653 768 4731 gnatis}!
818 4653 1292 4731 chaercntionipus
1336 4653 1876 4731 _Vairnel_ii__$ylvii,
1909 4647 1952 4712 Ι)
1981 4650 2292 4706 Pearsonio
2341 4651 2396 4703 in
2439 4649 2595 4705 calce
2626 4650 3029 4708 Vindiciarum
3086 4671 3322 4710 suarum
3369 4658 3622 4731 vulgata,

366 4726 658 4782 Martialis
682 4725 953 4794 Mastran',
988 4724 1206 4780 Nicolai
1239 4725 1450 4781 Vedelii
1470 4734 1522 4780 et
1551 4724 1729 4782 Βίιιίἱζ

288 4835 375 4889 Ex
408 4833 481 4888 iis
499 4831 599 4903 qui
631 4832 888 4904 aliquam
909 4832 1294 4904 epistolarum
1320 4833 1528 4905 Ignatii
1561 4834 1873 4890 editionem

223 4925 676 4987 adornaverunt,
737 4921 979 4992 plurimi
1046 4921 1180 4978 illas
1239 4922 1394 4976 notis
1453 4921 1874 4978 observationi-

221 5010 443 5080 busque
489 5010 617 5065 suis
666 5007 962 5066 illustrare
1004 5009 1265 5081 aggressi
1297 5015 1459 5066 sunt.
1508 5012 1586 5065 Ac
1618 5010 1872 5082 primum

221 5101 458 5172 quidem
495 5098 828 5155 Vairnelius
851 5097 1080 5172 Sylvius
1093 5099 1358 5170 quadam
1377 5099 1434 5154 in
1453 5116 1552 5155 eas
1583 5100 1870 5167 observat,

224 5189 293 5244 ad
319 5194 518 5245 textus
547 5187 728 5244 Graeci
789 5192 890 5244 aut
940 5188 1225 5244 versionis
1258 5205 1376 5243 suae
1427 5187 1869 5260 explicationem

223 5277 608 5332 conducentia
646 5293 659 5343 ;
694 5277 793 5330 sed
855 5292 976 5346 quae
1007 5277 1078 5332 ad
1139 5281 1362 5332 textum
1413 5282 1699 5350 spectant,
1728 5295 1869 5350 pau-

223 5366 376 5422 ciora
439 5371 601 5432 sunt,
664 5365 1024 5438 minorisque
1073 5369 1371 5422 momenti.
1436 5367 1514 5422 Ea
1562 5371 1758 5423 tamen
1808 5368 1866 5424 in

224 5455 494 5510 omnibus
529 5455 763 5510 Patrum
805 5454 1182 5510 Bibliothecis
1218 5454 1508 5526 publicata
1539 5457 1790 5512 luerunt.

290 5543 576 5600 Martialis
630 5543 944 5599 Maestraeus
1000 5543 1198 5614 plures
1237 5559 1472 5614 quoque
1515 5543 1574 5598 in
1631 5545 1862 5601 easdem.

222 5629 757 5688 animadversiones
787 5631 1061 5702 vulgavit,
1094 5647 1344 5704 quarum
1376 5631 1506 5687 aliaa
1535 5631 1605 5686 ad
1642 5636 1860 5689 textum

221 5719 511 5792 Graecum,
542 5722 988 5794 versionemque
1032 5736 1201 5779 suam
1252 5720 1548 5793 pertinent
1579 5741 1594 5795 ;
1628 5720 1752 5779 alia
1786 5723 1858 5779 ad

1987 4740 2060 4797 ad
2093 4739 2225 4794 illas
2252 4744 2484 4795 strenue
2516 4741 2969 4811 propugnandas
3001 4757 3314 4814 aggressus
3348 4752 3454 4802 est.

2056 4829 2356 4883 Postremo
2386 4826 2707 4883 Cotelerius
2737 4828 2795 4882 in
2828 4846 3030 4885 omnes
3063 4832 3265 4901 Ignatii
3292 4838 3471 4892 nostri
3505 4839 3624 4910 epi-

1984 4917 2164 4974 stolas
2195 4921 2362 4972 notas
2395 4916 2591 4972 emisit
2619 4923 2796 4988 atque
2827 4919 3280 4979 observationes.
3315 4925 3469 4988 Quas
3491 4943 3624 4983 vero

1983 5007 2042 5062 in
2075 5007 2357 5079 genuinas
2390 5005 2487 5060 ille
2520 5006 2779 5078 protulit,
2813 5025 2894 5064 ea
2923 5012 3145 5066 caeteris
3177 5013 3454 5069 omnibus
3487 5024 3624 5070 sunt

1981 5096 2290 5169 longiores,
2323 5095 2514 5167 iisque
2545 5111 2658 5150 non
2690 5095 2880 5152 solum
2912 5103 3105 5156 textus
3137 5100 3485 5171 illustratur,
3521 5111 3623 5159 sed

1980 5185 2068 5241 hie
2125 5185 2498 5257 potissimum
2557 5186 2818 5256 epistolas
2854 5187 3078 5258 Ignatio
3124 5190 3514 5246 vindicantur.
3551 5195 3616 5248 In

1981 5274 2111 5330 aliis
2147 5273 3036 5344 porroadnotationibustextum
3071 5279 3331 5335 auctoris
3353 5296 3418 5335 ex
3453 5282 3625 5338 variis

1980 5364 2224 5419 aliorum
2257 5367 2492 5417 Patrum
2526 5364 2880 5419 testimoniis
2913 5367 3202 5438 praecipue
3231 5369 3520 5439 explanat,
3554 5390 3622 5428 ac

1977 5450 2328 5523 quibusdam
2373 5449 2428 5502 in
2457 5448 2601 5504 locis
2633 5450 2702 5504 de
2735 5452 3085 5524 virginitate,
3121 5455 3191 5510 de
3223 5458 3626 5528 apostolorum

1974 5536 2705 5611 conjugio,nonnullisque
2735 5539 2806 5594 de
2831 5539 3116 5597 haereticis
3147 5561 3477 5602 sermonem
3513 5549 3629 5606 dis-

1974 5629 2457 5704 putationemque
2489 5625 2761 5684 instituit.
2796 5629 3080 5687 Caeterum
3129 5650 3336 5690 omnes
3376 5635 3486 5694 illa:
3524 5640 3627 5695 do-

1975 5718 2224 5778 ctissimi
2255 5717 2364 5774 viri
2416 5715 2850 5778 observationes
2879 5721 3142 5792 ejusdem
3200 5728 3340 5782 sunt
3370 5729 3622 5800 generis,
