4060 6206
453 423 572 487 559

451 577 517 617 ac
547 576 624 615 ea;
657 574 806 630 quas
840 556 899 611 in
923 553 1200 610 Barnabaa
1222 549 1526 623 epistolam
1540 549 1810 605 edidit.In
1834 546 2102 618 utrisque

449 654 673 714 tamen,
726 662 797 699 ne
823 644 961 713 quid
1014 640 1483 703 dissimulamus,
1518 640 1659 694 illud
1692 638 1907 694 eruditi
1939 635 2097 692 desi-

451 739 749 795 darant,ut
778 749 811 786 a
834 730 1131 802 proposito
1159 730 1413 785 auctoris
1432 730 1522 785 sui
1548 734 1709 783 textu
1731 727 1926 783 minus
1948 741 2097 797 saepe

450 827 547 880 ille
580 823 881 893 digressus
913 820 1255 886 fuisset,nec
1273 819 1397 874 suis
1426 824 1544 874 tam
1563 817 1729 873 facile
1753 814 2099 871 indulsisset

451 911 823 985 conjecturis.

1088 1035 1314 1091 CAPUT
1356 1034 1449 1089 Ill.

454 1180 705 1229 QUEDAM
746 1178 911 1218 NOVE
950 1176 1397 1217 OBSERVATIONES
1438 1175 1496 1213 IN
1535 1173 1746 1212 lGNATll
1786 1172 2095 1212 EPISTOLAS.

878 1288 908 1360 §
941 1288 983 1343 Ι.
1024 1290 1098 1342 De
1130 1286 1335 1341 Christi
1363 1284 1670 1340 divinitate.

522 1416 621 1471 His
674 1416 979 1470 doctorum
1030 1412 1337 1468 hominum
1370 1410 1878 1467 observationibus
1921 1409 1966 1465 si
2001 1408 2101 1464 ali-

453 1506 590 1577 quid
653 1504 902 1573 adjicere
960 1502 1130 1557 nobis
1186 1501 1373 1571 liceat,
1433 1502 1621 1571 primo
1681 1499 2098 1555 adnotabimus

453 1610 787 1666 supremam
837 1591 1049 1647 Christi
1082 1591 1311 1646 Domini
1371 1590 1730 1644 divinitatem
1777 1587 1848 1644 ab
1883 1587 2099 1659 lgnatio

456 1690 654 1740 nostro
687 1684 841 1739 clare
872 1687 928 1737 et
959 1683 1261 1752 perspicue
1300 1684 1481 1737 asseri
1508 1690 1559 1734 et
1592 1680 1897 1736 defandi.A
1932 1678 2099 1735 nobis

454 1774 609 1828 enim
636 1774 757 1843 jam
790 1772 1257 1826 demonstratum
1318 1775 1406 1825 est
1446 1768 1611 1824 Verbi
1658 1768 1836 1822 divini
1868 1768 2099 1823 aeterni-

453 1868 627 1917 tatem
660 1861 730 1915 ab
760 1859 858 1914 illo
892 1859 1062 1929 plane
1094 1860 1333 1913 omnino
1365 1862 1421 1911 et
1470 1864 1665 1926 aperte
1700 1858 1791 1912 his
1823 1855 2099 1928 explicari

451 1950 642 2007 verbis
674 1966 688 2004 :
720 1950 818 2007 ’⁸ος
849 1945 988 2001 ἐστιν
1018 1946 1181 1999 αὐτοῦ
1225 1943 1392 2021 λόγος
1439 1941 1634 2013 ἀΐδιος,
1668 1946 1770 1999 οὐκ
1793 1944 1899 1999 ἀπὸ
1942 1952 2101 2019 σιγῆς

452 2035 760 2111 προελθών,
796 2059 823 2087 ‹‹
856 2038 1065 2107 quiest
1094 2035 1283 2107 ipsius
1315 2036 1555 2090 verbum
1606 2040 1886 2090 aeternum
1924 2052 2036 2090 non
2069 2052 2102 2089 a

454 2128 684 2183 silentio
718 2126 1095 2198 progrediens
1121 2124 1186 2179 ⁴⁸.
1223 2147 1251 2173 ››
1283 2124 1457 2195 Atqui
1477 2124 1525 2179 si
1556 2124 1823 2179 Christus
1848 2130 1934 2179 est
1966 2123 2100 2178 Ver-

458 2218 599 2271 bum
631 2215 786 2270 Patri
817 2231 920 2270 suo
953 2219 1329 2282 coaeternum,
1355 2213 1405 2269 is
1436 2213 1559 2284 ipse
1590 2219 1646 2269 et
1666 2213 1931 2283 ejusdem
1964 2229 2098 2267 cum

462 2306 590 2375 ipso
640 2308 881 2373 naturas,
926 2304 1199 2374 idemque
1249 2319 1314 2357 ac
1360 2301 1455 2357 ille
1513 2302 1592 2357 sit
1652 2303 1818 2370 Deus,
1860 2302 2098 2358 omnino

460 2408 698 2448 necesse
728 2396 836 2447 est.

526 2483 725 2555 Neque
779 2482 860 2537 ibi
910 2486 1157 2546 tantum,
1192 2483 1292 2538 sed
1343 2482 1398 2537 in
1451 2481 1584 2538 aliis
1614 2481 1788 2538 etiam
1837 2480 2097 2552 epistolis

453 2570 575 2625 suis
626 2570 892 2626 eamdem
937 2568 1149 2624 Christi
1205 2568 1561 2624 divinitatem
1622 2568 2097 2624 constantissime

449 2658 620 2713 docet
650 2664 706 2713 et
764 2659 1083 2730 praedicat:
1120 2681 1147 2708 ‹‹
1182 2658 1471 2728 Glorifico,
1528 2659 1721 2729 inquit
1775 2657 1842 2727 ⁸⁸,
1890 2659 2094 2714 Jasum

444 2748 739 2805 Christum
777 2750 978 2804 Deum.
1014 2771 1041 2798 »
1075 2747 1229 2804 Alibi
1263 2765 1434 2804 vero:
1482 2770 1509 2799 «
1542 2749 1701 2805 Unus
1719 2756 1805 2804 est
1835 2747 2094 2803 medicus

446 2837 699 2892 carnalis
729 2842 785 2893 et
805 2836 1149 2909 spiritualis,
1168 2838 1354 2893 factus
1384 2843 1440 2892 et
1472 2854 1586 2893 non
1621 2840 1897 2903 tactus,in
1921 2853 2094 2893 carne

442 2931 594 2982 Deus
625 2925 691 2981 ⁴“¹.
726 2948 752 2977 υ
786 2930 917 2981 Haec
936 2926 1154 2998 quippe
1172 2926 1790 2997 ultimalgnatiiverba
1822 2928 1895 2982 ab
1924 2927 2095 2983 Atha.

438 3016 629 3081 nasia,
692 3016 1069 3081 Theoderelo,
1112 3015 1342 3071 Gelasio
1387 3020 1591 3072 contra
1635 3016 1909 3088 antiquos
1952 3016 2093 3071 divi-

438 3104 637 3159 nitatis
666 3104 877 3160 Christi
912 3105 1354 3176 impugnatores
1386 3105 1751 3174 citata,illam
1786 3106 2091 3163 itainvicte

439 3193 750 3265 explicant,
798 3197 926 3248 uta
966 3192 1127 3249 nullo
1177 3193 1463 3249 hactenus
1511 3194 1795 3249 inﬁrmari
1829 3211 2090 3267 unquam

439 3282 760 3355 potuerint.

512 3370 900 3433 Quamobrem
923 3369 1158 3441 quidem
1176 3386 1206 3425 e
1239 3370 1682 3426 Socinianorum
1715 3375 2086 3442 secta,neote-

437 3459 594 3514 ricus
626 3460 893 3531 scriptor,
925 3476 1058 3514 cum
1111 3459 1436 3515 claritatem
1469 3460 1716 3531 hujusce
1765 3462 2083 3517 testimonii

1533 419 1597 477 S.
1642 410 2041 477 IGNATIUS.
2086 442 2165 457 -—
2208 408 2821 472 PROLEGOMENA.

3723 413 3831 476 560

2220 544 2391 599 debet
2423 543 2710 609 adnotari,
2759 543 2914 613 quod
2961 542 3229 614 Ignatius
3260 543 3327 600 de
3369 559 3529 600 sacro
3575 546 3835 603 Christia-

2216 651 2423 690 norum
2456 632 2625 688 altari
2657 632 2723 685 ad
2760 631 3038 702 Ephesios
3070 633 3309 687 scribit:
3349 653 3374 684 α
3400 634 3455 688 Si
3488 636 3613 705 quis
3638 653 3743 691 non
3766 639 3835 693 sit

2207 723 2363 777 intra
2395 722 2598 789 altare,
2624 724 2721 774 τοῦ
2755 719 3162 793 θυσιαστηρίου,
3197 722 3457 792 privatur
3492 740 3632 793 pane
3670 726 3783 780 Dei.
3809 750 3827 779 ι

2209 813 2279 867 Et
2322 812 2394 866 ad
2444 809 2907 881 Philadelphaeos
2941 829 2957 863 :
2992 832 3019 859 «
3080 810 3205 865 Una
3234 810 3388 867 enim
3447 828 3573 867 caro
3626 814 3834 871 Domini

2213 900 2398 955 nostri
2428 899 2567 955 Jesu
2598 898 2839 964 Christi,
2872 907 2926 954 et
2957 915 3107 954 unus
3139 898 3287 955 calix
3317 900 3376 955 in
3418 901 3682 957 unionem
3713 920 3833 959 san-

2209 989 2406 1063 guinis
2456 989 2663 1060 ipsius,
2698 1005 2881 1043 unum
2925 987 3128 1057 altare,
3159 984 3215 1041 ἓν
3262 990 3655 1061 θυσιαστήριον.
3686 1012 3711 1043 ι
3744 992 3835 1049 His

2208 1078 2268 1133 in
2304 1078 2445 1133 locis
2495 1094 2691 1133 vocem
2751 1078 3134 1150 θυσιαστήριον
3184 1076 3243 1133 in
3275 1095 3383 1133 sua
3440 1081 3684 1150 propria,
3714 1098 3833 1137 vara

2207 1185 2273 1223 ac
2297 1167 2550 1239 genuina
2567 1166 3301 1239 signiﬁcatione,nimirum
3331 1185 3431 1237 pro
3456 1185 3614 1223 sacra
3632 1187 3833 1241 mensa,

2205 1255 2267 1312 in
2299 1274 2417 1328 qua
2463 1244 2922 1327 Christi‘corpus
2950 1255 3314 1323 immolatur,
3349 1257 3614 1328 usurpari
3644 1261 3829 1313 certis-

2208 1348 2425 1402 simum
2478 1353 2581 1402 est.
2635 1344 2797 1400 Unde
2841 1346 3094 1416 profecto
3142 1347 3473 1401 refutantur
3518 1346 3832 1420 Calviniani,

2207 1437 2304 1508 qui
2334 1452 2533 1491 verum
2586 1435 2799 1491 Christi
2833 1450 3047 1506 corpus
3090 1434 3147 1489 in
3205 1434 3561 1490 eucharistia
3607 1452 3724 1492 esse
3752 1454 3833 1491 ns-

2210 1530 2438 1597 gantes,
2471 1540 2667 1579 vocem
2714 1540 2948 1595 quoque
2998 1524 3387 1597 θυσιαστήριον
3417 1525 3590 1580 altare
3613 1542 3732 1581 vero
3777 1544 3833 1583 ac

2208 1614 2446 1686 proprio
2479 1612 2809 1680 signiﬁcatu
2842 1630 2944 1683 per
2973 1614 3082 1667 tria
3119 1613 3310 1684 prima
3352 1614 3616 1669 Ecclesiae
3645 1617 3833 1672 sarcula

2208 1703 2280 1758 ab
2312 1702 2569 1773 antiquis
2602 1701 2871 1757 Patribus
2905 1707 3202 1773 acceptam
3236 1702 3592 1757 inﬁciantur.

2282 1811 2522 1865 Frustra
2581 1814 2777 1864 autem
2835 1809 3037 1881 objicit
3090 1810 3372 1867 Vedelius
3448 1812 3828 1868 eucharistiam

2134 1927 2179 1992 B
2212 1898 2422 1971 Ignatii
2455 1904 2715 1971 tempore
2772 1901 2839 1954 ad
2875 1916 3135 1954 mensam
3188 1900 3469 1971 ligneam,
3499 1919 3619 1972 quas
3676 1904 3829 1959 altare

2213 1988 2442 2061 proprie
2491 1988 2712 2043 dictum
2764 2004 2877 2042 non
2925 1993 3070 2057 erat,
3121 1990 3305 2044 fuisse
3366 1991 3824 2046 administratam.

2213 2077 2508 2132 Incertum
2556 2091 2809 2146 namque
2860 2078 3046 2147 primo
3095 2082 3183 2132 est
3214 2082 3416 2132 utrum
3469 2078 3559 2133 his
3590 2079 3821 2134 Ecclesia:

2210 2166 2576 2237 temporibus
2623 2166 2932 2221 Christiani
2982 2166 3185 2221 tabula
3235 2166 3429 2238 lignea
3485 2169 3567 2223 vel
3624 2170 3824 2240 lapidea

2210 2258 2534 2310 uterentur.
2566 2255 2851 2321 Secundo,
2915 2272 3029 2310 non
3066 2257 3339 2311 materies
3394 2257 3616 2329 lapidea
3644 2264 3733 2313 aut
3766 2258 3823 2312 li-

2208 2359 2378 2415 gnea,
2413 2344 2511 2398 sed
2544 2343 2898 2398 sacrificium
2940 2360 3116 2414 super
3147 2360 3438 2415 mensam,
3463 2350 3824 2418 cujuscunque

2213 2432 2477 2487 materiai
2537 2433 2633 2499 sit,
2694 2433 2766 2489 ab
2824 2432 3100 2489 homibus
3159 2434 3281 2489 Deo
3343 2435 3619 2501 oblatum,
3669 2436 3823 2491 altare

2208 2522 2439 2592 proprie
2467 2522 2687 2577 dictum
2719 2522 3041 2579 constituit.

2278 2628 2475 2699 Neque
2500 2645 2633 2684 vero
2676 2629 2732 2683 id
2769 2629 3007 2700 majoris
3061 2632 3348 2688 momenti
3381 2636 3482 2699 est,
3517 2635 3662 2703 quod
3692 2634 3818 2689 idem

2204 2716 2478 2773 Vedelius
2512 2733 2578 2773 eo
2609 2718 2749 2790 quia
2807 2718 3175 2788 mulieribus,
3232 2738 3306 2777 ne
3360 2723 3431 2778 ad
3492 2724 3658 2779 altare
3685 2740 3817 2778 acce-

2205 2806 2430 2873 derent,
2464 2806 2763 2862 nonnullis
2794 2808 3120 2864 canonibus
3160 2811 3408 2866 vetitum
3442 2819 3590 2868 esset
3615 2811 3677 2879 ‘3,
3706 2812 3815 2865 inde

2206 2895 2497 2967 Ignatium
2533 2912 2644 2950 non
2670 2895 2740 2950 de
2763 2896 2956 2967 aliquo
2984 2898 3405 2970 materiali,sad
3439 2902 3507 2956 de
3537 2900 3812 2971 spirituali,

2202 2999 2442 3054 precum
2476 2983 2699 3039 scilicet
2727 2988 2783 3039 et
2812 2988 3138 3040 orationum
3173 2987 3371 3059 altari,
3405 2989 3812 3061 intelligendum

2202 3088 2332 3128 esse
2364 3072 2684 3128 contendit.
2718 3074 3021 3130 Enimvero
3055 3074 3208 3131 idem
3247 3077 3374 3148 ipse
3422 3079 3672 3133 Vedelius
3703 3094 3810 3134 cum

2202 3162 2309 3217 hos
2340 3163 2477 3217 citat
2519 3179 2795 3229 canones,
2827 3163 2929 3234 qui
2958 3181 3154 3220 vocem
3216 3168 3423 3223 altaris
3476 3184 3600 3223 vero
3630 3185 3687 3223 ac
3713 3183 3816 3238 ger-

2200 3267 2374 3305 mano
2407 3268 2582 3307 sensu
2619 3254 3197 3325 usurpant,seipsum
3237 3255 3570 3328 imprudens
3596 3256 3811 3325 jugulat.

2198 3341 2417 3397 Deinde
2452 3343 2708 3412 lgnatius
2740 3344 2810 3398 de
2837 3344 3186 3400 eucharistia
3212 3346 3579 3419 loquitur,ac
3608 3347 3814 3420 proinde

2198 3447 2310 3487 non
2344 3432 2416 3487 de
2446 3432 2741 3504 spirituali
2774 3450 2839 3489 ac
2872 3434 3294 3506 metaphorico,
3330 3438 3431 3493 sed
3464 3440 3533 3493 de
3564 3435 3809 3493 materiali

2194 3526 2250 3575 et
2280 3536 2411 3576 vero
2470 3522 2640 3576 altari
2699 3539 2833 3577 eum
2866 3522 3028 3595 loqui
3089 3539 3332 3582 necesse
3362 3534 3471 3582 est.
3506 3527 3742 3597 Denique
3770 3526 3808 3577 si

438 3549 620 3605 nullis
656 3550 850 3622 impiis
902 3551 1115 3607 mentis
1147 3551 1373 3608 artibus
1432 3555 1745 3608 obscurare
1776 3558 1988 3623 posset,
2019 3570 2085 3611 eo

437 3640 595 3696 venit
629 3641 1118 3711 impudentiaamt
1147 3643 1397 3698 scribere
1431 3659 1609 3698 ausus
1637 3642 1714 3699 sit
1747 3645 1842 3699 :ln
1877 3645 2082 3715 lgnatii

431 3730 696 3801 epistolis
732 3731 1155 3803 propositiones
1175 3734 1881 3805 quasdamincommodas
1911 3739 1966 3788 et
1994 3735 2081 3788 in-

430 3819 624 3875 sulsas
675 3820 940 3891 reperiri,
974 3837 1037 3875 ac
1070 3818 1312 3892 proinde
1363 3839 1497 3878 eum
1529 3824 1586 3877 in
1633 3840 1738 3877 sua
1766 3823 1835 3878 de
1867 3822 2081 3878 Christi

424 3908 726 3965 divinitate
778 3910 1066 3966 sententia
1115 3911 1284 3967 facile
1341 3912 1530 3984 decipi
1604 3912 1864 3985 potuisse
1922 3934 1950 3961 ‹‹
2011 3929 2077 3968 ex

422 3998 737 4053 traditione
767 3996 1023 4067 alicujus
1056 3999 1543 4071 pseudo-Christi,
1577 4005 1634 4057 et
1680 4002 2080 4073 pseudo-apo-

427 4082 584 4139 stoli.
627 4106 647 4131 ι

2196 3612 2545 3668 mulieribus
2596 3612 2796 3669 altaris
2868 3631 3106 3671 accessu
3165 3617 3309 3673 olim
3373 3619 3807 3679 interdicebatur,

2194 3718 2296 3773 per
2326 3702 2505 3757 divini
2541 3708 2769 3758 tantum
2807 3704 2982 3759 ofﬁcii
3018 3710 3312 3777 tempora,
3349 3725 3461 3763 non
3493 3714 3669 3762 autem
3697 3720 3801 3759 cum

2191 3791 2548 3848 aucharistia
2576 3792 2913 3864 accipienda
2958 3799 3132 3865 esset,
3166 3795 3311 3852 illud
3341 3798 3426 3853 eis
3483 3796 3798 3869 prohibitum

2190 3880 2319 3935 fuit.

2262 3987 2517 4044 Instabis
2539 3988 2747 4060 primis
2780 3989 3046 4046 Ecclesia:
3066 3993 3299 4049 seculis
3330 4009 3523 4050 vocem
3548 4016 3575 4043 «
3605 3991 3802 4047 altare»

2188 4076 2379 4133 rarius
2428 4079 2750 4134 adhibitam
2792 4096 2827 4135 a
2874 4080 3172 4150 Patribus,
3235 4085 3501 4155 quicum
3559 4083 3801 4137 adversus

2188 4166 2453 4223 ethnicos
2484 4169 2872 4241 disputarant,
2892 4170 3013 4226 ulla
3042 4171 3395 4231 Christianis
3425 4174 3621 4230 altaria
3647 4171 3801 4225 fuisse

2187 4258 2521 4310 constanter
2552 4258 2971 4326 pernegabant.
3008 4258 3117 4313 Sed
3152 4260 3248 4316 his
3279 4261 3445 4317 facile
3489 4256 3800 4330 respondeas

2186 4342 2372 4412 primo
2399 4360 2597 4399 vocem
2632 4344 2792 4400 illam
2822 4367 2849 4397 ‹‹
2885 4346 3067 4402 altare
3100 4370 3128 4398 »
3161 4351 3236 4404 ab
3270 4352 3515 4422 Ignatio,
3542 4346 3724 4420 quidni
3754 4349 3799 4397 et

498 4170 608 4225 Sed
642 4167 845 4223 nullus
870 4186 1128 4241 unquam
1163 4172 1222 4226 in
1254 4172 1574 4244 Ignatianis
1601 4175 1863 4246 epistolis
1894 4174 2075 4231 ullam

428 4256 858 4311 incommodam
893 4258 1297 4315 autinsulsam
1335 4262 1785 4331 pr0positionam
1821 4264 2079 4334 assigna-

427 4344 532 4400 bit.
568 4344 786 4399 Deinde
819 4347 1089 4417 quamvis
1122 4348 1384 4419 Ignatius
1418 4348 1631 4405 alicubi
1664 4350 1721 4404 in
1750 4352 1923 4407 rebus
1954 4351 2074 4406 cxi-

423 4435 555 4507 guis
584 4433 666 4489 vel
720 4434 940 4491 nullius
975 4437 1256 4492 momenti
1304 4437 1525 4509 aliquid
1588 4439 1829 4494 humani
1866 4458 2074 4510 passus
2186 4432 2257 4485 ab
2289 4429 2422 4485 aliis
2457 4449 2708 4503 quorum
2772 4435 2990 4507 εονὶρίει
3024 4438 3346 4508 Perierunt.
3396 4457 3506 4495 ηοη
3540 4454 3679 4501 Γαῖον
3714 4432 3795 4488 Sed

421 4529 615 4593 esset;
650 4529 871 4580 certum
926 4530 1123 4581 tamen
1155 4532 1241 4582 est
1292 4528 1479 4582 virum
1534 4527 1721 4597 illum,
1772 4546 1900 4586 vere
1934 4548 2071 4601 apo-
2184 4536 2336 4591 saepe
2370 4526 2732 4592 usurpatam.
2759 4525 3103 4591 Secundo,si
3137 4528 3310 4597 primi
3340 4528 3597 4584 Ecclesia:
3627 4525 3793 4579 Patres

418 4614 715 4684 stolicum,
776 4620 834 4671 οι
894 4616 1169 4686 martyrio
1220 4618 1470 4690 jamJam
1531 4622 1949 4685 coronandum,
2010 4621 2069 4676 in
2104 4668 2144 4690 ἢ
2184 4608 2241 4662 in
2276 4609 2399 4663 suis
2431 4615 2630 4664 contra
2664 4628 2920 4683 paganos
2953 4614 3187 4685 scriptis
3219 4625 3273 4671 et
3332 4612 3791 4687 disputationibus

417 4720 648 4760 summo
688 4668 754 4759 ac
805 4668 1096 4778 principio
1143 4668 1323 4764 totius
1346 4668 1712 4765 Ὀιιτίειίαηω
1770 4668 2068 4783 ι-θιίείξπιίε
2102 4668 2146 4732 D
2180 4697 2341 4752 nulla
2379 4668 2769 4755 Christianis“
2789 4702 2995 4757 altaria
3044 4668 3226 4758 fuisse
3280 4668 3566 4770 dixerrunt,
3598 4702 3648 4756 in
3678 4696 3788 4753 aliis

416 4793 601 4862 capite
632 4810 665 4847 a
700 4792 859 4849 nullo
893 4795 1377 4865 pseudo-Christo
1409 4802 1511 4853 aut
1559 4798 2067 4871 pseudo-apostolo

2206 4787 2475 4858 nperibus,
2510 4795 2611 4843 aut
2641 4791 3010 4846 sermonibus
3069 4793 3140 4847 ad
3172 4793 3533 4849 Christianos
3578 4787 3784 4848 habitis,

415 4882 601 4936 fuisse
652 4882 983 4955 deceptum,
1015 4885 1356 4941 Temeraria;
1406 4902 1539 4958 ergo
1588 4888 1698 4942 ίιιω
1748 4889 2065 4961 impiorum
2176 4876 2465 4947 suaipsos
2498 4876 2704 4931 altaria
2736 4876 3014 4934 habuisse
3046 4882 3402 4936 asserebant.
3433 4878 3781 4945 Quamobrem

420 4970 726 5027 hominum
789 4972 1199 5044 responsiones
1262 4975 1635 5047 explodendm
1693 4988 1845 5050 sum,
1896 4981 2065 5052 eique
2176 4983 2309 5022 cum
2346 4969 2746 5041 antiquissimi
2777 4970 2860 5024 illi
2893 4971 3205 5044 scriptores
3236 4972 3349 5028 sibi
3372 4973 3513 5044 ipsis
3544 4962 3779 5027 contrarii

416 5059 1249 5135 doctrinasinhtsrendum,pro
1276 5081 1392 5135 qua
1415 5082 1530 5121 non
1561 5066 1751 5122 solum
1776 5069 2060 5139 Ignatius,

2209 5072 2301 5112 sse
2332 5072 2442 5112 non
2477 5058 2910 5128 possint,iidem
2943 5060 3145 5131 procul
3178 5061 3357 5117 dubio
3390 5060 3483 5115 ubi
3514 5057 3644 5114 illud
3675 5052 3780 5139 inti-

414 5150 510 5204 sed
546 5149 839 5206 innumeri
861 5156 1146 5223 martyres
1168 5156 1514 5225 sanguinem
1540 5171 1713 5211 suum
1738 5138 2062 5215 constantia

2210 5144 2509 5211 iantur,ihi
2546 5146 2614 5200 de
2636 5146 2919 5203 altaribus
2934 5149 3267 5220 publicis,in
3294 5148 3505 5220 quibus
3526 5138 3775 5201 sacriﬁcia

416 5238 749 5294 admirabili
780 5238 989 5311 planeq
1004 5256 1074 5296 ue
1104 5240 1304 5297 divina
1335 5242 1741 5314 profuderunt.
2173 5232 2428 5287 Πλακίωο
2460 5238 2739 5303 apparat“
2775 5239 2832 5289 θῖ
2862 5252 3223 5307 ραεαοοτυω
3256 5252 3415 5291 more
3444 5228 3772 5295 δθτθηίν³υ⁰ί

2169 5320 2555 5392 intelligendi.
2580 5322 2646 5376 Et
2676 5329 2827 5379 certe
2858 5340 2993 5381 cum
3023 5326 3138 5398 ipsi
3169 5325 3567 5382 eucharistiam
3596 5329 3764 5374 verum

2169 5412 2429 5482 corporis
2460 5417 2517 5468 et
2547 5414 2852 5485 sanguinis
2878 5415 3093 5472 Christi
3108 5415 3455 5473 sacriﬁcium
3486 5426 3603 5467 esse
3631 5400 3763 5462 omni

2170 5500 2598 5557 asseveratione
2654 5502 2971 5570 afﬁrmant,
3022 5506 3172 5577 apud
3204 5504 3546 5560 Christianos
3590 5504 3758 5552 verum

661 5364 688 5428 §
718 5361 787 5418 Il.
824 5363 895 5418 De
924 5379 1083 5419 sacro
1138 5363 1578 5422 Christianorum
1611 5370 1812 5428 altari.

478 5489 675 5557 Neque
739 5487 887 5544 illud
948 5489 1128 5546 etiam
1191 5492 1586 5564 perfunctorie
1662 5497 2060 5555 observatione

469 5659 518 5693 ⁸⁸
550 5661 693 5731 Snp.
725 5668 874 5734 part.
908 5683 949 5732 ι,
980 5683 1107 5739 cap.
1138 5669 1227 5736 12,
1260 5668 1289 5741 §
1317 5670 1353 5724 5
1381 5674 1439 5726 et
1464 5670 1520 5742 Ι,
1555 5670 1601 5706 ⁸⁸
1636 5673 1816 5744 Epist.
1851 5676 1930 5733 ad
1962 5676 2141 5750 Smyr.
2174 5675 2219 5712 ⁴⁷
2253 5678 2432 5749 Epist.
2456 5677 2525 5733 ad
2554 5677 2729 5750 Ephes
2752 5679 2795 5715 "
2828 5695 2990 5738 conc.
3026 5680 3248 5738 Laodic.
3281 5695 3405 5736 can.
3432 5678 3512 5732 ﬂ.

3946 4332 3947 4377 1

3944 4412 3945 4467 1

3940 4598 3941 4649 1

3938 4684 3939 4739 1

3936 4774 3937 4829 1

3934 4854 3935 4921 1

3932 4950 3933 5011 1

3930 5054 3931 5101 1

3920 5498 3921 5553 1
