4026 6206
277 324 398 427 sei

1211 367 1282 425 D.
1331 365 1677 429 NOURRII
1722 365 2263 431 DISSERTATIO.
2316 406 2389 417 —
2436 373 2632 435 PARS
2675 374 2784 435 III.

3586 376 3706 436 562

283 519 359 557 ac
385 496 682 572 praprium
705 495 889 552 altare
911 494 1141 567 aliquod
1167 496 1347 553 fuisse
1366 514 1571 571 negare
1599 516 1712 555 non
1732 503 1937 571 potue-
1969 499 2023 565 Α
2052 503 2079 569 §
2108 502 2197 558 IV.
2230 503 2493 563 Diaconos
2539 506 2899 564 eucharistia?
2935 523 3045 562 non
3089 508 3342 564 ciborum
3380 512 3432 565 et
3464 512 3694 578 potuum

279 594 453 646 runt.

360 678 389 750 §
435 678 527 733 III.
568 679 625 731 In
657 677 994 732 eucharislia
1025 692 1214 732 verum
1266 693 1377 734 esse
1422 678 1627 734 Christi
1655 694 1870 748 corpus.

358 769 437 822 Ex
462 768 555 821 his
590 774 785 822 autem
820 766 1205 839 scriptoribus
1229 773 1427 822 noster
1455 768 1512 822 in
1541 768 1747 837 primis
1778 769 1945 838 lgna-

277 858 366 912 tiu
386 874 413 912 s
431 872 629 911 verum
654 859 708 909 in
735 855 1090 910 eucharistia
1113 872 1240 910 esse
1262 855 1478 911 Christi
1506 872 1720 927 corpus
1751 858 1938 911 diser-

283 945 519 1001 tissime
549 944 1047 1016 docet.Siquidem
1072 945 1170 999 ubi
1203 945 1271 1000 de
1298 944 1605 1010 hazreticis,
1635 945 1737 1016 qui
1770 945 1937 1000 Chri-

280 1041 446 1090 stum
484 1050 599 1089 non
635 1049 856 1100 veram,
889 1034 989 1088 sed
1019 1033 1211 1088 ﬁctam
1246 1040 1300 1089 et
1326 1033 1662 1089 simulatam
1701 1050 1935 1089 carnem

279 1124 684 1194 assumpsisse
715 1122 1072 1194 garriebant,
1118 1139 1447 1178 sermonem
1496 1123 1718 1179 habet:
1762 1145 1790 1172 ‹-·
1853 1123 1937 1178 Ab

273 1210 644 1269 eucharistia
675 1211 866 1283 inquit
894 1210 961 1276 ‘9,
995 1211 1315 1277 abstinent,
1349 1215 1582 1282 propter
1612 1229 1725 1267 non
1752 1211 1934 1267 conﬁ-

274 1303 383 1357 teri
418 1317 658 1355 carnem
684 1316 812 1355 esse
847 1300 1165 1356 Salvatoris
1200 1301 1385 1355 nostri
1407 1301 1545 1355 Jesu
1578 1301 1794 1356 Christi
1830 1317 1934 1372 pro

275 1390 532 1461 peccatis
565 1389 778 1443 nostris
802 1405 1061 1459 passam,
1090 1409 1117 1438 ››
1141 1394 1251 1444 etc.
1270 1389 1336 1443 Et
1361 1405 1495 1443 vero
1536 1389 1582 1443 si
1607 1393 1749 1443 tunc
1774 1388 1936 1443 Chri-

277 1480 452 1534 stiani
490 1479 547 1532 in
586 1479 787 1532 eadem
824 1494 887 1532 ac
919 1477 1239 1533 Calviniani
1274 1478 1453 1532 nostri
1508 1477 1756 1532 fuissent
1788 1495 1929 1533 sen-

274 1570 483 1636 tentia,
522 1567 938 1622 eucharistiam
975 1567 1233 1637 corporis
1280 1566 1492 1621 Christi
1525 1568 1743 1621 nudam
1778 1568 1930 1622 dun-

281 1662 440 1712 taxat
496 1672 624 1711 esse
658 1656 924 1725 ﬁguram,
958 1658 1029 1710 ab
1078 1657 1163 1711 eis
1221 1673 1336 1710 non
1389 1656 1581 1726 potius
1632 1655 1729 1710 illa
1768 1656 1927 1726 rejici

280 1746 504 1811 debuit,
525 1762 700 1817 quam
726 1746 1077 1815 baptismus,
1107 1745 1355 1815 quivere
1386 1746 1589 1801 mortis
1618 1745 1833 1801 Christi
1861 1746 1931 1799 ﬁ-

282 1852 430 1907 gura
460 1852 585 1890 esse
617 1835 855 1889 dicitur.
891 1834 1012 1889 Imo
1063 1836 1135 1889 ab
1159 1835 1277 1890 illis
1337 1840 1393 1890 et
1420 1836 1778 1891 eucharistia
1812 1853 1925 1891 non

277 1944 443 1982 secus
468 1945 533 1982 ac
548 1926 880 1998 baptismus
896 1928 1178 1982 ambabus
1195 1926 1351 1983 ulnis
1365 1928 1738 1999 suscipienda
1760 1934 1920 1997 erat;

274 2017 494 2088 quippe
527 2033 643 2086 qua
703 2017 999 2071 Christum
1043 2016 1272 2082 nullibi,
1308 2017 1421 2071 nisi
1474 2018 1531 2071 in
1567 2019 1771 2087 ﬁgura,
1808 2036 1922 2074 non

271 2109 465 2176 reipsa
496 2105 789 2159 exstitisse
813 2105 1397 2162 concluderent.Cum
1422 2121 1557 2176 ergo
1578 2107 1649 2160 ab
1675 2106 1924 2161 illaabs-

269 2194 577 2259 tinuerint,
608 2196 665 2248 in
700 2194 902 2249 eadem
934 2194 1057 2265 ipsa
1089 2210 1289 2249 verum
1316 2210 1525 2265 corpus
1556 2194 1766 2250 Christi
1797 2211 1923 2252 esse

269 2300 630 2355 persuasum
664 2284 977 2338 habebant.

337 2374 593 2446 Objiciet
624 2375 871 2430 forsitan
904 2374 1118 2446 aliquis
1149 2374 1591 2443 eucharistiam,
1635 2375 1744 2431 etsi
1800 2393 1917 2431 nu-

266 2467 400 2520 dam
434 2465 703 2535 corporis
734 2465 945 2519 Christi
976 2464 1220 2536 ﬁguram
1236 2464 1381 2529 ,ideo
1401 2469 1596 2521 tamen
1614 2466 1685 2521 ab
1722 2466 1805 2522 eis
1830 2484 1920 2522 re-

256 2557 513 2627 jectam;
549 2555 711 2626 quia,
737 2563 797 2609 ut
830 2556 909 2611 ait
940 2555 1337 2610 Tertullianus
1358 2555 1435 2610 ‘0:
1475 2556 1622 2611 Vana
1642 2572 1745 2623 res,
1779 2557 1920 2627 quod

263 2654 341 2700 est
364 2647 734 2716 phantasma,
765 2645 1003 2714 ﬁguram
1035 2661 1146 2700 non
1176 2644 1446 2701 admittit.
1480 2645 1593 2701 Sed
1651 2645 1767 2701 huc
1818 2646 1920 2703 illa

260 2735 612 2791 Tertulliani
630 2736 946 2789 auctoritas
977 2750 1279 2805 perperam
1316 2735 1914 2791 adducetur.lbienim

261 2826 470 2881 doctus
494 2824 595 2879 ille
624 2824 710 2878 vir
744 2823 1229 2894 Marcionem,qui
1262 2824 1556 2879 Christum
1574 2824 1773 2879 ﬁctum
1809 2825 1911 2880 ho-

260 2914 483 2969 minem
512 2916 567 2966 et
601 2911 950 2981 phantasma
974 2912 1154 2966 fuisse
1185 2911 1489 2979 delirabat,
1510 2912 1615 2967 hoc
1645 2912 1914 2968 testimo-

257 3002 356 3056 nio
388 3000 658 3055 Jeremiaa
679 2999 723 3034 ⁵¹
756 3001 1005 3055 dicentis
1034 3017 1048 3054 :
1085 3000 1301 3065 Venite,
1333 3003 1619 3056 mittamus
1675 3002 1912 3071 lignum,

259 3097 401 3155 etc.,
427 3092 650 3161 egregie
682 3089 1294 3162 refellit,ostenditque
1324 3107 1388 3145 eo
1414 3091 1523 3146 loci
1562 3108 1770 3161 panem
1793 3109 1907 3149 non

257 3182 511 3251 ﬁguram
548 3180 763 3236 Christi
811 3180 1136 3253 simplicem
1170 3187 1227 3235 et
1251 3181 1489 3249 nudam,
1534 3183 1631 3236 sed
1671 3183 1906 3254 prophe-

254 3268 436 3323 ticam
472 3267 775 3339 appellari.
806 3272 878 3322 At
934 3269 993 3322 in
1044 3269 1397 3324 eucharistia
1437 3269 1604 3339 juxta
1662 3270 1905 3327 Calvini-

258 3369 483 3415 starum
518 3359 853 3430 Opinionem
882 3377 994 3414 non
1028 3360 1207 3414 futuri
1260 3362 1518 3431 corporis
1548 3362 1909 3433 prophetica,

260 3451 361 3504 sed
397 3448 663 3520 corporis
693 3465 826 3503 vere
853 3450 1185 3505 exsistentis
1245 3450 1432 3523 ﬁgura
1472 3456 1585 3507 est.
1631 3453 1772 3517 Quis
1806 3469 1907 3507 au-

258 3544 378 3593 tern
415 3538 713 3593 revocabit
744 3539 801 3592 in
835 3540 1081 3593 dubium
1115 3538 1372 3611 aliquam
1432 3543 1712 3612 corporis,
1754 3542 1908 3613 quod

261 3628 545 3682 simulate
576 3631 633 3682 et
664 3628 795 3683 ﬁcte
840 3632 1068 3683 tantum
1103 3629 1351 3696 exsistit,
1381 3646 1551 3700 posse
1583 3646 1712 3686 esse
1761 3632 1910 3702 ﬁgu-

262 3734 414 3772 ram.
452 3715 719 3771 Haeretici
752 3732 887 3788 ergo
939 3717 1023 3771 illi
1056 3717 1205 3772 hanc
1231 3718 1303 3773 ob
1335 3734 1571 3774 causam
1610 3719 1908 3776 eucharisc

262 3809 463 3872 etiam,
497 3806 669 3861 sicuti
704 3806 1085 3877 baptismum,
1115 3823 1287 3877 quem
1327 3808 1469 3862 ﬁctae
1499 3808 1716 3864 Christi
1758 3827 1909 3865 mor-

262 3896 342 3951 tis
378 3896 629 3967 ﬁguram
658 3911 787 3951 esse
809 3897 1224 3962 concedebant,
1250 3912 1523 3967 respuere
1545 3914 1659 3953 non
1691 3898 1911 3954 debue-

262 3988 430 4039 runt.

338 4074 473 4127 Vim
506 4073 752 4143 hujusce
782 4074 1113 4146 argumenti
1143 4091 1276 4130 cum
1320 4076 1566 4131 sentiret
1612 4076 1911 4144 Claudius,

262 4163 768 4221 Charentonensis
800 4162 938 4218 olim
972 4164 1259 4230 minister,
1292 4165 1351 4218 in
1384 4164 1557 4220 aliam
1590 4166 1733 4220 abiit
1779 4182 1912 4221 sen-

264 4253 539 4310 tentiam.
589 4254 909 4323 Respondit
938 4254 1134 4325 itaque
1164 4254 1209 4287 ⁵²
1243 4254 1350 4309 hos
1408 4254 1708 4313 haereticos
1739 4255 1914 4312 stulto

265 4344 595 4399 credidisse
624 4342 1050 4414 Christum,qui
1082 4359 1281 4398 verum
1300 4358 1515 4413 corpus
1538 4360 1652 4399 non
1687 4344 1911 4411 habuit,

265 4435 364 4489 his
398 4433 627 4489 verbis:
662 4435 769 4489 Hoc
797 4438 875 4489 est
921 4449 1117 4505 corpus
1172 4449 1374 4499 meum,
1409 4450 1636 4506 panem,
1671 4440 1736 4491 ut
1783 4452 1914 4492 cor-

265 4541 384 4597 pus
418 4539 595 4579 suum
628 4524 810 4592 ﬁeret,
840 4539 1034 4579 revera
1067 4524 1397 4595 adoptasse.
1433 4525 1496 4579 Id
1519 4541 1651 4581 vero
1686 4530 1749 4581 ut
1781 4542 1912 4598 pro-

266 4616 390 4677 bet,
424 4613 1000 4683 Tertullianum,loco
1031 4633 1065 4671 a
1096 4614 1262 4670 nobis
1295 4632 1475 4687 supra
1504 4616 1915 4683 citato,testem

266 4704 564 4776 producit.
605 4704 714 4759 Sed
749 4703 828 4759 ibi
859 4704 1261 4761 Tertullianus
1281 4705 1353 4760 de
1376 4704 1473 4760 illa
1513 4706 1915 4763 haereticorum

268 4793 457 4849 stulta
482 4792 754 4863 opinione
784 4809 854 4848 ne
886 4793 1199 4849 minimum
1227 4794 1466 4864 quidem
1490 4796 1725 4851 verbum
1761 4796 1913 4852 fecit.

343 4883 530 4937 Instat
560 4880 657 4937 ille
704 4899 771 4938 ex
822 4881 1174 4938 Bellarmino
1206 4884 1277 4938 ab
1337 4882 1623 4939 haereticis
1654 4883 1769 4939 illis
1802 4902 1915 4940 non

274 4975 397 5026 tam
448 4975 886 5025 sacramentum
928 4970 1317 5039 eucharistiaa,
1350 4987 1519 5042 quam
1573 4974 1915 5042 mysterium

272 5060 703 5116 Incarnationis
737 5061 914 5117 fuisse
941 5061 1522 5131 impugnatum.Quid
1556 5061 1690 5117 inde
1710 5062 1737 5117 ‘I
1758 5062 1918 5117 Nun-

275 5148 422 5217 quid
454 5148 799 5219 mysterium
816 5148 1238 5203 Incarnalionis
1252 5148 1412 5204 aliter
1439 5150 1775 5220 impugnari
1804 5166 1919 5205 non

276 5242 511 5307 potest;
549 5237 661 5291 nisi
686 5236 953 5293 Christus
967 5253 1196 5307 panem,
1216 5242 1281 5293 ut
1312 5253 1483 5293 suum
1509 5255 1721 5309 corpus
1742 5244 1918 5305 esset,

274 5326 589 5397 adoptasse
622 5327 850 5381 dicatur
873 5326 900 5380 ?
923 5326 1051 5382 Haec
1074 5343 1214 5382 sane
1237 5343 1407 5397 quam
1441 5344 1587 5383 vana
1616 5328 1735 5384 sint
1753 5332 1810 5384 et
1828 5329 1923 5383 fu-

273 5414 426 5480 tilia,
460 5432 633 5472 nemo
657 5433 773 5472 non
799 5416 973 5472 videt.

348 5543 393 5578 ⁴⁹
424 5546 614 5619 Epist.
656 5543 726 5600 ad
753 5544 991 5619 ;Smyr._
1018 5543 1090 5619 A50
1148 5543 1388 5619 lib.4_1v,
1419 5549 1569 5619 cogit.
1596 5548 1864 5619 Marcion.
1914 5561 1979 5619 ca

924 5660 936 5673 .
968 5617 1057 5683 21,
1090 5615 1381 5689 pag._269.
1457 5616 1506 5651 ⁵³
1536 5618 1718 5689 Epist.
1754 5618 1825 5673 ad
1860 5617 1983 5673 Τναί

274 5629 489 5691 ρθζρει.
527 5624 675 5691 part.
712 5632 775 5683 ιι,
810 5631 913 5691 cap

278 5686 451 5763 ofﬂa,
484 5686 617 5765 cap.
645 5691 733 5747 42.
810 5688 854 5724 ⁸⁸
879 5686 1008 5745 can.
1038 5686 1126 5745 Η.
1172 5686 1248 5720 ί⁵⁷
1271 5704 1416 5745 sese.
1449 5690 1538 5745 23.

1940 3223 1982 3289 C

2636 595 2753 635 esse
2781 580 3088 637 ministros.

2125 681 2561 739 Observandum
2590 700 2821 755 quoque
2860 684 3296 739 diaconosinter
3337 701 3537 740 sacros
3567 686 3706 741 ado-

2052 770 2215 823 randi
2248 771 2612 827 eucharistiae
2643 773 2993 827 sacramenti
3025 773 3328 827 ministros
3359 774 3431 827 ab
3466 774 3690 844 lgnatio

2050 859 2374 927 computari
2397 857 2443 892 ⁵³
2470 875 2481 913 :
2517 881 2537 907 ι
2576 860 2816 930 Oportet
2837 866 2893 915 et
2912 860 3189 916 diaconos
3213 861 3513 916 ministros
3543 863 3695 917 exsi-

2048 950 2267 1000 stentes
2326 948 2739 1018 mysteriorum
2788 949 2924 1004 Jesu
2984 950 3286 1006 Christi....
3347 949 3472 1005 Non
3530 952 3689 1006 enim

2046 1036 2310 1091 ciborum
2334 1043 2389 1092 et
2414 1042 2657 1108 potuum
2683 1043 2824 1093 sunt
2850 1039 3122 1095 ministri.
3157 1062 3184 1089 »
3211 1040 3542 1095 Hincetiam
3565 1044 3690 1096 Ste-

2046 1122 2301 1193 phanus,
2326 1142 2481 1179 unus
2514 1141 2581 1179 ex
2612 1131 2837 1197 septem
2864 1127 3073 1197 primis
3103 1127 3374 1183 Ecclesiae
3406 1127 3687 1197 diaconis,

2044 1213 2116 1267 ab
2148 1213 2455 1269 Ambrosio
2472 1215 2518 1249 “
2540 1219 2777 1270 vocatur
2799 1231 2812 1270 :
2833 1237 2861 1264 «
2886 1214 3149 1271 Minister
3170 1215 3370 1271 altaris
3396 1234 3455 1283 ;»
3469 1221 3526 1271 et
3538 1217 3688 1271 Lau-

2045 1303 2268 1357 rentius
2298 1304 2450 1373 apud
2482 1305 2749 1358 eumdem
2779 1306 3097 1369 doctorem,
3121 1304 3346 1359 Sixtum
3380 1321 3682 1360 summum

2043 1392 2378 1460 pontiﬁcem
2397 1392 2698 1447 hisverbis
2722 1392 3093 1463 compellat“
3118 1409 3130 1447 :
3155 1412 3177 1441 ι
3194 1393 3463 1463 Experire
3488 1399 3685 1450 utrum

2043 1478 2314 1534 idoneum
2348 1480 2685 1536 ministrum
2718 1482 3082 1552 elegeris,cui
3106 1482 3455 1536 commisisti
3482 1482 3684 1536 Domi-

2042 1567 2155 1621 nici
2187 1570 2492 1640 sanguinis
2510 1571 3027 1626 consecrationem.
3060 1592 3089 1619 »
3122 1571 3233 1625 Sed
3268 1569 3414 1625 illud
3448 1570 3679 1640 potissi-

2039 1673 2196 1712 mum
2230 1658 2291 1711 in
2318 1659 2510 1714 verbis
2529 1659 2737 1730 Ignatii
2761 1660 3528 1731 animadvertendum,quod
3555 1660 3681 1731 ipse

2038 1746 2107 1801 de
2138 1747 2344 1802 iisdem
2378 1748 2635 1803 diaconis
2666 1748 2924 1804 addidit:
2962 1771 2983 1798 ι
3020 1749 3144 1804 Non
3167 1749 3321 1804 enim
3342 1750 3601 1805 ciborum
3625 1755 3683 1805 et

1960 1860 2003 1925 Β
2037 1843 2278 1905 potuum
2304 1841 2445 1891 sunt
2464 1836 2739 1892 ministri.
2766 1859 2793 1887 ››
2815 1838 3041 1892 Etenim
3075 1838 3135 1891 hi
3167 1838 3418 1907 primum
3440 1840 3678 1908 quidem

2037 1932 2097 1977 ut
2127 1926 2435 1979 viduarum
2458 1942 2903 1997 pauperumque
2926 1942 3125 1981 curam
3151 1926 3515 1992 gererent,ab
3538 1942 3677 1995 apo-

2033 2012 2200 2067 stolis
2220 2019 2359 2068 sunt
2388 2014 2666 2069 ordinati.
2700 2018 2913 2070 Verum
2948 2014 3363 2070 secundarium
3398 2014 3547 2069 illud
3574 2031 3676 2070 eo-

2034 2117 2161 2156 rum
2199 2118 2438 2169 munus,
2463 2103 2731 2173 quamvis
2763 2103 2962 2175 prima:
2996 2103 3255 2175 ipsorum
3285 2103 3553 2159 electioni
3584 2120 3677 2159 oc-

2030 2191 2325 2247 casionem
2352 2193 2695 2263 praebuisset
2719 2210 2734 2262 ;
2753 2193 3106 2264 quibusdam
3128 2198 3323 2248 tamen
3346 2194 3407 2248 in
3421 2193 3678 2265 regioni-

2031 2280 2143 2335 bus
2176 2281 2351 2351 paulo
2378 2286 2508 2351 post
2540 2283 2653 2337 fuit
2676 2282 3099 2338 mutationibus
3130 2282 3469 2338 obnoxium.
3500 2282 3675 2337 Porro

2030 2368 2075 2423 si
2127 2370 2266 2440 quid
2329 2376 2531 2425 contra
2578 2370 2949 2427 Justinianus
3004 2375 3062 2427 et
3092 2372 3352 2443 synodus
3396 2370 3677 2427 Trullana

2027 2458 2385 2525 deﬁnierint,
2410 2459 2515 2513 hac
2543 2460 2601 2514 in
2626 2476 2685 2515 re
2714 2476 2784 2515 ex
2816 2460 2968 2516 male
3000 2459 3332 2528 intellectis,
3369 2476 3500 2518 cum
3525 2460 3671 2515 Neo-

2028 2547 2389 2603 caesariensis
2420 2548 2646 2603 concilii
2674 2548 2741 2616 ⁵⁸,
2774 2556 2900 2605 tum
2946 2548 3339 2621 Chrysostomi
3379 2550 3571 2604 verbis
3600 2550 3673 2604 ab

2028 2638 2272 2709 antiqua
2292 2638 2527 2693 Patrum
2560 2639 2873 2695 traditione
2914 2642 3303 2695 recesserunt.

2028 2745 2055 2816 §
2088 2743 2149 2798 V.
2183 2746 2621 2800 Ecclesiasticam
2644 2745 3213 2800 hierarchiamtribus
3244 2751 3461 2800 tantum
3488 2748 3668 2801 sacris

2096 2816 2382 2871 ordinibus
2428 2820 2705 2888 componi,
2737 2827 2790 2872 et
2839 2817 3119 2887 episcopos
3173 2817 3506 2889 presbyteris
3554 2832 3673 2873 esse

2094 2889 2421 2958 superiores.

2094 2994 2689 3050 Animadvertendum
2726 3000 3000 3066 praeterea
3034 2994 3323 3067 Ignatium
3355 3011 3447 3050 res
3474 2994 3665 3050 Eccle-

2021 3083 2120 3138 size
2137 3084 2535 3139 ministrorum
2552 3084 2785 3139 ordines
2800 3101 2903 3139 nec
2920 3084 3113 3153 plures
3127 3082 3287 3138 ullibi
3303 3100 3666 3150 memorasse,

2020 3173 2327 3244 episcopos
2359 3172 2604 3239 scilicet,
2632 3175 2998 3245 presbyteros
3058 3177 3116 3228 et
3162 3173 3461 3230 diaconos.
3496 3172 3660 3228 Unde

2021 3261 2312 3333 intelligas
2333 3260 2782 3317 ecclesiasticam
2808 3261 3199 3318 hierarchiam
3222 3262 3281 3316 in
3311 3262 3403 3317 his
3433 3268 3661 3317 tantum

2017 3351 2205 3406 tribus
2236 3350 2544 3406 ordinibus
2575 3352 2646 3405 ab
2686 3368 2752 3405 eo
2806 3350 2988 3405 fuisse
3036 3353 3437 3406 constitutam.
3498 3351 3659 3416 Quod

2017 3439 2253 3510 quidem
2269 3438 2528 3510 synodus
2550 3438 2893 3493 Tridentina
2914 3437 3022 3492 hoc
3045 3454 3266 3493 canone
3289 3439 3503 3493 diserte
3521 3455 3660 3494 con-

2017 3528 2213 3583 ﬁrmat
2241 3534 2297 3583 et
2318 3529 2521 3583 deﬁnit
2549 3526 2622 3582 '7:
2656 3549 2684 3577 «
2717 3528 2773 3581 Si
2799 3528 2930 3598 quis
2961 3527 3172 3582 dixerit
3194 3527 3252 3581 in
3286 3527 3543 3583 Ecclesia
3563 3544 3656 3583 ca-

2016 3618 2233 3673 tholica
2260 3634 2372 3673 non
2406 3634 2534 3673 esse
2592 3617 3008 3684 hiersrchiam,
3040 3616 3237 3671 divina
3295 3617 3661 3672 ordinatione

2016 3707 2369 3774 institutam,
2400 3723 2529 3779 quas
2562 3711 2790 3761 constat
2831 3721 2898 3760 ex
2928 3704 3238 3775 episcopis,
3283 3704 3659 3775 presbyteris,

2018 3800 2073 3851 et
2101 3794 2408 3858 ministris,
2440 3794 2754 3849 anathema
2811 3793 2908 3847 sit.
2940 3814 2969 3842 »
3019 3793 3346 3853 Addamus,
3382 3794 3431 3847 si
3473 3793 3658 3858 lubet,

2017 3881 2304 3955 Ignatium
2319 3882 2538 3953 ubique
2552 3882 2726 3936 etiam
2747 3880 3152 3952 episc0porum
3179 3897 3293 3952 prae
3311 3880 3664 3950 presbyteris

2018 3973 2413 4030 excellentiam
2434 3973 2515 4028 ita
2546 3972 2698 4027 clare
2730 3970 3020 4035 docuisse,
3054 3976 3114 4025 ut
3147 3970 3297 4025 hanc
3328 3970 3400 4025 ob
3424 3987 3666 4025 causam

2019 4062 2344 4118 Calvinistaa
2377 4076 2630 4128 omnem,
2668 4059 2750 4116 uti
2775 4060 2903 4115 fuse
2935 4077 2968 4115 a
3000 4060 3164 4115 nobis
3195 4059 3664 4116 demonstratum

2020 4156 2129 4218 est,
2160 4150 2442 4207 moverint
2471 4150 2870 4222 lapidem,quo
2904 4148 3011 4204 bas
3042 4148 3317 4220 epistolas
3345 4148 3416 4204 ab
3442 4148 3667 4219 Ignatio

2021 4241 2271 4313 scriptas
2314 4258 2430 4296 non
2465 4239 2646 4295 fuisse
2679 4237 3071 4295 ostenderent.
3105 4238 3216 4294 Sed
3240 4237 3392 4292 irriti
3428 4239 3666 4294 fuerunt

2023 4330 2228 4401 injusti
2258 4346 2460 4386 eorum
2501 4333 2768 4396 conatus,
2801 4344 2867 4383 ac
2912 4327 3120 4384 victrix
3180 4327 3398 4399 ubique
3454 4329 3666 4385 veritas

2023 4435 2253 4491 semper
2282 4417 2684 4489 triumphavit.

2094 4525 2237 4595 §Vl.
2278 4530 2350 4582 Ds
2380 4525 2653 4582 codicibus
2702 4540 2881 4579 manu
2928 4522 3177 4579 exaratis
3222 4524 3421 4578 harum
3469 4525 3668 4596 cpisto-

2754 4596 2957 4650 larum.

2099 4706 2202 4761 His
2224 4702 2731 4760 observationibus
2763 4706 2819 4759 et
2858 4701 3003 4756 illud
3043 4701 3411 4769 adjiciamus,
3444 4703 3670 4759 nullum

2026 4794 2408 4866 epistolarum
2442 4792 2646 4863 Ignatii
2680 4791 2933 4847 codicem
2971 4806 3144 4844 manu
3205 4796 3505 4848 exaratum
3532 4792 3672 4850 huc-

2027 4899 2215 4955 usque
2237 4887 2529 4954 repertum
2565 4882 2766 4947 fuisse,
2790 4880 2893 4951 qui
2932 4878 3172 4934 omnino
3230 4879 3451 4950 integer
3480 4884 3558 4938 sit
3615 4892 3674 4944 et

2027 4973 2416 5044 incorruptus.
2444 4969 2551 5034 Qui
2583 4969 2739 5025 enim
2794 4967 3075 5024 hactenus
3132 4968 3265 5023 usui
3324 4970 3578 5041 fuerunt,
3630 4960 3669 5027 ii

2029 5077 2175 5133 pene
2206 5075 2408 5115 omnes
2437 5074 2601 5114 veras
2641 5064 2695 5112 et
2726 5056 2903 5112 falsas
2934 5056 3146 5127 Ignatii
3180 5056 3363 5111 nostri
3394 5059 3672 5129 epistolas

2031 5149 2400 5206 confundunt
2429 5152 2486 5204 et
2518 5146 2892 5219 permiscent.
2927 5147 2992 5200 In
3050 5144 3273 5200 Latinis
3303 5161 3437 5201 vero
3472 5164 3673 5203 exem-

2032 5240 2449 5312 plaribus,qua:
2466 5237 2731 5310 pluribus
2746 5236 2804 5291 in
2818 5235 2961 5291 locis
2980 5239 3253 5305 corrupta
3265 5236 3679 5301 sunt,habetur

2031 5329 2245 5397 versio,
2276 5346 2392 5401 qua
2424 5332 2612 5383 textus
2642 5326 2872 5381 Grecus
2908 5328 3027 5379 tam
3062 5323 3401 5393 scrupulose
3431 5326 3501 5379 ad
3522 5326 3677 5383 litte-

2035 5436 2161 5474 ram
2212 5416 2496 5483 redditur,
2529 5420 2592 5469 ut
2652 5431 2719 5470 ea
2750 5415 2990 5469 omnino
3021 5410 3316 5483 inelegans
3347 5413 3423 5470 sit
3451 5421 3508 5471 et
3545 5416 3678 5472 bar-

2030 5544 2159 5600 .IiO.
2237 5540 2282 5576 ⁶¹
2342 5558 2471 5613 cap.
2530 5539 2729 5607 11,19.
2806 5538 2850 5572 ⁸¹
2900 5540 3183 5607 Respons.
3243 5538 3315 5593 ad
3374 5543 3543 5598 tract.
3594 5547 3681 5601 De

1986 5561 2027 5671 ἵ
2104 5614 2149 5648 ⁸⁸
2181 5612 2281 5667 lib.
2312 5614 2389 5668 De
2446 5612 2721 5671 viramit..
2772 5625 2898 5671 can.
2935 5608 3080 5671 18,§
3127 5608 3249 5667 119.
3327 5612 3371 5646 ⁸⁸
3402 5612 3501 5669 lib.
3537 5631 3556 5670 ι
3607 5618 3680 5671 οε

2104 5614 2149 5648 ⁸⁸
2181 5612 2281 5667 lib.
2312 5614 2389 5668 De
2415 5608 2721 5683 'virgmit.,
2772 5625 2898 5682 cap.
2935 5608 3080 5680 18,§
3127 5608 3249 5667 119.
3327 5612 3371 5646 ⁸⁸
3402 5612 3501 5669 lib.
3537 5631 3556 5670 ι
3607 5618 3680 5676 De
