4026 6206
266 345 383 406 565

1339 350 1681 412 ANDREE
1725 349 2143 412 GALLANDII
2190 347 2606 411 PROCEMIA.

3564 362 3682 426 566

267 482 550 551 hiatus,et
577 482 808 540 lacunae
838 488 1335 556 occurrunt,certe
1366 487 1628 560 plerique
1660 487 1910 551 codices,
1943 489 1996 554 Α
2031 485 2349 558 ditatisque
2378 485 2757 556 devenerunt,
2788 487 3006 543 utinde
3058 489 3492 562 lgnatlanarum
3519 495 3680 554 litte-

264 590 336 629 ex
366 573 586 645 quibus
616 574 732 630 alia
747 578 987 631 Patrum
1019 593 1196 648 opera
1227 577 1283 632 in
1316 577 1524 650 vulgus
1555 577 1919 650 prodierunt,

267 681 374 719 nee
403 663 728 720 levioribus
762 682 866 721 nec
913 666 1478 738 infrequentioribus
1532 667 1920 739 inquinentur

265 754 611 810 erratis.sAt
630 754 754 810 haec
785 759 988 812 contra
1008 758 1347 814 eorumdem
1363 774 1604 829 operum
1619 756 1917 812 veritatem

268 851 324 898 et
355 841 701 914 γνησιὸτητα
733 859 993 915 pugnare
1016 844 1216 901 nullus
1249 847 1458 902 merito
1501 861 1763 919 unquam
1784 845 1919 915 jure

263 932 496 987 dixerit.

333 1024 559 1079 Deinde
592 1040 724 1080 vero
747 1040 862 1080 non
896 1024 1042 1081 alios
1073 1025 1392 1082 Florentini
1419 1026 1637 1082 codicis
1691 1041 1917 1082 errores

261 1113 599 1168 Tentzelius
630 1113 799 1170 nobis
822 1113 1038 1185 objicit,
1083 1132 1261 1186 quam
1322 1114 1456 1172 illos
1504 1116 1604 1186 qui
1654 1115 1818 1187 prius
1844 1114 1916 1169 ab

266 1201 525 1270 Usserio,
557 1201 764 1258 Vossio
795 1207 853 1258 et
883 1203 1196 1260 Pearsonio
1228 1204 1467 1260 indicati
1497 1205 1915 1270 fuerunt.Quo-

259 1291 433 1346 modo
467 1290 652 1362 igitur
682 1290 996 1362 scriptores
1018 1291 1128 1362 illi,
1160 1309 1310 1364 quos
1363 1293 1518 1348 idem
1579 1291 1914 1348 Tentzelius

252 1380 494 1451 lynceos
515 1380 847 1437 etoculatos
862 1381 1068 1437 merito
1108 1381 1456 1454 appellat,eo
1479 1381 1757 1438 caecitatis
1781 1386 1912 1437 tar-

257 1529 2603 1566 Μ

2032 592 2228 632 rarum
2256 575 2430 632 ﬁdem
2462 575 2732 632 vacillare
2763 579 2820 632 et
2849 577 3082 634 concuti
3105 596 3220 636 non
3248 582 3678 642 animadverte-

2030 664 2195 720 rint?
2223 664 2395 720 Nulla
2413 681 2552 721 sane
2584 665 2697 721 alia
2721 683 2899 722 causa
2919 666 3049 733 fuit,
3075 667 3184 723 nisi
3241 671 3376 741 quia
3437 675 3678 731 acrioris

2028 754 2412 825 aequiorisque
2441 753 2551 826 ipsi
2591 756 3188 828 erantjudicii,quam
3224 765 3285 812 ut
3308 771 3541 832 propter
3587 782 3676 820 va-

2029 843 2146 899 rios
2179 844 2461 913 quosdam
2485 842 2852 900 librariorum
2881 853 3354 914 errores,certam
3387 849 3672 910 harumce

2027 933 2429 1004 epistolarum,
2462 933 2548 989 vel
2568 931 2810 989 alterius
2862 935 3175 1005 cujuslibet
3243 937 3667 996 lucubrationis

2026 1022 2324 1079 veritatem
2341 1027 2544 1078 nutare
2565 1023 3004 1079 crederent.Sed
3017 1024 3138 1080 haec
3161 1026 3350 1083 fusius
3367 1032 3665 1102 prosequi,

2025 1116 2081 1170 et
2111 1112 2170 1168 in
2192 1112 2300 1168 hac
2329 1111 2758 1184 Opinione,quie
2783 1115 2902 1166 tam
2938 1113 3008 1167 ab
3043 1113 3290 1170 aliorum
3333 1121 3664 1187 sententiis,

2025 1218 2200 1272 quam
2232 1202 2304 1257 ab
2335 1199 2462 1273 ipsa
2483 1201 2720 1257 veritate
2749 1201 2894 1256 adeo
2922 1201 3214 1272 abhorret,
3247 1205 3470 1263 diutius
3497 1209 3665 1265 refel-

2023 1287 2196 1344 lenda
2225 1286 2913 1360 immorari,superﬂuum
2927 1288 3166 1346 omnino
3189 1290 3465 1350 etinutile
3496 1295 3666 1351 nobis

2024 1379 2273 1437 videtur.

2616 1527 3656 1568 Μ

1071 1714 1817 1816 ANDBBE
1921 1714 2858 1816 GALLANDII

1649 1952 2272 2050 PRO(EMIA

1000 2175 1094 2230 AD
1126 2171 1497 2229 EPISTOLAS
1526 2169 1780 2230 SANGTI
1812 2171 1902 2227 ET
1931 2171 2113 2228 ACTA
2155 2169 2504 2228 MARTYRII
2541 2169 2882 2229 EJUSDEM.

923 2333 1204 2400 (Veterum
1235 2330 1467 2385 Patrum
1497 2327 1797 2397 Biblioth.,
1829 2330 1875 2400 t,
1905 2329 1948 2401 Ι,
1978 2327 2238 2385 Venetiis
2288 2328 2447 2401 1765,
2464 2327 2715 2402 Proleg.,
2746 2345 2804 2403 p.
2838 2330 2973 2402 LW.)

786 2535 1019 2593 CAPUT
1050 2535 1354 2592 PRIMUM.

244 2651 489 2725 Septem
504 2643 782 2725 epistolas
798 2648 1039 2721 scripsit
1051 2642 1658 2725 S.lgnatius.Darum
1671 2641 1894 2725 duplex

324 2722 636 2804 exemplar
669 2722 945 2798 ;alterum
965 2723 1543 2804 sincerum,alterum
1567 2722 1892 2804 interpola-

322 2803 499 2866 tumI
519 2806 704 2866 Misso
727 2811 1080 2885 posteriore,
1112 2804 1325 2883 agitur
1367 2803 1436 2864 de
1458 2806 1684 2885 priore,
1717 2803 1892 2882 cujus

325 2895 756 2968 proponuntur
772 2885 1069 2968 editiones
1088 2885 1708 2968 praecipuaeﬂmnium
1739 2885 1894 2965 opti-

321 2964 456 3040 ma,
486 2985 615 3047 quatD
645 2975 726 3027 est
763 2965 1000 3026 Thomas
1029 2964 1288 3026 Smithi.

319 3083 682 3153 Scriptorum
714 3082 1241 3139 ecclesiasticorum
1274 3081 1556 3138 saeculum
1579 3099 1621 3137 ιι
1652 3081 1892 3139 inchoat

232 3176 292 3227 8.
331 3172 620 3244 Ignatius,
651 3172 963 3243 episcopus
999 3171 1398 3227 Antiochenus
1454 3175 1512 3227 et
1569 3175 1824 3240 martyr;
1860 3189 1892 3228 a

229 3279 345 3333 quo
367 3261 636 3333 epistolae
664 3261 767 3330 για,
816 3260 1125 3333 Smyrneis,
1213 3262 1540 3332 Polycarpo,
1616 3261 1888 3332 Ephesiis,

233 3351 556 3420 Magnesia,
588 3350 1180 3421 Philadelphiensibus,
1223 3350 1520 3405 Tralliauis
1573 3361 1746 3421 atque
1787 3351 1889 3406 Ro-

230 3441 429 3496 manis
461 3439 761 3512 inscriptas
786 3444 1129 3496 noscuntur.
1165 3438 1382 3494 Harum
1435 3439 1647 3510 duplex
1703 3444 1892 3495 exstat

237 3533 512 3585 Graecum
546 3528 890 3600 exemplar:
931 3527 1182 3584 alterum
1231 3527 1488 3597 brevius,
1542 3544 1888 3599 germanum

233 3623 417 3690 atque
443 3618 740 3674 sincerum
795 3635 808 3685 ;
855 3616 1102 3672 alterum
1143 3615 1394 3687 longius.
1452 3615 1886 3689 interpolatum.

239 3709 420 3764 Misso
456 3706 874 3779 posteriore,ad
906 3706 1529 3762 nostruminstitutum
1562 3705 1717 3762 haud
1759 3722 1888 3778 per-

232 3798 489 3863 tinente,
524 3797 595 3851 de
620 3796 810 3867 priore
842 3812 996 3851 nunc
1029 3812 1222 3851 sermo
1253 3795 1583 3852 habendus.

1925 2539 1974 2604 B
2004 2534 2123 2592 tino
2140 2535 2464 2592 redditam:
2502 2553 2678 2608 quam
2720 2537 2995 2610 deinceps
3055 2556 3255 2610 unam,
3295 2558 3427 2598 cum
3485 2546 3644 2605 Actis

2005 2627 2284 2699 lgnatiani
2320 2627 2760 2700 martyrii,anno
2794 2630 2930 2684 1699
2959 2630 3017 2685 in
3048 2631 3335 2703 Spicitegii
3380 2633 3475 2690 SS.
3527 2643 3651 2692 Pa-

2005 2721 2156 2772 trum
2185 2716 2479 2772 volumine
2511 2718 2561 2773 Il
2589 2716 2848 2773 Joannes
2875 2720 3419 2778 ErnestusGrabius
3443 2725 3652 2783 Oxonii

2004 2805 2233 2876 prodire
2272 2806 2474 2876 jussit.
2518 2805 2664 2861 Hinc
2722 2811 2918 2864 autem
2972 2807 3227 2865 Joannes
3278 2809 3536 2868 Clericus
3585 2814 3645 2871 in

2003 2894 2260 2950 editione
2288 2894 2668 2964 Coteleriana,
2688 2896 2866 2953 semel
2897 2897 3229 2969 iterumque
3257 2915 3395 2956 ann.
3421 2900 3560 2956 1698
3591 2907 3649 2958 et

2006 2984 2141 3040 1724
2173 2984 2594 3040 Amstelodami
2625 2987 2889 3058 repetita,
2934 2988 3198 3044 eamdem
3233 2989 3302 3044 ad
3352 2989 3647 3048 Romanos

2003 3073 2333 3146 epistolam,
2365 3075 2632 3131 versione
2661 3075 3044 3132 Ruinartiana
3073 3076 3307 3146 refecta,
3360 3095 3459 3135 sex
3508 3080 3645 3136 reli-

2001 3165 2130 3235 quis
2163 3164 2406 3220 sinceris
2446 3163 2746 3220 addidisse
2791 3165 3185 3237 comperitur:
3219 3165 3279 3220 in
3309 3183 3427 3240 qua
3443 3173 3643 3227 tamen

2000 3254 2244 3320 edenda,
2276 3269 2341 3310 ea
2371 3253 2635 3310 libertate
2668 3271 2835 3310 usum
2869 3254 3163 3325 .jnovimus
3219 3273 3348 3328 qua:
3398 3258 3640 3316 minime

2001 3343 2302 3414 probanda
2329 3343 2576 3411 videtur,
2602 3347 2666 3398 ut
2689 3359 2758 3398 ex
2787 3360 2919 3400 mox
2950 3344 3212 3401 dicendis
3237 3347 3492 3417 patebit.

2072 3429 2289 3486 Exinde
2318 3447 2471 3499 vero,
2504 3447 2534 3486 e
2576 3431 2819 3489 Medicei
2849 3432 3068 3489 codicis
3109 3434 3448 3506 exemplari,
3478 3439 3633 3510 quod

2000 3536 2146 3574 novo
2177 3529 2230 3574 et
2261 3519 2706 3576 accuratissima
2739 3522 2930 3577 studio
2966 3522 3354 3594 exscripserat
3370 3525 3638 3582 V.C.An-

1999 3610 2197 3666 tonius
2253 3610 2434 3666 Maria
2483 3609 2798 3678 Salvinius,
2835 3611 3012 3667 aliam
3069 3613 3387 3669 editionem
3447 3615 3644 3671 emisit

2000 3699 2204 3755 Oxonii
2242 3700 2377 3753 1708
2407 3699 2469 3754 Ο.
2513 3698 2871 3770 Aldrichius,
2939 3702 3042 3772 qui
3102 3706 3322 3757 textum
3373 3701 3640 3759 Graecum

2001 3795 2172 3863 prout
2202 3789 2370 3846 illum
2402 3790 2636 3846 exhibet
2667 3808 2781 3848 ms.
2814 3797 3012 3848 exacte
3039 3810 3144 3866 pro
3182 3793 3409 3850 viribus
3447 3795 3651 3866 impri-

312 3885 617 3942 Breviores
651 3885 824 3956 igitur
852 3885 1306 3956 epistolas,quas
1335 3883 1538 3940 habuit
1575 3884 1887 3953 Eusebius,
1924 3911 1967 3978 ο
2008 3880 2286 3978 tuendum
2307 3879 2551 3978 cursv-it.
2586 3884 2663 3934 De
2685 3879 2792 3978 hac
2858 3881 3365 3978 autem-editione-
3410 3900 3649 3954 peracre

241 3993 393 4047 quas
425 3975 612 4031 edidit
633 3973 1009 4046 Polycarpus,
1033 3991 1181 4045 quas
1231 3973 1460 4046 scripsit
1507 3974 1790 4046 Ignatius,
1831 3979 1896 4030 ut
1929 3967 1967 3978 “”
1997 3968 2288 4039 judicium
2322 3967 2448 4025 tulit
2478 3969 2736 4024 Thomas
2758 3969 3024 4025 Smithus
3067 3970 3127 4026 in
3158 3969 3405 4042 epistola
3467 3975 3654 4029 West-

232 4081 373 4120 cum
407 4064 725 4120 Pearsonio
766 4063 997 4135 loquar,
1041 4063 1269 4134 primus
1330 4062 1388 4117 in
1449 4061 1640 4118 lucem
1691 4064 1898 4119 extulit

239 4152 674 4209 Amstelodami
708 4152 864 4222 1646,
893 4151 972 4220 4ο,
1007 4153 1243 4208 lsaacus
1272 4148 1516 4207 Vossius
1549 4169 1617 4207 ex
1642 4168 1753 4207 uno
1801 4170 1895 4208 su-

238 4245 485 4315 perstite
505 4241 867 4298 bibliotheca
897 4241 1170 4298 Mediceis
1191 4241 1390 4297 codice
1409 4249 1895 4314 ms.veteremque

239 4331 514 4388 Latinam
541 4332 866 4387 versionem
911 4330 1160 4397 addidit,
1213 4346 1390 4401 quam
1447 4329 1645 4387 Graeco
1703 4346 1895 4386 exem-

236 4426 389 4498 plari
412 4424 833 4496 propemodum
849 4424 906 4477 in
923 4421 1198 4479 omnibus
1214 4421 1664 4493 respondentem
1687 4421 1869 4478 Oxoni

239 4516 385 4570 1644
420 4513 698 4585 vulgarat
751 4511 1008 4568 Jacobus
1057 4508 1352 4568 Usserius.
1421 4511 1628 4567 Verum
1667 4527 1800 4567 cum
1834 4511 1891 4567 in

237 4621 302 4661 eo
337 4604 542 4660 codice
575 4587 908 4658 Florentino
935 4602 1162 4656 deesset
1192 4599 1438 4671 epistola
1468 4601 1539 4656 ad
1571 4600 1891 4667 Romanos,

237 4694 403 4749 illam
434 4709 505 4748 ex
527 4690 1014 4762 interpolatarum
1039 4689 1296 4746 editione
1349 4689 1748 4761 desumptam,
1783 4691 1896 4745 du-

236 4789 400 4839 ctore
431 4790 619 4837 vetere
642 4780 980 4852 interprete,
1039 4796 1159 4835 suae
1220 4777 1540 4849 integritati
1586 4780 1892 4836 restituere

233 4874 480 4928 adortus
522 4874 630 4926 est.
681 4871 842 4924 Hanc
901 4873 1099 4925 autem
1159 4867 1503 4924 Vossianam
1551 4867 1889 4935 editionem,

238 4973 294 5024 et
318 4967 562 5038 quidem
585 4963 1046 5037 castigatiorem,
1087 4963 1299 5019 iterum
1331 4961 1701 5034 evulgarunt,
1722 4960 1893 5019 Usse—

238 5059 365 5112 rius
390 5054 650 5127 primum
687 5051 931 5110 Londini
964 5052 1030 5106 16
1046 5051 1134 5120 47,
1179 5050 1390 5107 deinde
1444 5050 1762 5108 Cotelerius
1793 5057 1894 5108 Pa-

239 5146 400 5202 risiis
422 5144 586 5200 1672.

2005 4057 2359 4114 monasterio
2382 4057 2474 4114 die
2502 4058 2536 4113 3
2566 4058 2758 4115 Martii
2781 4058 2977 4114 1708-9
3009 4061 3082 4116 ad
3131 4059 3421 4118 Thomam
3470 4066 3651 4120 Hear-

2005 4147 2168 4203 nium
2202 4147 2371 4204 data:
2405 4147 2463 4202 in
2495 4163 2562 4204 ea
2594 4147 2886 4219 siquidem
2919 4165 3036 4205 non
3083 4149 3273 4206 solum
3321 4155 3508 4208 errata
3563 4153 3647 4210 1e-

2003 4237 2164 4293 viora
2195 4240 2352 4292 notat
2377 4236 2595 4308 quibus
2626 4237 2866 4308 singulm
2922 4239 3148 4311 paginae
3197 4243 3444 4313 scatent,
3497 4242 3649 4300 unde

2004 4343 2234 4400 quoque
2255 4326 2475 4398 pluries
2497 4327 2998 4384 deformatalectio
3015 4345 3029 4398 ;
3045 4345 3246 4386 verum
3265 4331 3441 4388 etiam
3467 4349 3653 4403 pauca

2001 4433 2032 4474 e
2065 4416 2264 4474 multis
2296 4416 2491 4473 aliain
2518 4417 2778 4473 medium
2804 4418 3176 4490 profert,quzs
3208 4419 3328 4476 sive
3353 4437 3654 4492 gramma-

2001 4506 2126 4562 tica
2159 4505 2388 4579 legibus
2419 4505 2540 4562 sive
2567 4506 2824 4562 auctoris
2847 4507 3028 4562 menti
3081 4513 3432 4580 repugnant.
3489 4510 3651 4569 Hanc

2002 4601 2198 4651 autem
2232 4595 2446 4651 Smithi
2489 4595 2797 4667 epistolam
2848 4612 2981 4652 cum
3007 4595 3141 4652 aliis
3185 4597 3258 4652 ad
3310 4598 3646 4669 Ignatianas

2001 4683 2289 4755 Epistolas
2321 4684 2772 4755 pertinentibus,
2799 4684 2858 4738 in
2890 4683 3080 4740 lucem
3103 4684 3482 4741 amittendam
3515 4704 3653 4744 cen-

2000 4772 2118 4828 suit
2147 4771 2396 4842 ipsemet
2418 4772 2703 4828 Hearnius
2725 4773 2784 4828 in
2817 4771 3143 4843 Appendice
3175 4775 3246 4829 ad
3291 4773 3564 4833 volumen
3604 4778 3650 4834 Il

2003 4861 2261 4917 Chronici
2286 4860 2518 4918 Joannis
2541 4860 2949 4918 Glastoniensis
2994 4864 3274 4934 monachi,
3306 4880 3470 4937 pagg.
3521 4867 3647 4922 461.

2000 4951 2125 5020 469,
2158 4967 2294 5007 ann.
2331 4950 2473 5005 1726
2502 4950 2779 5023 evulgati.

2071 5143 2422 5216 Insequente
2452 5147 2647 5200 autem
2675 5160 2812 5200 ann.
2845 5144 2985 5201 1709
3007 5145 3224 5218 prodiit
3248 5146 3389 5204 item
3435 5148 3644 5206 Oxonii

311 5243 484 5290 Anno
505 5237 706 5289 autem
739 5231 877 5287 1689
903 5230 1204 5302 epistolam
1240 5229 1319 5286 ad
1352 5231 1646 5328 Romanos,
1679 5246 1807 5302 quae
1830 5230 1888 5286 in
1921 5279 1966 5342 D
2001 5231 2728 5304 prestantissimalaudati
2751 5233 2988 5290 Thomas
3005 5233 3404 5292 Smithiedilio
3437 5253 3646 5309 gquam

238 5325 436 5381 codice
469 5339 577 5380 ms.
607 5321 866 5377 Mediceo
899 5319 1364 5386 desiderabatur,
1413 5318 1705 5376 intextum
1737 5336 1882 5391 quo-

235 5431 353 5486 que
372 5413 425 5468 S.
463 5411 674 5482 Ignatii
700 5410 1040 5481 martyrium
1070 5409 1678 5486 praeferentemmtque
1709 5411 1883 5466 veteri

233 5481 538 5574 interpreti
602 5499 911 5558 Usseriano
989 5481 1351 5554 adamussim
1435 5498 1882 5569 aequiparatam,

232 5591 480 5648 Parisiis
513 5587 732 5661 publici
750 5587 903 5660 juris
926 5586 1060 5644 fecit
1105 5585 1499 5644 Theodericus
1571 5586 1882 5645 Ruinatius

233 5681 291 5738 in
313 5681 461 5739 Actis
492 5687 808 5751 martyrum
834 5678 1090 5749 sinceris,
1117 5676 1189 5733 ab
1218 5675 1347 5748 ipso
1369 5675 1443 5732 cl.
1505 5675 1723 5734 editors
1769 5680 1879 5735 La-

1999 5321 2236 5393 quidem
2268 5321 2403 5378 licet
2429 5339 2462 5376 a
2484 5322 2701 5378 Clerico
2732 5323 2969 5394 insuper
2985 5323 3249 5380 habitam
3298 5324 3357 5381 in
3391 5328 3650 5383 secunda

1992 5410 2370 5479 Coteleriana,
2390 5411 2668 5482 deinceps
2719 5419 2912 5468 tamen
2968 5420 3106 5468 sunt
3163 5416 3349 5470 secuti
3393 5417 3648 5473 Joannes

1992 5498 2319 5554 Ludovicus
2343 5498 2894 5570 FreyetRichardus
2927 5499 3135 5556 Russel
3159 5517 3172 5556 :
3195 5507 3253 5558 et
3273 5502 3371 5559 ille
3403 5505 3642 5577 quidem

1990 5587 2051 5643 in
2080 5587 2340 5659 Epistolis
2369 5588 2467 5644 SS.
2528 5590 2757 5644 Patrum
2815 5589 3266 5662 apostolicorum,
3326 5611 3452 5666 qua:
3489 5613 3642 5655 anno

1994 5677 2132 5733 1742
2163 5675 2399 5734 Basileac
2431 5678 2588 5752 typis
2639 5694 2862 5736 excussa
2906 5678 2963 5737 fu
2980 5680 3236 5752 ere;hic
3262 5696 3400 5742 vero
3446 5685 3506 5743 in
3555 5704 3648 5747 eo-
