4026 6206
410 368 528 428 567
1468 363 1531 422 S.
1579 361 1978 424 IGNATIUS.
2025 394 2079 405 —

2204 357 2761 421 ROLEGOMENA.
3664 363 3765 425 568

416 503 688 559 rumdem
719 501 814 557 SS.
846 501 1078 555 Patrum
1105 496 1532 563 apostolicorum
1564 498 1822 568 operibus
1851 497 2051 565 genui-
2090 498 2136 564 Α
2167 495 2415 565 scriptis.
2477 493 2798 567 Septimam
2858 508 3013 560 vero,
3063 491 3134 547 ad
3186 493 3459 562 Romanos,
3501 511 3609 551 una
3657 513 3774 553 cum

417 596 525 660 nis,
562 590 804 648 Londini
837 607 972 644 ann.
1007 587 1148 642 4746
1181 588 1239 642 in
1263 585 1471 657 vulgus
1517 587 1770 642 emissis.
1806 587 2073 652 Quando-
2176 586 2319 639 Actis
2349 583 2616 654 mar/yrti
2645 583 2700 639 S.
2749 583 2970 654 Ignatii,
3002 598 3067 636 ex
3126 581 3373 638 editione
3429 582 3776 641 Ruinartiana

421 683 659 753 quidem
697 694 826 734 vero
857 679 1006 732 hanc
1039 676 1250 733 Smithi
1298 676 1617 732 editionem
1678 693 1792 748 prta
1851 675 2071 730 caeteris
2175 675 2440 730 Smithus
2466 674 2826 746 desumpsit;
2859 689 3101 744 eamque
3125 671 3527 730 nimiscuriose
3549 680 3776 731 assecta-

419 772 534 843 ipsi
567 785 799 841 quoque
849 766 1212 839 sequendam
1261 766 1567 833 duximus;
1623 770 1930 836 propterea
1981 763 2072 818 hic
2177 769 2294 833 tus,
2341 764 2410 818 ad
2459 763 2713 817 litteram
2756 764 2873 818 fere
2930 762 3233 834 expressit,
3267 774 3335 818 ne
3382 763 3676 834 quidquam
3724 768 3774 820 in

428 859 756 915 describere
790 861 1046 928 praestat,
1073 872 1196 928 quea
1255 857 1325 912 de
1383 872 1488 911 suo
1533 856 1798 911 instituto
1843 871 1975 909 cum
2015 854 2072 906 in
2180 859 2340 910 textu
2373 859 2587 908 temere
2621 856 2881 908 mutasse
2913 851 3228 909 videretur:
3291 854 3523 908 mendas
3569 855 3776 910 interim

439 946 776 1020 praefatione
808 957 932 1002 tum
957 946 1015 1000 in
1047 946 1291 1016 epistola
1315 946 1383 1000 ad
1417 945 1734 1000 Hearnium
1750 945 1922 1000 modo
1953 943 2074 998 lau-
2180 960 2306 1014 quae
2339 943 2395 996 in
2447 940 2644 997 oculos
2679 941 2972 1010 insiliunt,
3025 941 3083 995 in
3115 940 3266 997 notis
3297 942 3650 1012 corrigendae
3681 943 3780 998 sibi

438 1042 574 1096 data
594 1039 864 1096 edisserit
895 1039 967 1094 cl.
1003 1038 1207 1094 editor.

509 1131 785 1185 Testatur
841 1129 1036 1198 itaque
1094 1127 1357 1182 Smithus
1414 1131 1843 1198 peropportune
1909 1125 1982 1180 ad
2014 1138 2077 1179 se

438 1220 816 1274 transmissae
861 1217 1104 1271 Joannis
1182 1215 1464 1287 Ledgardi
1513 1215 1777 1284 schedas,
1809 1213 2078 1270 editionis

437 1309 730 1363 Vossianaa
765 1306 1135 1361 collationem
1169 1323 1303 1360 cum
1322 1306 1577 1362 Mediceo
1605 1307 1804 1362 codice
1833 1303 2080 1374 comple-

438 1402 681 1462 ctentes,
717 1412 890 1465 quam
927 1395 1023 1450 ille
1054 1403 1193 1450 dum
1240 1395 1543 1450 Florentia;
1585 1400 1780 1464 ageret
1833 1392 2079 1448 Joannis

437 1484 733 1540 Pearsonii
764 1492 955 1555 rogatu
981 1485 1342 1551 confecerat;
1407 1488 1719 1554 monetque
1766 1481 2077 1538 consilium

438 1573 729 1643 ejusmodi
751 1573 1065 1629 Pearsonio
1090 1574 1458 1644 suggessisse
1478 1571 1736 1644 ipsumet
1766 1572 2034 1628 Vossium
2063 1586 2076 1624 :

441 1661 540 1731 qui
571 1663 713 1716 dum
773 1663 830 1717 in
883 1661 1266 1716 exscribendo
1313 1678 1379 1717 eo
1425 1661 1622 1717 codice
1678 1665 2080 1732 occuparetur,

439 1749 689 1820 paucula
723 1751 993 1820 quedam
1025 1767 1326 1822 perperam
1368 1749 1603 1821 legisse,
1658 1748 1890 1820 aliaque
1936 1764 2080 1803 non-

2181 1047 2500 1088 reservans.

2255 1121 2336 1176 Ad
2368 1121 2489 1177 haec
2518 1121 2697 1176 textui
2731 1121 2924 1177 Graeco
2983 1127 3232 1176 veterem
3294 1120 3550 1178 Latinam
3598 1123 3784 1178 versio-

2184 1226 2338 1280 nem,
2373 1211 2675 1266 barbaram
2711 1211 2948 1282 quidem
2974 1209 3270 1277 illam,sed
3301 1211 3369 1265 ad
3403 1211 3627 1266 verbum
3657 1213 3785 1268 tide-

2184 1299 2316 1354 liter
2346 1317 2682 1371 expressam
2711 1310 3110 1371 exactamque,
3142 1301 3356 1370 adjecit
3411 1300 3555 1355 idem
3587 1301 3785 1368 editor;

2183 1405 2357 1458 quam
2390 1393 2448 1444 et
2479 1405 2621 1444 novo
2653 1390 2848 1445 studio
2880 1387 3131 1444 contulit
3162 1405 3297 1444 cum
3332 1405 3438 1444 ms.
3464 1391 3647 1445 codice
3666 1394 3789 1444 Can-

2186 1479 2546 1549 tabrigiensi,
2581 1481 2854 1536 correctis
2876 1479 3118 1552 insuper
3150 1478 3310 1535 illius
3341 1480 3788 1547 aberrationibus,

2185 1569 2354 1638 cujus
2383 1585 2558 1640 opera
2589 1586 2732 1625 usus
2763 1569 2952 1626 fuerat
2979 1568 3258 1624 Usserius
3301 1568 3401 1640 qui
3457 1585 3574 1624 eam
3603 1569 3790 1640 primus

2189 1657 2246 1711 in
2280 1656 2468 1713 lucem
2497 1658 2712 1715 emisit.

2260 1747 2419 1802 Licet
2466 1752 2660 1804 autem
2695 1749 2754 1803 in
2813 1766 2920 1804 sua
2970 1749 3270 1821 lgnatiana
3300 1749 3546 1804 editione
3588 1747 3790 1802 concin-

440 1838 600 1892 nulla
631 1856 748 1910 prae
778 1839 1160 1895 festinatione
1184 1855 1250 1894 ac
1282 1839 1453 1894 ttedio
1513 1838 1958 1910 praetermisisse
1981 1854 2079 1893 su-
2111 1865 2157 1931 Β
2188 1836 2382 1890 nanda
2408 1836 2652 1892 multam
2684 1837 2947 1893 Smithus
2981 1839 3340 1910 diligentiam
3389 1838 3718 1900 adhibuerit,
3744 1841 3794 1891 ut

440 1927 800 1998 spicabatur.
834 1931 957 1991 Quo
991 1929 1226 2000 quidem
1262 1928 1657 2000 munere,pari
1678 1927 1977 1983 oculorum
2010 1942 2077 1981 ac

437 2016 656 2087 ingenii
680 2017 822 2086 acie,
849 2018 1070 2088 optima
1101 2017 1214 2072 ﬁde
1245 2020 1586 2089 perfunctus
1628 2017 1807 2073 fuisse
1841 2033 2079 2087 compe-

439 2105 585 2160 ritur
609 2106 1190 2176 Ledgardus;cuiex
1241 2107 1354 2162 otio
1408 2110 1693 2163 maturior
1737 2105 2078 2161 deliberatio

437 2201 495 2249 et
524 2195 747 2250 facilior
787 2212 1069 2251 excusum
1105 2197 1405 2268 exemplar
1485 2212 1623 2252 cum
1677 2195 2078 2266 manuscripto

438 2285 810 2353 comparandi
834 2301 1001 2354 Opera
1034 2286 1412 2357 obtingehat:
1447 2300 1512 2342 eo
1547 2302 1732 2358 usque
1789 2285 2077 2356 siquidem

440 2373 748 2442 processit,
770 2377 834 2427 ut
863 2372 1215 2430 variationes
1238 2373 1684 2446 perexiguas,ne
1745 2373 1932 2428 dicam
1961 2373 2081 2428 titi-

439 2461 642 2526 vititia,
673 2477 819 2532 pene
849 2462 919 2516 ad
954 2479 1232 2517 nauseam
1264 2462 1472 2518 litteris
1509 2463 1888 2533 consignarit.
1921 2462 2079 2517 Hanc

439 2555 631 2603 autem
660 2550 943 2621 integram
976 2550 1342 2606 collationem
1363 2551 1820 2622 Ledgardianam
1850 2551 2079 2606 duabus

439 2638 707 2706 ejusdem
730 2637 942 2693 Smithi
963 2638 1230 2710 epistolis
1253 2641 1322 2695 ad
1339 2640 1640 2713 lgnatiana
1656 2640 2079 2710 spectantibus,

439 2726 478 2780 l.
513 2743 561 2781 c.
598 2727 848 2797 subjecit
867 2728 1176 2784 Hearnius.

510 2815 626 2871 Hoc
650 2816 828 2886 igitur
850 2817 1002 2872 haud
1037 2833 1177 2872 sane
1202 2819 1480 2874 mediocri
1531 2819 1794 2875 subsidio
1843 2820 2078 2890 adjutus

435 2905 526 2959 vir
548 2905 605 2958 in
639 2905 748 2959 hoc
807 2906 1137 2960 studiorum
1190 2923 1401 2978 genere
1435 2907 1975 2971 exercitatissimus,
2010 2908 2078 2962 ad

438 3008 605 3046 suam
643 2993 950 3048 editionem
1013 2995 1409 3049 adornandam
1459 3011 1520 3050 se
1565 2995 1830 3050 contulit.
1864 2997 2078 3061 Quaain

437 3080 721 3136 Vossiana
746 3082 976 3136 fuerant
999 3083 1118 3137 sive
1151 3088 1367 3138 temere
1424 3085 1646 3140 omissa
1697 3084 1815 3140 sive
1866 3101 2080 3156 praepo-

439 3174 592 3224 stere
635 3170 944 3238 exscripta,
1002 3187 1069 3226 ex
1128 3188 1276 3228 nova
1315 3176 1428 3228 ista
1455 3173 1731 3245 Ledgardi
1769 3173 2080 3229 collatione

439 3257 732 3329 supplevit
761 3259 1231 3332 emendavitque,
1263 3261 1481 3317 additis
1499 3279 1726 3334 quoque
1753 3262 1970 3334 passim
2005 3263 2077 3318 ad

439 3346 660 3418 paginis
693 3346 942 3402 limbum
971 3348 1282 3404 breviculis
1316 3348 1552 3406 scholiis
1596 3355 1652 3405 et
1706 3351 2081 3422 conjecturis,

438 3434 734 3504 quibusin
767 3435 966 3492 oculos
995 3436 1162 3492 facile
1209 3437 1645 3494 incurrentibus
1695 3443 1888 3495 textus
1914 3439 2082 3496 lectio

439 3522 720 3578 reddatur
747 3522 976 3594 planior
1002 3529 1176 3598 atque
1209 3527 1589 3583 emendatior.

509 3611 706 3684 Neque
727 3611 821 3668 hic
843 3614 1232 3670 omittendu'n
1267 3616 1422 3686 quod
1448 3618 1723 3672 admonet
1741 3617 1926 3673 solers
1969 3617 2084 3672 edi-

438 3704 530 3757 tor
552 3707 748 3759 noster
776 3703 835 3757 in
872 3705 1108 3774 praefata
1127 3704 1196 3758 ad
1229 3706 1547 3760 Hearnium
1609 3707 1979 3777 epistola,ubi
2015 3707 2084 3762 de

439 3789 710 3846 iisverba
768 3790 905 3846 facit
955 3792 1054 3862 qui
1087 3793 1328 3849 editioni
1383 3793 1771 3850 Aldrichiana:
1812 3797 2085 3852 curandae

438 3881 832 3949 praefuerunt:
874 3904 894 3929 α
933 3881 1325 3952 Bigidlssimis
1348 3884 1946 3956 censoribus,inquit,
1978 3902 2086 3957 pa-

437 3984 567 4023 rum
597 3971 968 4026 excusandus
1000 3971 1234 4026 videtur
1254 3971 1320 4026 D.
1356 3972 1610 4041 Vossius,
1644 3973 1741 4045 qui
1793 3975 1853 4029 in
1911 3977 2080 4045 epist.

436 4059 515 4112 ad
544 4057 600 4114 S.
634 4059 1028 4128 Polycarpum,
1061 4066 1202 4115 sect.
1225 4061 1280 4128 5,
1344 4062 1690 4131 particulam
1752 4065 2082 4133 negativam

441 4147 516 4212 μή
569 4145 718 4198 inter
747 4151 804 4199 et
827 4144 1052 4216 ὁμιλίαν
1095 4153 1152 4202 et
1182 4151 1344 4200 ποιοῦ
1379 4151 1640 4218 inseruit,
1663 4166 1795 4205 cum
1825 4166 1855 4203 e
1886 4152 2083 4206 codice

438 4232 771 4285 Florentino
802 4231 972 4302 plane
997 4235 1259 4303 absit,ut
1284 4237 1408 4308 ipse
1442 4237 1500 4292 in
1544 4239 1838 4294 adnotatis
1883 4241 2080 4294 obser-

435 4318 582 4384 vavi,
611 4335 714 4374 nec
742 4320 800 4374 in
826 4336 928 4375 suo
980 4322 1178 4377 codice
1218 4324 1447 4394 legebat
1502 4330 1668 4380 vetus
1728 4326 2080 4383 Usserianus

436 4406 722 4479 interpres
749 4425 761 4463 :
791 4410 962 4480 cujus
993 4412 1313 4466 reverentia
1327 4417 1385 4466 et
1409 4413 1750 4469 auctoritate
1768 4421 1964 4471 motus
2014 4433 2080 4473 ex

437 4497 634 4554 codice
665 4514 794 4554 meo
827 4498 985 4554 illam
1008 4498 1214 4568 delevi,
1239 4500 1326 4556 vel
1352 4502 1578 4565 saltem,
1623 4508 1688 4558 ut
1729 4504 1956 4559 uncinis
1979 4507 2080 4576 qui

2189 1941 2255 1980 ex
2286 1924 2567 1982 hactenus
2598 1925 2770 1982 dictis
2801 1929 2945 1983 satis
2971 1935 3339 1999 compertum
3367 1927 3563 1992 ﬁt,non
3595 1927 3795 1981 defuere

2188 2017 2378 2069 tamen
2414 2014 2512 2086 qui
2545 2030 2676 2070 eum
2712 2017 2909 2072 minus
2947 2023 3216 2073 accurate
3247 2017 3504 2074 codicem
3557 2016 3798 2072 Florenti-

2191 2120 2330 2157 num
2364 2104 2722 2175 expressisse
2766 2105 3136 2161 afﬁrmarint.
3179 2106 3508 2162 Gronovius
3539 2104 3795 2160 enimvero

2191 2191 2377 2246 dicam
2405 2191 2453 2246 ei
2487 2194 2767 2264 grandem
2800 2194 3071 2265 impingit
3099 2195 3198 2266 (t),
3231 2196 3377 2250 dum
3436 2194 3689 2250 Vossium
3731 2207 3799 2246 re-

2190 2280 2499 2350 prehendit
2527 2298 2539 2338 :
2577 2283 2819 2354 perinde
2848 2300 2914 2338 ac
2945 2283 2993 2339 si
3024 2283 3204 2354 hujus
3266 2286 3440 2340 ductu
3495 2284 3576 2339 vel
3621 2284 3670 2337 in
3699 2297 3794 2336 sua!

2190 2369 2538 2426 Oxoniensis
2569 2372 2842 2428 editionis
2881 2373 3134 2442 exordio,
3173 2375 3230 2429 in
3282 2374 3410 2446 ipsa
3437 2373 3645 2430 scilicet
3693 2370 3798 2441 epi-

2191 2459 2354 2515 stolae
2373 2460 2443 2514 ad
2473 2461 3215 2533 Smyrnmosinscriptione,
3255 2473 3578 2533 corruptam
3627 2459 3795 2515 istius-

2193 2551 2345 2606 modi
2405 2551 2734 2620 lectionem,
2777 2551 3045 2622 πνεύματι
3103 2550 3193 2604 καὶ
3247 2549 3408 2626 λόγῳ
3464 2557 3608 2618 Θεοῦ,
3655 2548 3795 2606 nobis

2191 2641 2541 2696 obstruserit
2568 2640 2665 2696 ille
2694 2666 2708 2709 ;
2732 2658 2864 2696 cum
2898 2645 3118 2712 tamen,
3141 2640 3190 2696 si
3223 2643 3418 2697 virum
3435 2643 3682 2697 criticum
3711 2654 3796 2692 au-

2190 2731 2334 2794 dias,
2366 2737 2502 2788 nota
2521 2748 2628 2788 ms.
2665 2731 2902 2788 Medicei
2937 2733 3382 2803 compendiaria
3422 2734 3614 2789 fuisset
3637 2727 3798 2786 meni—

2189 2819 2333 2876 fests
2379 2820 2642 2893 legenda,
2674 2824 3028 2892 πνευματικῷ
3062 2818 3215 2895 λόγῳ
3267 2825 3420 2878 Θεοῦ.
3453 2825 3520 2878 At
3549 2819 3798 2881 Smithus,

2191 2907 2559 2964 collationem
2594 2909 3056 2978 Ledgardianam
3091 2915 3356 2980 secutus,
3388 2912 3444 2967 in
3477 2909 3695 2968 scholiis
3741 2905 3798 2962 ad

2189 2998 2450 3053 eamdem
2483 2997 2797 3070 epistolam
2833 2999 3063 3055 obviam
3099 2999 3399 3072 praeivtsse
3422 2999 3689 3057 Gronovio
3731 2995 3801 3049 vi-

2191 3084 2358 3140 detur
2392 3086 2480 3142 his
2512 3087 2700 3143 verbis
2729 3108 2742 3152 ;
2783 3110 2809 3138 «
2836 3087 2934 3141 Καὶ
2969 3085 3122 3162 λόγῳ
3155 3093 3322 3145 Θεοῦ.
3357 3092 3442 3147 Ita
3470 3104 3686 3162 quoque
3732 3083 3800 3139 le-

2192 3175 2404 3243 gebant
2423 3181 2586 3232 vetus
2607 3182 2808 3234 noster
2825 3178 3112 3250 interpres
3133 3184 3190 3234 et
3221 3173 3802 3252 interpolator,distin-

2193 3264 2331 3319 ctim
2357 3271 2413 3320 et
2433 3268 2776 3338 separatim,
2808 3284 2924 3324 non
2967 3284 3065 3338 per
3114 3271 3566 3340 appositiouem,
3594 3273 3647 3321 ut
3691 3261 3806 3335 qui-

2189 3359 2323 3414 dam
2346 3360 2435 3414 vir
2461 3360 2662 3415 doctus
2695 3377 2764 3416 ex
2788 3361 3027 3417 fortuita
3059 3362 3237 3432 hujus
3277 3361 3564 3434 particula:
3587 3358 3803 3429 conjun-

2189 3448 2350 3504 ctivaa
2408 3449 2726 3505 omissione
2783 3451 2843 3505 in
2913 3451 3179 3506 versione
3255 3451 3534 3507 Vossiana
3602 3441 3800 3518 (vetere)

2188 3539 2621 3609 interpretatur.
2658 3561 2684 3589 »ι
2711 3539 2842 3595 Haec
2874 3539 2970 3596 ille
3003 3558 3015 3596 :
3052 3545 3115 3594 ut
3148 3541 3396 3612 proinde
3429 3538 3697 3596 immerito
3723 3549 3800 3588 su-

2188 3632 2470 3698 spectam,
2501 3644 2615 3682 non
2648 3627 2836 3684 solum
2869 3646 2996 3684 eam
3029 3628 3367 3696 lectionem,
3401 3631 3498 3686 sed
3547 3630 3796 3698 integram

2190 3733 2421 3789 quoque
2451 3717 2640 3789 ipsam
2665 3718 3054 3774 Smithianam
3095 3719 3442 3788 editionem,
3467 3719 3688 3775 reddere
3708 3729 3796 3768 vo-

2187 3807 2370 3863 luisse
2393 3807 2478 3862 vir
2498 3806 2764 3862 eruditus
2783 3815 3106 3863 censeatur.

2199 4003 2433 4067 Thomas
2455 4003 2878 4069 Smithieditio
2894 4005 3055 4085 typis
3075 4003 3576 4078 t-radita,sclcoliis
3593 3997 3804 4064 editoris

2269 4086 2442 4146 omiss
2451 4085 2496 4145 is
2514 4103 2527 4145 :
2547 4105 2795 4168 quorum
2809 4086 3090 4168 (pompm
3101 4086 3278 4146 missa
3286 4090 3550 4168 primum
3565 4088 3805 4168 carcer/{ta

2269 4107 2496 4146 omissis
2514 4107 2527 4145 :
2589 4107 2795 4145 uorum
2809 4107 3090 4165 toco,pr:e
3101 4107 3550 4168 missaprtmum
3565 4107 3800 4160 excerpta

2267 4176 2523 4225 veterum
2539 4107 2795 4247 Z’atrum
2814 4167 3150 4247 integra,ex
3160 4170 3434 4246 epistolis
3444 4165 3706 4247 genuinis
3716 4159 3800 4219 de-

2266 4248 2496 4329 scripta
2521 4267 2537 4304 :
2571 4245 2834 4326 subjecta
2853 4244 3063 4306 deinde
3083 4244 3426 4309 earumdem
3448 4244 3802 4329 epistotarum

2263 4325 3172 4407 fragmentaﬁuolquotexstant
3191 4329 3254 4388 in
3280 4325 3600 4390 Paralielis
3616 4325 3804 4385 Dama-

2264 4407 2504 4486 scenicis
2534 4405 3044 4486 Rupe/ucaldinis.
3077 4410 3321 4469 Horum
3351 4408 3620 4486 subsidio,
3640 4411 3803 4464 textus

2263 4483 2531 4570 sincerus
2561 4483 2654 4546 vel
2676 4483 2986 4570 firmatur,
3020 4489 3113 4549 vel
3139 4491 3501 4570 corrigitur,
3535 4485 3624 4550 vel
3647 4487 3805 4544 etiam

437 4587 909 4644 additamentum
931 4587 1079 4644 illud
1110 4564 1434 4646 indicarent
1481 4591 1895 4658 includeretur,
1955 4564 2078 4651 σξη-
2110 4597 2158 4664 Ι)
2266 4564 2616 4644 quandoque
2642 4564 2969 4648 εαρρίεευν-

439 4677 576 4733 nino
628 4678 893 4734 volebam
925 4694 937 4734 :
971 4679 1065 4734 sed
1100 4679 1296 4735 nescio
1320 4696 1435 4751 quo
1466 4697 1604 4736 casu
1663 4683 1939 4738 correctio
1971 4684 2084 4742 ista

437 4766 651 4821 omissa
679 4772 824 4822 erat.
859 4769 923 4823 In
955 4768 1157 4824 eadem
1189 4768 1325 4824 item
1354 4768 1600 4838 epist.ad
1628 4769 2081 4844 S.Polycarpum,

437 4858 578 4909 sect.
609 4856 665 4920 7,
697 4860 753 4912 et
782 4856 842 4911 ln
887 4857 1058 4928 epist.
1119 4857 1197 4912 ad
1254 4857 1790 4931 Philadelphienses,
1848 4867 1987 4918 sect.
2014 4863 2082 4918 40

437 4941 603 5014 (quae
636 4946 916 5001 correctio
946 4947 1015 5000 ad
1036 4946 1210 5001 finem
1249 4948 1470 5018 paginae
1504 4949 1583 5003 ibi
1622 4949 1638 5021 )
1699 4949 2080 5006 habeturénst

435 5027 492 5085 δέ
515 5049 615 5104 pro
641 5029 851 5102 ἐπειδή,
887 5038 951 5088 ut
975 5050 1042 5089 ex
1073 5034 1302 5090 schedis
1340 5035 1405 5090 D.
1475 5038 1756 5109 Ledgardi
1814 5041 2034 5095 correxi
2061 5050 2076 5100 ς

434 5132 535 5188 sed
561 5132 710 5187 inter
731 5131 1023 5187 tumultus
1056 5132 1201 5204 preti
1234 5133 1656 5204 negligebatur.
1703 5157 1731 5185 »
1783 5136 2079 5196 Hactenus

435 5219 508 5276 cl.
537 5220 801 5275 Smithus
827 5236 840 5274 :
865 5220 958 5274 cui
990 5221 1226 5290 quidem
1249 5222 1586 5278 admonenti
1620 5239 1838 5279 morem
1871 5240 2077 5296 geren-

433 5312 542 5376 tes,
566 5306 877 5378 utrobique
909 5310 1185 5364 mendum
1215 5309 1590 5376 sustulimus,
1645 5327 1711 5367 ac
1768 5318 2075 5385 negantem

435 5395 778 5468 particulam
815 5396 890 5467 μή
923 5397 1223 5456 uncinulis
1277 5400 1856 5474 circumscripsimus
1898 5404 2070 5476 :quod

433 5503 573 5542 sane
607 5487 1072 5558 praecedentibus
1105 5490 1462 5548 editionibus
1488 5509 1781 5565 nusquam
1830 5495 2072 5552 factum.

505 5576 627 5632 Huc
651 5591 838 5647 usque
868 5577 939 5634 de
960 5594 1058 5635 sex
1081 5580 1346 5653 epistolis
1375 5597 1404 5638 e
1437 5583 1633 5640 codice
1673 5583 1926 5642 Mediceo
1975 5585 2074 5640 de-

502 5705 581 5782 (t)
611 5707 862 5764 Gronov.
893 5707 1124 5779 Prae/at.
1152 5707 1224 5764 ad
1253 5707 1536 5781 Ποῖ-σάοι,
1565 5725 1699 5781 pag.
1732 5709 1782 5766 1.

2268 4677 2415 4732 Dum
2447 4695 2580 4735 vero
2613 4680 2781 4752 Angli
2814 4681 2990 4752 hujus
3023 4681 3263 4740 editoris
3309 4684 3638 4740 institutum
3667 4679 3719 4732 in
3756 4677 3803 4726 S.

2194 4766 2400 4841 lgnatii
2433 4768 2696 4840 epistolis
2727 4769 2969 4828 sinceris
2998 4771 3240 4827 edendis
3275 4789 3488 4829 sumus
3526 4761 3804 4843 persecuti.

2193 4863 2458 4916 nostrum
2483 4860 2620 4917 item
2647 4862 3078 4932 quodammodo
3098 4865 3572 4936 exposuimus,ut
3587 4859 3679 4932 qui
3698 4856 3804 4926 ejus

2191 4954 2486 5026 exemplar
2553 4969 2671 5025 prte
2726 4955 2944 5009 caeteris
3009 4957 3415 5012 excudendum
3494 4951 3802 5024 selegimus.

2188 5041 2417 5100 Scholia
2445 5046 2638 5098 tamen
2680 5059 2814 5098 cum
2848 5043 3113 5114 ejusdem
3147 5045 3367 5101 Smithi
3392 5051 3516 5101 tum
3542 5030 3802 5099 Pearsonii

2189 5137 2550 5207 aliorumque
2591 5136 2846 5191 virorum
2893 5138 3259 5193 eruditorum
3312 5128 3801 5210 pretermittenda,

2188 5245 2258 5284 ne
2289 5244 2434 5299 opus
2477 5226 2652 5281 nimis
2695 5233 3071 5295 excresceret,
3115 5227 3601 5284 existimavimus.
3633 5224 3802 5286 Quan-

2186 5333 2357 5389 quam
2409 5315 2658 5371 fortasse
2707 5315 3049 5386 hujusmodi
3082 5317 3395 5374 consilium
3435 5315 3669 5372 moleste
3694 5303 3801 5378 quis

2181 5409 2492 5474 ferat,cum
2522 5405 2842 5477 praesertim
2874 5409 3067 5460 textus
3087 5405 3302 5462 alicubi
3327 5405 3557 5462 mendis
3586 5398 3790 5457 obsitus

2202 5501 2488 5561 occurrat,
2522 5511 2661 5566 qum
2694 5496 2945 5566 profecto
2993 5495 3199 5553 saltem
3251 5499 3309 5552 in
3350 5497 3503 5552 notis
3542 5485 3800 5550 emacula-

2183 5588 2302 5640 tum
2337 5592 2605 5656 praestare
2645 5584 2926 5657 portehat.
2959 5585 3104 5650 Quid
3163 5584 3415 5658 loquar?
3457 5585 3533 5642 Eo
3594 5580 3795 5656 quidem
