4060 6206
255 346 378 406 569

1321 335 1673 400 ΑΝΒΗΕΕ
1717 336 2135 401 GALLANDII
2181 335 2599 401 PROCEMIA.

3552 343 3672 403 570

265 491 512 532 munere
548 489 650 545 pro
681 471 904 528 viribus
935 469 1225 543 perfuncti
1246 471 1538 527 fueramus
1562 471 1618 526 in
1643 471 1914 527 observa-

2033 487 2272 559 proinde
2302 503 2370 543 ea
2401 487 2624 543 ratione
2653 487 2917 544 emollire
2947 487 3238 545 studebat.
3285 494 3351 545 Et
3371 490 3508 560 jure
3539 491 3675 562 qui-

262 565 532 621 tionibus
574 561 982 632 subjiciendis,
1042 562 1244 618 eadem
1295 562 1476 617 ferme
1518 561 1742 617 ratione
1771 576 1916 615 con-

258 662 469 729 textis,
500 677 620 732 qua
651 659 737 714 usi
799 674 1006 714 sumus
1039 660 1107 714 ad
1160 659 1552 715 Clementinas
1601 657 1914 729 epistolas:

246 752 503 823 jamque
537 745 976 804 observationes
1008 746 1155 815 istae,
1201 747 1774 817 cujusmodicunque
1796 747 1915 800 fue-

258 840 407 904 rint,
442 838 500 892 in
539 841 810 909 promptu
834 840 1032 902 erant;
1060 852 1258 892 verum
1293 836 1426 891 illas
1449 834 1918 902 novimus,nobis

257 929 438 1000 plane
470 926 695 993 invitis,
740 926 935 981 nescio
989 941 1101 994 quo
1133 941 1266 981 casu
1320 925 1594 995 omissas,
1628 926 1769 979 dum
1801 923 1920 994 epi-

257 1018 427 1075 stolae
464 1017 783 1089 lgnatianaa
814 1015 974 1087 prelo
1006 1015 1548 1072 committebantur.
1581 1017 1653 1070 At
1678 1013 1812 1070 huic
1834 1013 1918 1068 in-

257 1107 598 1172 commodo,
628 1109 918 1177 quantum
973 1105 1031 1160 in
1080 1105 1248 1160 nobis
1283 1105 1408 1172 fuit,
1459 1103 1788 1160 consultum
1819 1118 1915 1157 vo-

260 1198 512 1261 luimus,
542 1211 642 1250 nec
693 1195 894 1250 leviter
930 1195 1248 1263 enimvero,
1294 1200 1358 1250 ut
1388 1194 1624 1266 quidem
1666 1195 1918 1250 arbitra-

262 1304 424 1342 mur.
452 1286 714 1341 Primum
748 1285 1038 1356 siquidem
1071 1285 1226 1340 inter
1270 1289 1526 1341 veterum
1560 1284 1914 1348 testimonia,

260 1378 494 1446 integra
514 1376 618 1431 illa
652 1374 1076 1447 descripsimus
1097 1393 1166 1431 ex
1195 1380 1429 1444 Irenaeo,
1460 1375 1920 1441 Eusebio,’l‘heo-

260 1467 456 1522 dorito
488 1465 734 1535 aliisque
773 1465 1022 1520 vetustis
1079 1465 1438 1532 auctoribus,
1478 1467 1534 1520 in
1568 1466 1779 1534 quibus
1811 1463 1916 1518 ali-

263 1555 402 1628 quis
453 1558 648 1610 textus
689 1555 978 1626 Ignatlani
1034 1553 1196 1610 locus
1254 1560 1478 1610 exstare
1518 1554 1914 1626 comperitur:

255 1661 378 1716 quo
413 1644 696 1699 nimirum
743 1643 925 1699 lector
973 1660 1042 1698 ex
1071 1643 1283 1699 Smithi
1317 1645 1536 1700 notulis
1577 1643 1916 1701 admonitus

252 1735 572 1804 confugere
605 1733 815 1805 possit,
851 1733 950 1788 ubi
980 1733 1194 1790 harere
1226 1735 1546 1806 contingat.

333 1824 410 1880 Ut
439 1830 638 1880 autem
675 1824 850 1895 hujus
882 1826 1135 1880 subsidii
1186 1827 1436 1896 pretium
1486 1826 1916 1896 quodammodo
1949 1847 1996 1911 Β

260 1919 514 1980 constet,
549 1931 733 1968 unum
769 1914 853 1968 vel
903 1913 1154 1970 alterum
1189 1915 1517 1985 exemplum
1553 1916 1608 1970 in
1659 1915 1910 1970 medium

255 2006 650 2076 proferamus.
676 2007 742 2060 In
775 2007 1022 2076 epistola
1051 2007 1094 2070 Ι,
1149 2006 1467 2078 Smyrnaeis
1493 2006 1795 2078 inscripta,
1828 2006 1913 2061 sic

256 2095 515 2165 legimus
567 2095 668 2159 (2):
739 2091 1350 2170 Ηεπληροφορημένους
1437 2094 1513 2155 εἰς
1577 2095 1671 2149 τὸν
1713 2095 1913 2166 Κύριον

255 2186 444 2256 ἡμῶν,
513 2182 739 2254 ἀληθῶς
807 2183 1007 2242 ὅντα...
1076 2185 1197 2238 Υἱὸν
1283 2188 1416 2240 Θεοῦ
1483 2183 1620 2239 κατὰ
1695 2183 1914 2255 Θὲλημα

251 2273 343 2328 καὶ
387 2270 618 2346 δύναμιν
682 2276 835 2328 Θεοῦ.
895 2273 1001 2330 Ubi
1053 2275 1382 2331 Tlicodorit.
1453 2276 1648 2331 Dial.i
1706 2275 1916 2330 excitat

255 2363 479 2436 Anglus
512 2363 786 2418 editor.Si
819 2380 950 2418 vero
974 2369 1234 2419 veterum
1267 2364 1606 2419 testimonia
1650 2363 1914 2435 epistolis

258 2451 590 2524 Ignatianis
617 2452 1234 2522 prremissaconsulere
1250 2452 1412 2520 velis,
1447 2457 1658 2524 prasto
1681 2453 1783 2507 tibi
1805 2451 1916 2508 erit

254 2540 430 2597 lectio
485 2541 725 2606 codicis,
784 2557 898 2612 quo
932 2547 1064 2597 ante
1116 2541 1274 2596 mille
1304 2548 1362 2598 et
1407 2547 1698 2598 trecentos
1729 2557 1915 2597 annos

258 2647 406 2686 usus
438 2634 530 2686 est
557 2629 968 2685 Theodoritus.
999 2630 1098 2685 Sic
1121 2635 1317 2686 autem
1352 2648 1415 2687 se
1445 2631 1652 2686 habet:
1688 2629 1912 2699 Πεπλη-

261 2719 682 2794 ροφορημὲνους
743 2715 969 2787 άληθῶς
1035 2717 1110 2780 εἷς
1188 2719 1281 2774 τὸν
1327 2718 1520 2794 Κύριον
1562 2722 1747 2792 ἡμῶν,
1789 2713 1915 2773 ὄντα

262 2808 457 2866 Υἰὸν...
546 2811 682 2862 Θεοῦ
773 2807 910 2862 κατὰ
999 2807 1230 2878 θεότητα
1295 2809 1389 2862 παὶ
1457 2806 1704 2881 δύναμιν.
1766 2809 1914 2865 Hinc

261 2899 480 2964 disces,
519 2899 808 2970 quomodo
867 2898 1076 2971 legerit
1107 2899 1205 2954 hic
1249 2899 1378 2972 Cyri
1429 2899 1778 2972 episcopus;
1813 2900 1912 2970 qui

259 2988 629 3058 transposita
658 3003 794 3042 voce
824 2984 1134 3056 ἀληθῶς,ρι
1165 2988 1385 3043 omissa
1418 2993 1714 3058 postrema
1756 2990 1911 3054 Θεοῦ,

266 3093 376 3148 pro
425 3074 560 3127 κατά
598 3072 816 3147 Θὲλημα
848 3092 960 3132 ms.
993 3077 1252 3144 Medicei,
1298 3075 1432 3129 κατὰ
1493 3074 1721 3145 θεότητα
1751 3077 1910 3148 legit.

261 3176 449 3230 Probe
480 3178 677 3229 autem
744 3176 1002 3230 notanda
1048 3175 1207 3231 varia
1254 3175 1594 3246 hujusmodi
1645 3175 1914 3244 lectio;a
1942 3213 1984 3280 Ο

259 3281 377 3337 qua
407 3280 544 3321 cum
590 3270 841 3320 veterem
875 3266 1278 3337 interpretem,
1305 3268 1455 3336 {tum
1488 3266 1745 3322 codicem
1783 3266 1910 3322 Flo-

257 3359 556 3409 rentinum
593 3353 1095 3426 dissidereliquet.
1132 3355 1260 3410 Eam
1299 3355 1682 3411 nihilominus
1712 3360 1912 3411 tuetur

259 3443 686 3514 Wesselingius
717 3441 796 3514 (3)
851 3442 918 3497 V.
952 3445 1010 3498 C.
1064 3448 1360 3514 permotus
1409 3443 1721 3515 exemplari
1759 3447 1908 3500 anti-

257 3532 550 3604 quissimo
576 3532 731 3603 quod
765 3532 1157 3588 Theodoritus
1189 3549 1305 3604 prae
1337 3533 1524 3590 oculis
1561 3534 1788 3604 habuit,
1817 3535 1911 3606 ip-

257 3622 507 3692 siusque
541 3621 596 3676 in
633 3619 836 3693 primis
865 3622 1074 3692 Ignatii
1099 3622 1411 3689 sententia,
1436 3621 1590 3678 unde
1621 3623 1768 3678 nihil
1802 3623 1910 3678 hoc

255 3709 416 3765 abit:
453 3709 669 3781 quibus
703 3710 946 3779 accedit,
1008 3709 1251 3780 exprimi
1274 3710 1417 3766 satis
1455 3717 1725 3767 accurate
1752 3711 1912 3765 hisce

260 3799 478 3865 verbis,
512 3799 668 3869 quod
726 3797 936 3853 Paulus
966 3798 1037 3852 ad
1090 3797 1379 3854 Romanos
1437 3799 1782 3871 perscripsit
1809 3798 1909 3870 (4).

259 3894 538 3943 Attamen
570 3886 831 3942 Smithus
861 3886 1346 3942 ams.Florentini
1367 3887 1614 3944 lectione
1632 3892 1747 3944 stat
1775 3904 1913 3944 con-

257 3983 461 4045 stans;
495 3976 793 4046 simulque
840 3977 1139 4033 existimat
1187 3978 1425 4050 genium
1485 3995 1656 4034 suum
1719 3982 1912 4052 potius

255 4081 436 4136 quam
457 4065 715 4120 codicem
748 4065 931 4120 fuisse
963 4064 1383 4121 Tbeodoritum
1417 4070 1714 4134 secutum,
1744 4066 1912 4137 quasi

255 4153 512 4209 nimium
543 4153 725 4209 cruda
780 4153 865 4208 illi
925 4153 1218 4210 videretur
1249 4153 1432 4210 altera
1484 4155 1675 4224 lectio,
1732 4171 1911 4226 quam

2023 577 2191 633 dem:
2247 575 2453 648 lgnalii
2487 577 2668 642 enim,
2719 577 2961 648 Justini,
3013 579 3268 646 Tatiani,
3322 581 3672 636 Tertulliani

2024 665 2389 737 aliorumque
2431 667 2965 723 vetustissimorum
3002 668 3238 724 Patrum
3282 671 3571 725 sententia
3601 672 3673 726 de

2023 754 2165 809 Filio
2199 754 2296 809 Dei
2345 755 2541 826 genito
2595 753 2732 808 κατᾶ
2771 752 2988 828 θέλημα
3028 760 3184 824 Θεοῦ,
3251 775 3318 814 eo
3348 775 3525 813 sensu
3575 763 3666 814 est

2024 843 2383 914 accipienda,
2413 861 2528 914 quo
2550 845 2709 900 illam
2737 851 2974 901 strenue
2995 848 3252 902 defendit
3275 848 3560 917 docteque
3581 864 3673 901 ex-

2022 932 2198 1005 plicat
2227 933 2316 988 vir
2330 935 2623 990 maximus
2643 935 2900 991 Jacobus
2918 937 3209 1007 Benignus
3229 942 3548 994 Bossuetus
3565 939 3668 1008 (5).

2105 1022 2419 1092 Pergamus
2452 1026 2715 1094 porro.ln
2732 1025 2930 1079 eadem
2952 1026 3021 1080 ad
3055 1026 3672 1099 Smyrnmosepistola,

2024 1109 2145 1166 haec
2175 1111 2354 1166 verba
2411 1117 2730 1168 occurrunt
2759 1114 2836 1183 (6)
2865 1131 2879 1169 :
2913 1110 3263 1185 εὐχαριστίας
3319 1113 3408 1168 καὶ
3440 1134 3675 1188 προσευ-

2022 1201 2132 1272 χῆς
2174 1196 2503 1273 ἀπέχονται.
2529 1201 2635 1266 Qui
2671 1201 2906 1271 quidem
2958 1201 3120 1258 locus
3154 1203 3238 1259 sic
3295 1206 3447 1275 apud
3481 1205 3674 1259 Theo-

2023 1288 2280 1346 doritum
2341 1289 2583 1345 effertur
2615 1291 2731 1361 ('7):
2795 1289 3143 1364 εὐχαριστίας
3197 1292 3286 1345 καὶ
3353 1292 3670 1368 προσφορὰς

2023 1374 2124 1430 οὒκ
2154 1373 2545 1450 ἀποδέχοντιι.
2598 1381 2669 1434 At
2699 1381 2918 1436 codicis
2979 1381 3216 1438 Medicei
3249 1382 3483 1439 lectioni
3532 1388 3684 1444 favet

2024 1474 2188 1525 vetus
2219 1467 2510 1540 interpres
2553 1469 2932 1538 Usserianus;
2995 1489 3121 1542 quae
3157 1473 3401 1545 proinde
3427 1492 3542 1546 prae
3574 1476 3677 1535 illa

2023 1556 2357 1612 Tbeodoriti
2412 1557 2717 1614 retinenda
2763 1559 3012 1616 videtur.
3089 1562 3238 1617 Huic
3288 1569 3485 1619 autem
3546 1565 3674 1623 loco

2024 1662 2208 1701 unum
2241 1645 2434 1701 adhuc
2458 1645 2750 1718 insignem
2770 1648 3083 1718 addamus,
3103 1667 3275 1723 quem
3310 1653 3525 1723 praebet
3548 1656 3670 1726 epi-

2024 1736 2178 1792 stola
2207 1735 2278 1790 ad
2310 1735 2838 1808 Ephesios.Estque
2861 1737 3201 1807 bujusmodi
3225 1739 3338 1807 (8):
3371 1741 3468 1801 Εἴς
3491 1740 3680 1816 ἰατρὸς

2023 1821 2248 1880 ἐστιν...
2333 1821 2388 1876 ἐν
2448 1825 2603 1897 σαρκί
2689 1822 2985 1898 γενόμενος
3071 1825 3224 1895 Θεὸς,
3284 1824 3338 1881 ἐν
3422 1829 3674 1903 ἀθανάτῳ

2026 1910 2139 1984 ζωῇ
2176 1910 2416 1984 ἀληθινῇ
2442 1929 2454 1966 :
2481 1931 2606 1985 quae
2639 1929 2776 1971 sane
2806 1922 3118 1986 postrema
3149 1915 3230 1971 ita
3260 1933 3493 1990 quoque
3525 1920 3678 1992 lege-

2023 2003 2123 2058 bat
2153 2003 2211 2057 in
2243 2020 2351 2058 suo
2386 2004 2701 2076 exemplari
2727 2010 2894 2061 vetus
2939 2007 3259 2078 interpres:
3293 2010 3466 2064 vertit
3486 2011 3642 2066 enim
3668 2054 3682 2078 ,

2023 2093 2088 2146 in
2115 2094 2430 2149 immortali
2457 2095 2570 2150 vita
2593 2110 2739 2150 vera.
2768 2094 2877 2150 Sed
2902 2099 3206 2152 contextus
3229 2105 3523 2171 repugnat
3547 2117 3560 2167 ;
3592 2115 3681 2154 re-

2027 2182 2521 2254 scribendumque
2571 2185 2830 2253 omnino,
2900 2182 2952 2236 ἐν
2993 2183 3206 2256 Θανάτῳ
3247 2186 3358 2254 ζωὴ
3411 2184 3678 2257 ἀληθινή,

2028 2273 2089 2326 in
2117 2279 2286 2328 morte
2306 2274 2423 2327 vita
2445 2288 2579 2328 vera
2605 2291 2618 2328 :
2645 2274 2937 2344 quomodo
2960 2276 3015 2331 in
3052 2276 3178 2330 suis
3205 2276 3504 2334 codicibus
3527 2279 3685 2349 lege-

2027 2359 2167 2415 bant
2196 2361 2413 2417 vetusti
2444 2365 2666 2431 Patres,
2691 2362 3069 2431 Athanasius,
3099 2365 3479 2422 Theodoritus
3497 2372 3673 2438 atque

2025 2449 2322 2518 Gelasius,
2345 2457 2492 2506 utex
2515 2453 2708 2508 allatis
2733 2453 2882 2508 infra
2910 2470 3112 2509 eorum
3135 2454 3276 2511 locis
3307 2463 3668 2528 compertum

2026 2539 2110 2597 fit.
2143 2544 2217 2595 At
2239 2539 2361 2596 haec
2389 2542 2535 2596 satis
2565 2547 2774 2611 sunto;
2810 2561 2875 2598 ex
2899 2544 3114 2614 quibus
3144 2545 3463 2616 perspicias
3483 2563 3676 2617 quan-

2026 2632 2152 2683 tum
2177 2628 2311 2685 hinc
2345 2630 2593 2685 subsidii
2617 2632 2854 2687 accedat
2875 2634 3056 2687 textui
3087 2633 3552 2702 emaculando,si
3579 2635 3676 2690 cui

2026 2717 2095 2772 de
2114 2717 2276 2773 illius
2304 2719 2640 2790 integritate
2669 2721 2926 2792 suspicio
2953 2721 3150 2792 aliqua
3172 2723 3299 2792 iure
3313 2724 3675 2781 suboriatur.

2101 2809 2311 2865 Verum
2343 2810 2400 2864 in
2444 2811 2598 2867 idem
2647 2812 2952 2869 consilium
3012 2813 3258 2870 ulterius
3309 2816 3500 2871 adhuc
3554 2833 3682 2889 pro-

2024 2915 2228 2971 gressa
2257 2906 2347 2955 est
2379 2917 2518 2957 cura
2545 2907 2764 2958 nostra.
2815 2904 3130 2975 Nimirum,
3179 2905 3522 2977 fragmentis
3553 2907 3675 2963 illis

2025 3006 2152 3060 quae
2187 2989 2394 3059 lgnatii
2427 2990 2704 3061 epistolas
2726 2993 3188 3066 subsequuntur,
3213 3002 3482 3067 excerpta
3512 3013 3670 3067 quae-

2024 3079 2156 3133 dam
2192 3079 2554 3150 subjecimus
2581 3097 2648 3136 ex
2678 3089 2912 3138 auctore
2942 3083 3360 3139 Paraltelorum
3411 3084 3668 3156 Ruperu-

2026 3169 2416 3239 caldinorum,
2441 3187 2613 3241 quem
2647 3171 2720 3227 cl.
2758 3172 3110 3244 Lequienius
3141 3173 3342 3229 merito
3375 3175 3670 3230 existimat

2025 3257 2247 3329 integro
2273 3259 2482 3315 saeculo
2500 3260 2860 3317 Damasceno
2873 3262 3284 3334 antiquiorem.
3318 3262 3445 3318 Haec
3469 3269 3666 3320 autem

2025 3353 2298 3418 excerpta
2329 3365 2499 3406 nemo
2523 3367 2664 3406 sane
2699 3351 2911 3407 dixerit
2940 3351 3097 3408 haud
3132 3353 3326 3424 magni
3363 3354 3668 3421 facienda;

2023 3454 2156 3493 cum
2192 3443 2348 3494 certo
2373 3446 2599 3496 constet
2623 3441 2966 3513 scriptorem
2990 3443 3181 3510 illum,
3204 3445 3543 3517 quicunque
3573 3445 3676 3500 de-

2033 3544 2196 3582 mum
2232 3528 2427 3595 fuerit,
2460 3545 2527 3584 ex
2576 3530 2821 3585 sinceris
2853 3531 3061 3602 lgnatii
3118 3531 3405 3600 epistolis,
3460 3533 3510 3589 si
3541 3549 3671 3590 eam

2021 3617 2278 3687 excipias
2304 3635 2428 3687 quae
2462 3619 2740 3674 Romanis
2762 3619 3235 3690 inscribitur,illa
3255 3621 3668 3694 descripsisse,

2022 3706 2400 3778 codicemque
2433 3709 2686 3765 Mediceo
2717 3709 3171 3766 emendatiorem
3205 3710 3584 3766 adhibuisse:
3604 3715 3666 3766 ut

2024 3797 2266 3867 proinde
2296 3801 2485 3852 textus
2507 3797 2728 3870 vulgati
2761 3798 2928 3854 lectio
2958 3816 3026 3854 ex
3057 3799 3129 3854 iis
3162 3817 3276 3854 non
3307 3799 3498 3856 solum
3525 3817 3661 3855 con-

2023 3884 2307 3953 firmetur,
2334 3903 2537 3941 verum
2570 3888 2747 3943 etiam
2774 3888 3121 3943 emendetur
3153 3887 3452 3958 multoque
3483 3888 3663 3944 casti-

2024 3976 2215 4047 gatior
2257 3979 2604 4050 plerumque
2687 3978 2986 4033 reddatur.
3041 3979 3164 4043 Quo
3215 3985 3408 4035 autem
3451 3980 3668 4050 aliquot

2023 4067 2308 4138 exemplis
2339 4083 2433 4124 res
2457 4069 2888 4141 comprobetur,
2907 4069 3034 4124 loca
3056 4068 3337 4125 nonnulla
3359 4086 3493 4126 cum
3515 4071 3668 4128 edito

2023 4155 2235 4212 collata
2256 4156 2352 4214 hic
2383 4157 2589 4214 sistere
2613 4157 2850 4230 juverit.

1596 4293 1857 4335 EPISTOLA
1887 4295 1958 4335 AD
1989 4297 2326 4338 SMYRNEOS.

736 4404 878 4461 Edit.
911 4420 980 4462 ea:
1018 4403 1135 4461 cod.
1168 4404 1422 4462 Medicae.

337 4527 475 4596 Cap.
509 4523 606 4582 IX.
643 4521 939 4597 Ἀνανῆψαι
972 4565 985 4578 .
1023 4565 1038 4579 .
1070 4564 1083 4578 .
1115 4515 1342 4596 ἔχομεν,

337 4615 474 4686 Cap.
507 4614 603 4668 XI.
631 4611 890 4669 Θέλουσιν
917 4612 1016 4688 γὰρ
1049 4613 1183 4686 ἡμῖν
1228 4610 1568 4686 εὐπράσσειν,
1600 4611 1728 4674 Θεὸς
1770 4612 1916 4668 ’ἑτοι-

265 4724 369 4776 μος
410 4701 486 4764 εἲς
517 4701 580 4756 τὸ
611 4706 935 4780 παρασχεῖν.

1937 4407 1984 4473 D

2446 4407 2522 4466 Ex
2558 4411 2826 4468 Parallel.
2872 4413 3235 4486 Rupefucald.

2097 4525 2390 4601 Ἀνανῆψαι
2421 4530 2590 4601 ἡμᾶς.
2628 4571 2642 4585 .
2680 4571 2693 4585 .
2725 4572 2738 4586 .
2770 4521 2994 4603 ἔχομεν.

2095 4612 2325 4671 Θέλουσι
2390 4617 2492 4692 γὰρ
2550 4619 2686 4690 ἡμῖν
2733 4617 2788 4672 εὖ
2844 4618 3122 4692 πράττειν,
3174 4619 3303 4679 Θεὸς
3343 4617 3562 4692 ἕτοιμος
3593 4619 3670 4686 εἷς

2022 4703 2085 4756 τὸ
2115 4703 2400 4784 παρέχειν.

1707 4821 1781 4858 ΑΙ)
1815 4819 2217 4861 POLYCARPUM.

338 4903 474 4974 Cap.
510 4901 553 4957 Ι.
605 4900 894 4976 Γρηγόρει,
945 4897 1247 4972 ἀκοίμητον
1298 4903 1512 4973 πνεῦμα
1559 4900 1914 4973 κεκτημένος.

2100 4901 2387 4978 Γρηγόρει,
2419 4901 2724 4978 ἀκοίμητον
2745 4903 2899 4981 ὄμμα
2927 4903 3277 4978 κεκτημένος.

1776 5047 1847 5085 ΑΙ)
1880 5047 1983 5086 EPH
1990 5043 2055 5088 ES
2063 5049 2165 5089 108-

337 5129 475 5199 Cap.
508 5127 599 5182 Vl.
634 5124 870 5188 Εἷώθασί
902 5145 1043 5186 τινες
1077 5121 1229 5196 δόλῳ
1259 5126 1486 5200 πονηρῴ
1515 5125 1579 5180 τὸ
1612 5124 1788 5200 ὄνομα
1818 5147 1911 5181 πε-

271 5235 526 5296 ριφερειν.

335 5377 412 5453 (2)
443 5372 1219 5453 I_g_nat.{$pist._ad_Srpgnt._,_
1247 5386 1376 5453 cap.
1413 5372 1463 5426 1.

334 5443 410 5519 (3)
445 5443 796 5517 Wesseling.
828 5443 1117 5502 Probabil.
1153 5443 1248 5499 lib.
1285 5443 1455 5514 sing.,
1490 5459 1616 5516 cap.
1651 5443 1744 5510 33,
1777 5459 1910 5516 pag.

270 5519 390 5574 196.

342 5593 418 5662 (4)
450 5595 603 5647 Rom.
630 5605 671 5656 ι,
705 5589 759 5654 3,
793 5588 844 5642 4.

364 5593 418 5662 4)
450 5595 603 5647 Rom.
630 5605 671 5656 ι,
705 5593 759 5654 3,
793 5593 844 5642 4.

342 5593 416 5736 ἓὸ)
450 5663 719 5732 Bossuet,
763 5672 843 5716 νιι
889 5659 1146 5716 Avertiu.
1177 5675 1294 5716 aue:
1347 5661 1605 5731 Proteu.,
1666 5675 1684 5713 ι
1737 5662 1912 5732 part.,

2094 5128 2328 5185 Εἶώθασί
2386 5149 2525 5193 τινες
2585 5128 2734 5205 δόλῳ
2798 5137 3031 5208 πονηρῷ
3090 5133 3153 5188 τὸ
3210 5128 3380 5206 ὄνομα
3433 5134 3668 5208 Χριστοῦ

2025 5219 2354 5298 περιφέρειν.

2020 5377 2129 5429 art.
2163 5391 2218 5443 v,
2251 5375 2392 5443 §34.

2201 5448 2394 5523 ἐμοὶ.
2419 5449 2594 5523 Epist.
2618 5450 2697 5523 ad
2737 5450 2982 5523 Smyrn.,
3007 5469 3136 5523 cap,
3167 5452 3224 5508 7,

2092 5517 2171 5595 (Ἰ)
2201 5517 2536 5595 Tbeodoriti.
2572 5522 2718 5595 Dial.
2746 5517 2850 5592 tu;
2865 5539 2996 5595 pag.
3032 5517 3153 5579 154.

2095 5590 2168 5659 (8)
2200 5588 2386 5660 Ignat.
2420 5591 2592 5662 Epist.
2626 5593 2697 5649 ad
2713 5588 3088 5668 Epheiqvcap.
3113 5599 3163 5652 7.
