4026 6206
399 334 512 395 571

875 467 1015 524 Edit.
1045 481 1118 521 ea:
1143 463 1263 520 cod.
1296 461 1555 519 Mediceo.

475 561 611 632 Cap.
643 561 740 617 ΧΙ.
794 558 908 625 Τὴν
959 554 1253 609 ἐνεστῶσαν
1305 553 1465 627 χάριν
1535 552 1926 629 ἀγάπήσωμεν·
1998 549 2048 608 ἕν

405 654 512 705 τῶν
548 648 642 703 δύο
679 647 837 720 μόνον
872 645 923 699 ἐν
951 647 1054 718 Χρ.

475 741 610 810 Cap.
645 738 784 792 XIV.
845 734 1021 808 Ἀρχὴ
1082 732 1173 804 μὶν
1229 730 1427 794 πίστις’
1495 731 1654 793 τέλος
1723 728 1779 785 δὲ
1844 731 2047 808 ἀγάπη.

404 827 484 882 Τὰ
525 823 581 877 δὲ
613 821 730 892 δύο,
791 822 841 876 ἐν
900 821 1110 892 ἐνότητι
1153 822 1434 897 γενόμενα,
1484 825 1606 886 θεοῦ
1666 819 1899 879 ἐστιν...
1951 820 2052 879 Οὐ-

404 912 513 974 δεὶς
544 934 724 968 πιστιν
772 911 1273 988 ἐπαγγελλόμενος,
1325 911 1636 986 ἁμαρτάνει·
1687 907 1812 966 οὐδὲ
1841 910 2050 986 ἀγάπην

399 1025 458 1058 εκ
488 1024 642 1062 κτ....
675 1001 989 1077 Χριστιανοὶ
1022 1001 1177 1057 εἶναι.

1457 330 1521 392 S.
1568 328 1962 393 IGNATlUS.
2009 357 2087 376 --
2131 329 2763 395 PROLEGOMINA.
3659 344 3758 405 572

2073 464 2131 531 Α

2582 469 2671 522 Ex
2697 465 2972 523 Parallel.
3007 467 3360 538 Rupefuoald.

2231 555 2343 622 Τὴν
2396 553 2685 609 ἐνεστῶσαν
2727 557 2892 633 χάριν
2933 555 3299 631 ἀγαπήσωμεν
3343 559 3397 611 ’sv
3435 563 3508 630 τῷ
3534 564 3616 614 νῦν
3651 563 3759 637 βίῳ⁶

2164 643 2327 716 μόνον
2359 642 2409 697 ἐν
2445 647 2489 700 X
2498 665 2548 719 ρ.

2231 733 2406 808 Ἀρχή
2470 733 2564 806 μὲν
2620 735 2654 802 ἡ
2713 733 2914 798 πίστις·
2973 733 3132 796 τέλος
3190 733 3244 790 δὲ
3381 736 3570 813 ἀγάπη.
3617 741 3686 796 Τὰ
3713 739 3763 796 δὲ

2161 819 2276 890 δύο,
2335 820 2388 876 ἐν
2459 822 2669 891 ἓνότητι
2727 823 3009 896 γενόμενα,
3068 825 3196 887 Θεός
3255 825 3425 884 ἐστι...
3471 825 3650 890 Οὐδεὶς
3683 833 3764 884 πί-

2161 931 2272 965 στιν
2305 909 2777 986 ἐπαγγελλόμενος
2816 906 2984 988 ἔχειν,
3014 912 3330 989 ἁμαρτάνει.
3363 913 3546 978 Οὐδεὶς
3574 917 3760 994 ἀγάπην

2157 1020 2376 1058 κεκτη..
2408 1001 2640 1076 Χριστοῦ
2673 1002 2830 1060 εἶναι.

1875 1125 1948 1164 ΑΒ
1979 1125 2328 1166 Μλοιιεειοε.

472 1229 608 1300 Cap.
645 1231 742 1284 III.
795 1227 1002 1301 [πρέπον
1058 1226 1198 1282 ἐστὶν
1256 1226 1536 1282 ἐπακούειν
1587 1224 1723 1280 κατᾶ
1775 1223 2049 1297 μηδεμίαν

403 1315 778 1389 ὑπόκρισιν....
823 1316 970 1372 ἀλλὰ
997 1317 1086 1371 τὸν
1141 1315 1371 1391 ἀόρατον
1417 1313 1863 1390 παραλογίζεται⁸
1895 1315 1958 1369 τὸ
1991 1312 2049 1369 δὲ

397 1409 666 1476 τοιοῦτον,
689 1403 752 1460 οὒ
783 1406 921 1481 πρὸς
952 1406 1119 1480 σάρκα
1144 1404 1336 1482 λόγος.

2232 1224 2442 1301 Πρέπον
2499 1225 2639 1282 ἐστιν
2703 1229 2992 1284 ὑπακούειν
3049 1235 3128 1303 τῷ
3202 1230 3475 1304 ἐπισκόπῳ
3527 1231 3650 1286 κατᾶ
3703 1254 3766 1305 μη

2160 1312 2350 1387 δεμίαν
2410 1315 2794 1389 ὁπόκρισιν....
2854 1317 3000 1376 ἄλλά
3067 1319 3159 1376 τὸν
3219 1320 3441 1395 ἀόρατον
3497 1319 3771 1398 παραλογί-

2162 1408 2304 1472 ζεται
2339 1403 2490 1459 Θεόν·
2524 1410 2605 1478 τῷ
2635 1404 2691 1461 δὲ
2714 1409 2979 1482 τοιούτῳ,
3012 1409 3072 1464 οὖ
3104 1410 3240 1486 πρὸς
3274 1408 3439 1486 σάρκα
3468 1408 3645 1485 λόγος.

1883 1541 1954 1579 ΑΙ)
1993 1539 2352 1583 ΤωιιιΔΝοε.

472 1645 609 1715 Cap.
643 1645 733 1700 VI.
769 1644 834 1699 Ol.
867 1640 1050 1717 καιροὶ
1081 1638 1584 1715 παρεμπλέκουσιν.

475 1734 612 1804 Cap.
646 1734 791 1788 VIII.
827 1727 1034 1801 Μηδεὶς
1080 1731 1232 1802 ὑμῶν
1286 1730 1420 1785 κατὰ
1451 1735 1548 1785 τοῦ
1579 1729 1821 1802 πλησίου
1853 1728 2050 1805 ἐχέτω.

407 1818 500 1886 Μὴ
532 1817 698 1895 ἀείρω.
727 1816 820 1872 ’ἱνα
851 1819 1021 1890 μή....
1053 1819 1114 1872 τὸ
1146 1817 1198 1871 ἐν
1229 1829 1336 1890 θεῳ
1365 1817 1578 1887 πλῆθος
1611 1817 1816 1897 βλασφ.

475 1936 623 1992 Hinc
655 1937 912 2009 profecto
941 1941 1268 1993 noscuntur
1295 1937 1418 1993 haec
1447 1943 1717 2012 excerpta
1747 1939 2052 2011 Ignatiano

409 2025 595 2081 textui
627 2027 751 2082 sive
771 2027 1138 2083 emendando
1163 2027 1283 2083 sive
1313 2027 1487 2084 etiam
1518 2027 1731 2085 alicubi
1753 2028 2053 2084 sarciendo

407 2113 564 2168 haud
589 2131 794 2184 parum
821 2115 1147 2186 profutura.
1185 2116 1392 2172 Verum
1426 2121 1490 2171 ut
1511 2116 1586 2172 iis
1616 2116 1948 2189 expeditius
1972 2114 2050 2170 uti

408 2202 654 2260 lectores
684 2211 917 2275 queant,
952 2205 1152 2260 eadem
1194 2221 1261 2260 eo
1291 2205 1648 2277 digessimus
1681 2207 1904 2272 ordine,
1939 2221 2053 2277 quo

407 2292 702 2364 dispositae
735 2297 1050 2348 occurrunt
1066 2293 1322 2364 epistolae
1353 2310 1485 2350 cum
1517 2294 1576 2351 in
1599 2295 1794 2351 codice
1826 2295 2052 2351 Floren-

404 2381 550 2451 tino,
583 2389 706 2438 tum
741 2382 797 2437 in
828 2382 1042 2437 Smithi
1073 2383 1226 2438 edito
1257 2383 1353 2438 hic
1382 2385 1537 2457 typis
1575 2401 1808 2442 excuso.

1052 2489 1286 2546 CAPUT
1317 2490 1414 2546 III.

411 2596 654 2653 Simonii
681 2601 731 2654 et
775 2599 1036 2654 Tentzelii
1064 2599 1130 2654 de
1161 2616 1262 2656 ms.
1289 2599 1469 2655 codice
1493 2599 1728 2657 Mediceo
1757 2601 2051 2657 sententia.

485 2670 632 2727 Unie
661 2671 908 2725 hauserit
939 2673 1237 2742 lgnaliana
1267 2670 1542 2740 Svicerus,
1575 2673 1634 2725 in
1692 2688 1853 2726 suum
1930 2672 2055 2726 Ihe-

480 2757 704 2797 saurum
737 2745 1001 2809 coniecta.
1038 2743 1288 2813 Epistolas
1345 2744 1712 2813 interpolatae,
1761 2744 1845 2798 vel
1885 2745 2054 2798 etiam

480 2815 872 2884 supposititiae,
906 2832 939 2868 a
968 2816 1255 2870 nonnullis
1313 2817 1443 2869 viris
1473 2814 1646 2870 doctis
1701 2815 1885 2869 minus
1915 2819 2055 2870 recte

480 2887 628 2941 velut
657 2900 894 2942 sincerae
924 2886 1199 2940 interdum
1228 2884 1456 2942 habitae.
1473 2888 1732 2942 Romanis
1765 2888 2058 2956 inscripta?

482 2959 728 3028 epistola?
746 2956 916 3028 editio
946 2973 1110 3027 quam
1144 2956 1385 3011 Clericus
1403 2956 1788 3012 adornandum
1817 2959 2054 3028 suscepit

479 3027 626 3082 haud
653 3027 928 3096 ﬁdissima
950 3043 1062 3082 esse
1089 3028 1433 3098 perhibetur.

482 3151 549 3205 Et
569 3150 750 3206 miror
773 3151 1398 3222 equidemhujusmodi
1425 3156 1698 3224 excerpta
1713 3151 1892 3208 fuisse
1914 3152 2050 3209 hac-

411 3241 582 3294 tenus
621 3239 707 3294 vel
728 3239 1122 3308 inobservata,
1154 3238 1244 3295 vel
1277 3241 1420 3296 forte
1469 3240 1727 3312 neglecta
1756 3241 1895 3297 viris
1925 3258 2055 3297 eru-

412 3327 680 3399 ditis,qui
699 3333 827 3399 post
856 3328 1148 3384 Smithum
1174 3329 1233 3385 S.
1259 3328 1531 3400 martyris
1554 3329 1829 3400 epistolas
1846 3347 2052 3386 rursus

409 3418 667 3473 edendas
707 3424 1007 3474 curarunt.
1045 3419 1340 3475 Smithum
1399 3419 1552 3476 enim
1600 3420 1843 3491 excipio,
1885 3422 2052 3492 cujus

409 3507 751 3564 Oxoniensis
799 3509 973 3564 editio
1009 3510 1127 3579 jam
1163 3509 1220 3563 in
1279 3508 1464 3564 lucem
1527 3510 1840 3581 prodierat,
1891 3510 2053 3582 prius

409 3611 586 3666 quam
605 3597 705 3654 illa
739 3597 1018 3655 Parallela
1040 3615 1071 3654 e
1089 3614 1200 3654 ms.
1237 3597 1703 3670 Rupefucaldino
1721 3597 2054 3670 evulgaren-

411 3693 528 3746 tur.
563 3693 697 3757 Qua
725 3691 964 3763 quidem
1024 3690 1073 3745 si
1108 3689 1399 3745 Richardo
1428 3691 1684 3747 Simonio
1735 3690 2053 3763 aliquando

413 3779 1036 3837 innotuisseut.nullus
1068 3779 1442 3851 dubito,quin
1461 3797 1530 3836 ex
1557 3781 1648 3836 his
1672 3781 1866 3853 potius
1881 3797 2050 3853 quam

414 3887 481 3926 ex
513 3871 923 3944 interpolatore
954 3871 1213 3928 codicem
1271 3873 1588 3928 Mediceum
1642 3872 2053 3944 corrigendum

416 3960 722 4018 statuisset
751 3961 848 4034 (9).
873 3961 1086 4017 Eodem
1112 3961 1249 4017 item
1282 3961 1519 4017 nomine
1533 3961 1605 4017 ab
1636 3961 1735 4017 illa
1765 3962 2055 4018 sententia

406 4049 842 4120 pronuntianda
862 4049 976 4104 sibi
1006 4049 1253 4104 fortasse
1282 4052 1669 4120 temperasset
1700 4047 2053 4107 Wilhelmus

410 4136 694 4192 Ernestus
726 4137 1058 4190 Tentzelius
1079 4136 1215 4203 (10),
1247 4154 1274 4187 ιι
1307 4136 1449 4190 nihil
1492 4153 1596 4208 pro
1623 4136 1925 4208 Ignatiano
1956 4136 2054 4191 ha-

410 4225 810 4289 bendum,nisi
827 4225 984 4294 quod
1002 4242 1035 4280 a
1067 4225 1336 4280 Patribus
1355 4226 1619 4297 priorum
1649 4231 1904 4298 quatuor
1925 4235 2056 4299 post

411 4312 753 4384 martyrium
790 4311 996 4383 lgnatii
1029 4311 1375 4368 saeculorum
1399 4314 1768 4370 sanctissimo
1793 4315 1917 4372 viro
1947 4316 2053 4370 tri-

2078 1641 2129 1708 B
2231 1640 2338 1694 Καὶ
2376 1641 2876 1716 παρεμπλέκουσιν.

2233 1726 2438 1798 Μηδεὶς
2472 1731 2624 1804 ὑμῶν
2657 1732 2792 1788 κατὰ
2819 1737 2916 1788 τοῦ
2946 1732 3183 1804 πλησίον
3211 1734 3388 1810 ἒχὲτω
3417 1757 3489 1804 τι,
3522 1735 3593 1808 μὴ
3622 1733 3764 1814 ἄση..

2160 1817 2248 1872 ἳνα
2279 1819 2447 1890 μή....
2479 1820 2542 1874 τὸ
2572 1817 2752 1877 ἔνθεον
2782 1821 2996 1892 πλῆθος
3029 1822 3235 1902 βλασφ·

2161 1925 2345 1995 visus,
2379 1926 2509 1983 licet
2540 1929 2599 1985 in
2632 1929 2806 1986 aliam
2821 1949 2854 1988 a
2875 1931 3250 1989 Tentzeliana
3273 1933 3609 1990 sententiam
3631 1932 3769 1989 abie-

2165 2015 2257 2070 rit.
2291 2018 2686 2074 Pervolutanti
2717 2020 2873 2077 enim
2904 2020 3050 2076 mihi
3079 2023 3212 2092 ejus
3244 2023 3567 2079 Thesaarum
3615 2021 3764 2079 eccle-

2162 2105 2441 2161 siasticum
2471 2107 2903 2178 deprehendere
2923 2110 3390 2184 oontigit,neque
3420 2128 3555 2168 sane
3575 2111 3769 2182 absque

2163 2194 2568 2267 admiratione,
2601 2197 2798 2269 ipsum
2826 2215 2928 2270 pro
2957 2215 3090 2257 vero
3142 2200 3368 2273 lgnatio
3399 2201 3772 2272 Ignatiastrum

2162 2283 2364 2340 lectori
2387 2286 2606 2358 passim
2637 2287 2975 2346 obtrusisse.
3009 2289 3092 2344 Ne
3109 2290 3343 2347 nimius
3373 2291 3506 2360 sim,
3536 2291 3642 2346 duo
3661 2293 3774 2344 tan-

2161 2379 2278 2430 tum
2307 2373 2434 2431 loca
2464 2377 2720 2448 proferre
2775 2376 2935 2434 libet.
2967 2379 3198 2435 Primus
3228 2381 3491 2437 occurrit
3519 2397 3571 2446 v,
3614 2375 3769 2454 Ἀγέν-

2160 2483 2326 2533 νητος
2351 2465 2482 2537 (13),
2512 2467 2613 2522 ubi
2643 2467 2837 2523 statim
2869 2468 2942 2524 ab
2974 2469 3142 2524 initio
3189 2471 3378 2527 verba
3425 2470 3612 2526 recitat
3660 2473 3771 2524 tan-

2164 2571 2340 2628 quam
2374 2555 2829 2628 Ignatiana,quaa
2863 2562 3057 2613 tamen
3091 2559 3411 2633 desumpta
3434 2559 3772 2633 perhibentur

2163 2660 2231 2700 ex
2260 2644 2608 2718 interpolata
2629 2647 2878 2719 epistola
2911 2648 2982 2702 ad
3016 2649 3327 2721 Ephesios,
3361 2668 3483 2723 cap.
3514 2651 3567 2718 7,
3598 2648 3770 2718 sicque

2165 2749 2227 2789 se
2255 2734 2515 2792 habent:
2553 2757 2577 2787 α
2613 2735 2818 2808 Ἰατρὸς
2849 2737 3010 2808 ἡμῶν
3054 2733 3195 2790 ἔστιν
3235 2739 3272 2792 ὁ
3331 2739 3491 2811 μόνος
3543 2735 3771 2807 ἀληθινὸς

2164 2821 2312 2894 Θεὸς,
2357 2824 2384 2877 ὁ
2458 2822 2750 2896 ἀγέννητος
2789 2824 2879 2879 καὶ
2933 2825 3253 2900 ἀπρόσιτος,
3291 2828 3319 2882 ὁ
3374 2832 3476 2882 τῶν
3517 2826 3648 2882 ὅλων
3678 2825 3771 2882 Κύ-

2167 2930 2306 2985 ριος,
2345 2916 2441 2967 τοῦ
2484 2910 2540 2967 δὲ
2596 2919 2923 2988 μονογενοῦς
2973 2915 3161 2989 Πατὴρ
3219 2919 3316 2972 καὶ
3348 2919 3633 2993 γεννήτωρ.
3662 2939 3686 2967 »
3715 2919 3772 2971 Al

2083 3009 2126 3076 α
2161 3003 2249 3057 vir
2278 3003 2641 3073 apostolicus
2663 3005 2722 3059 in
2756 3005 2956 3060 eadem
3008 3005 3256 3076 epistola
3291 3009 3539 3079 genuina
3567 3008 3602 3063 l.
3632 3023 3676 3061 c.
3707 3005 3772 3058 ita

2165 3092 2370 3147 scribit
2393 3110 2407 3149 :
2431 3114 2459 3142 «
2493 3093 2588 3153 Εἷς
2630 3091 2815 3167 ἰατρός
2848 3091 3008 3161 ἐστιν,
3061 3096 3323 3169 σαρκικός
3384 3117 3441 3151 τε
3510 3094 3594 3150 καὶ
3628 3113 3771 3148 πνευ-

2166 3179 2415 3252 ματικὸς,
2446 3181 2705 3256 γεννητὸς
2735 3183 2826 3236 καὶ
2858 3182 3172 3257 ἀγὲννητος,
3205 3206 3232 3238 ι
3275 3206 3328 3244 κ.
3367 3207 3418 3240 τ’
3454 3183 3506 3242 λ.
3537 3187 3679 3242 Alter
3706 3184 3771 3238 lo-

2162 3290 2265 3329 cus
2295 3277 2481 3328 exstat
2509 3290 2562 3327 ν.
2596 3271 2927 3346 ’Δντίψυχον
2987 3276 3096 3346 (14)
3126 3293 3139 3331 :
3170 3275 3254 3331 ibi
3293 3278 3449 3333 enim
3501 3281 3773 3348 postquam

2165 3363 2336 3433 hujus
2365 3361 2523 3418 vocis
2552 3363 2885 3435 exemplum
2917 3378 2986 3418 ex
3007 3379 3304 3435 germanae
3335 3368 3404 3422 ad
3425 3367 3773 3440 Smyrnenses

2161 3451 2410 3523 epistolae
2441 3452 2629 3524 capite
2659 3452 2746 3521 lo,
2780 3455 3102 3524 excerptum
3123 3454 3488 3524 adduxisset,
3519 3454 3661 3511 aliud
3690 3469 3771 3508 re-

2165 3544 2276 3599 fert
2306 3558 2372 3598 ex
2396 3541 2748 3613 interpolata
2777 3543 2849 3598 ad
2885 3544 3192 3616 Ephesios,
3216 3561 3349 3617 cap.
3380 3549 3468 3602 21.
3488 3547 3669 3618 Neque
3694 3543 3770 3597 his

2163 3637 2498 3702 contentus,
2521 3633 2684 3706 paria
2713 3635 2920 3690 recitat
2947 3651 3012 3690 ex
3045 3635 3316 3707 epistolis
3345 3635 3671 3710 suppositiis
3712 3631 3770 3687 ad

2163 3723 2574 3800 Antiochenos,
2607 3724 2679 3779 ad
2711 3723 3020 3795 Heronem,
3050 3726 3121 3781 ad
3154 3729 3471 3784 Tarsenses
3500 3731 3554 3782 et
3571 3726 3635 3781 ad
3670 3720 3773 3778 Phi-

2166 3812 2462 3884 lippenses
2485 3829 2503 3867 :
2524 3812 2836 3884 omniaque
2856 3813 3060 3869 isthaec
3095 3815 3270 3870 nobis
3293 3815 3504 3888 ingerit
3523 3819 3769 3882 tanquam

2165 3921 2195 3958 a
2227 3901 2598 3958 sanctissimo
2612 3902 2969 3958 Antiocheno
2985 3903 3260 3976 episcopo
3287 3911 3343 3962 et
3367 3909 3610 3977 martyre
3629 3908 3775 3973 Igna-

2165 3991 2249 4046 tio
2281 3990 2794 4063 perscripta.Unde
2825 3990 3363 4064 colligasepistolas
3395 3995 3667 4066 quotquot
3691 4004 3777 4044 ex-

2166 4084 2328 4135 stant
2356 4097 2581 4148 omnes,
2631 4080 2751 4137 sive
2809 4085 3091 4147 sinceras,
3124 4084 3245 4139 sive
3285 4081 3652 4155 interpolatae
3678 4078 3779 4134 sive

2165 4170 2404 4227 demum
2433 4171 3158 4244 supposititias,Svicerum
3187 4173 3522 4244 promiscue
3542 4186 3638 4244 pro
3664 4182 3777 4224 vere

2162 4257 2478 4328 Ignatianis
2510 4261 2829 4334 accepisse.

411 4400 634 4458 buitur.
671 4422 698 4451 »
725 4400 1014 4456 Nimirum
1049 4401 1315 4456 eruditus
1373 4401 1468 4456 ille
1504 4404 1592 4457 vir
1621 4403 1920 4460 nonnullis
1949 4421 2052 4460 me.

2237 4385 2342 4440 Bis
2371 4391 2568 4442 autem
2600 4388 2668 4442 de
2694 4387 2910 4444 Sviceri
2960 4388 3228 4445 Thesauro
3281 4391 3520 4457 notatis,
3554 4388 3701 4444 locus
3727 4383 3778 4438 in

411 4491 728 4548 Florentini
744 4493 861 4547 sive
877 4490 1156 4547 labeculis
1187 4491 1306 4547 sive
1329 4490 1706 4548 varietatibus
1727 4500 2046 4564 permotus,

413 4585 541 4654 ejus
575 4579 852 4635 αὺθεντίαν
873 4579 1092 4636 elevare
1123 4579 1448 4636 contendit:
1481 4581 1650 4651 cujus
1675 4584 1872 4637 tamen
1907 4582 2060 4654 obje-

411 4677 762 4734 ctationibus
795 4679 1164 4732 occurrentes
1217 4673 1466 4731 Grabius
1498 4674 1613 4745 (11)
1674 4680 1732 4732 et
1772 4675 2055 4736 Nourrius

411 4769 546 4838 (12),
581 4766 712 4822 illas
744 4774 1011 4823 accurate
1044 4765 1187 4821 satis
1218 4763 1550 4831 diluerunt;
1584 4765 1838 4822 validius
1869 4767 2056 4824 adhuc

411 4857 468 4911 id
515 4855 848 4926 praestiluri,
897 4855 945 4910 si
978 4855 1179 4910 eadem
1233 4852 1516 4909 Parallela
1580 4854 1868 4927 inspicere
1911 4856 2056 4928 ipsis

411 4943 698 4999 licuisset.

485 5033 625 5089 Cum
673 5030 962 5089 Tentzelio
991 5047 1225 5103 quoque
1254 5031 1312 5086 in
1361 5031 1623 5103 ejusdem
1672 5050 1784 5090 ms.
1817 5033 2054 5092 Medicei

416 5127 815 5194 contemptum
844 5121 1138 5178 immerito
1187 5122 1556 5193 conspirasse
1613 5123 1880 5180 Svicerus
1911 5117 2055 5180 mihi

482 5240 561 5312 (9)
627 5238 856 5312 Timon.
901 5236 1147 5312 include
1190 5237 1256 5291 Is.
1309 5235 1779 5312 Vossii__respons.
1813 5237 1910 5293 sub
1955 5253 2056 5294 no-

414 5307 566 5366 mine
595 5307 930 5380 Hieronymi
960 5308 1013 5363 le
1042 5308 1279 5373 Camus,
1314 5323 1446 5378 pag.
1477 5308 1572 5363 24.

485 5382 597 5455 (10)
630 5380 886 5506 Tentéssel.
917 5381 1159 5436 Exerczt.
1193 5381 1398 5450 selecl.,
1432 5389 1582 5452 part.
1617 5395 1657 5448 1,
1701 5381 1934 5456 exeruit.
1967 5397 2054 5450 ιιι,

485 5470 568 5506 ΙΙΙ.
603 5468 731 5506 082.
835 5491 845 5506 .

468 5470 568 5520 vn,
603 5470 731 5520 pag.
755 5470 845 5506 οδ.

415 5455 443 5522 §
468 5470 568 5520 vn,
603 5468 731 5524 pag.
755 5455 845 5506 63.

485 5526 595 5594 (11)
625 5524 797 5581 Grab.
829 5523 1036 5592 Spieil.
1071 5526 1212 5579 tom.
1243 5524 1317 5593 II,
1344 5541 1398 5594 p.
1432 5526 1556 5580 227.

485 5594 597 5669 (12)
648 5595 856 5670 Nourr.
915 5594 1245 5670 Appar.wad
1301 5596 1564 5654 Bibliolh.
1619 5597 1752 5668 PP.,
1809 5601 1954 5656 tom.
2012 5599 2056 5670 l,

414 5664 650 5728 dissert.
675 5683 798 5740 νιιι,
821 5669 849 5740 §
875 5664 976 5736 vn,
995 5664 1068 5741 'p.
1099 5667 1223 5724 159.

2163 4481 2417 4532 mentem
2437 4476 2595 4530 venit
2624 4493 2693 4532 ex
2705 4479 3035 4550 apocrypha
3055 4479 3301 4550 epistola
3317 4482 3391 4536 ad
3418 4479 3779 4537 Antiochenos

2162 4564 2580 4636 relatus,quem
2613 4581 2746 4622 cum
2780 4567 2839 4622 in
2882 4569 3036 4624 notis
3077 4576 3191 4623 tum
3225 4571 3283 4624 iu
3317 4569 3570 4626 Scholiis
3594 4559 3781 4623 Nobilii

2162 4661 2234 4716 ad
2267 4658 2432 4714 Isaiae
2464 4675 2542 4729 xx,
2565 4661 2619 4728 6,
2641 4660 2698 4716 in
2733 4661 2934 4718 Bibliis
2963 4662 3204 4719 Sixtinis
3224 4666 3336 4716 τῶν
3369 4664 3428 4719 0'
3462 4659 3782 4719 meminime

2162 4747 2481 4819 aliquando
2513 4747 2724 4821 legisse
2753 4751 2888 4822 (l5).
2912 4756 2985 4806 At
3015 4768 3148 4808 vero
3178 4753 3551 4808 excusandus
3583 4749 3783 4804 videtur

2161 4836 2701 4906 Nobilius,sinceris
2730 4839 3055 4910 Ignatianis
3071 4841 3334 4913 epistolis
3360 4847 3500 4896 tunc
3532 4835 3783 4908 temporis

2167 4927 2423 4983 nondum
2441 4927 3018 5000 detectis.Ambigere
3033 4935 3227 4985 tamen
3249 4931 3384 5001 quis
3409 4931 3542 5000 jure
3562 4928 3783 4983 fortasse

2164 5016 2394 5090 poterit,
2423 5035 2496 5072 an
2542 5017 2668 5088 pari
2725 5016 2843 5072 sint
2899 5017 3270 5092 indulgentia
3327 5016 3646 5091 excipiendi
3689 5009 3782 5068 viri

2165 5109 2370 5162 cetera
2399 5104 2577 5174 docti,
2600 5103 2895 5162 Calmetus
2926 5106 3062 5178 (l6),
3094 5107 3470 5163 Sabbatierus
3495 5107 3598 5178 (17)
3630 5106 3783 5171 atque

2235 5235 2351 5304 (13)
2382 5234 2592 5290 Sciver.
2623 5233 2772 5288 Thes.
2799 5234 2952 5300 eccl.,
2985 5237 3127 5288 tom.
3163 5235 3206 5302 Ι,
3241 5234 3349 5292 col.
3383 5235 3474 5292 49.

2235 5306 2348 5380 (14)
2382 5305 2656 5380 Isi-ibid»
2686 5306 2796 5380 901-
2824 5305 2952 5380 394-

2236 5370 2570 5504 (l5lﬁobil.
2603 5377 2664 5432 in
2703 5379 2808 5435 Vet.
2834 5378 3063 5434 Testam.
3098 5377 3320 5435 secund.
3353 5375 3528 5443 LXX,
3557 5379 3688 5430 tom.
3721 5370 3783 5437 ll,

2236 5464 2300 5504 ,2.
2447 5493 2460 5504 .

2208 5464 2300 5506 a2.
2333 5453 2460 5506 474.

2167 5464 2624 5595 μδόῖὲῗέιωθι.
2660 5521 3062 5595 Οοπιηιεῃίηίη
3085 5520 3213 5590 1.ςα.,
3249 5524 3387 5595 tom.
3424 5521 3491 5589 V,
3527 5534 3653 5591 pag.
3672 5512 3779 5595 57,4-

2235 5593 2350 5663 (17)
2391 5593 2710 5648 Sabbatier.
2767 5591 3028 5650 Biblioth.
3078 5609 3218 5649 sacr.
3279 5594 3392 5649 Lat.
3442 5607 3578 5647 vers.
3615 5590 3779 5654 antiq-

2164 5667 2306 5720 tom.
2348 5666 2424 5735 II,
2455 5683 2512 5740 p.
2539 5665 2666 5721 535.
