4026 6206
228 343 348 405 573

1321 341 1663 404 ANDRE/E
1702 341 2129 404 GALLANDII
2179 342 2600 406 ΡΒΟαῖιΜΙΑ.

3538 343 3656 408 5η

237 478 928 552 auctorproiegomenwn
951 477 1020 534 ad
1043 481 1269 534 tomum
1301 480 1376 534 llI
1395 478 1905 536 versionisLxx-vi-
1930 481 1984 547 Α
2087 479 2233 544 Quid
2268 481 2478 554 quaeris
2511 481 2538 536 ?
2569 481 2763 537 Mirari
2796 480 2957 537 subit
2985 481 3280 538 enimvero
3312 497 3501 553 neque
3534 481 3658 537 Til-

237 571 381 626 ralis
414 570 694 625 editionis
724 569 1029 624 Grabianae
1064 568 1196 640 (18),
1231 568 1329 640 qui
1360 568 1654 624 Nobilium
1696 567 1897 638 secuti,

243 662 316 717 ad
351 659 496 715 illud
535 659 748 730 pariter
779 658 943 714 Isaiae
997 675 1075 724 ix,
1107 659 1162 726 6,
1197 658 1467 713 eumdem
1500 657 1692 714 locum
1739 674 1806 712 ex
1833 673 1903 712 ea

242 750 500 823 epistola
524 747 1039 821 pseudepigrapha
1061 754 1338 819 tanquam
1364 763 1498 804 vere
1529 747 1898 819 Ignatianum

245 840 604 895 excitarunt.

315 930 435 985 Hac
457 930 597 983 item
619 933 850 998 arrepta
877 926 1178 984 occasione
1203 927 1356 983 haud
1381 927 1634 984 otiosum
1660 927 1902 981 fortasse

243 1020 431 1074 fuerit
481 1017 826 1072 meminisse
856 1015 1013 1071 illius
1065 1017 1396 1088 fragmenti,
1425 1017 1575 1088 quod
1601 1033 1630 1071 θ
1659 1014 1901 1071 Joannis

236 1107 643 1182 Chrysostomi
680 1105 919 1162 homilia
953 1107 1025 1162 De
1053 1123 1160 1162 non
1192 1106 1729 1163 anathematizandis
1759 1104 1901 1162 vivis

245 1198 335 1254 vel
367 1195 647 1268 defunctis
675 1195 790 1266 (19)
822 1195 1228 1267 desumptum,
1260 1195 1527 1267 epistolis
1583 1191 1902 1266 Ignatianis

238 1290 432 1360 primo
465 1285 593 1342 loco
626 1285 1011 1355 subjecimus.
1044 1283 1135 1340 Sic
1155 1292 1351 1340 autem
1385 1284 1562 1340 habet
1593 1302 1605 1340 :
1636 1284 1732 1339 Ὃν
1762 1281 1898 1357 τρό-

238 1399 341 1431 πον
376 1377 404 1430 ὁ
451 1373 694 1448 περιθεὶς
745 1373 919 1444 ἑαυτῷ
976 1368 1280 1448 ἁλουργίδα
1339 1372 1631 1446 βασιλικὴν
1672 1367 1899 1441 ἰδιώτης

241 1465 566 1542 τυγχάνων,
600 1461 759 1524 αὐτός
793 1483 849 1518 τε
895 1461 986 1516 καὶ
1046 1461 1097 1515 οἱ
1154 1460 1302 1533 αὐτῷ
1343 1462 1789 1538 συνεργήσαντες,
1824 1460 1899 1522 ὡς

242 1557 500 1627 τύραννοι
559 1552 930 1626 ἀναιροῦνται·
992 1551 1186 1619 οὕτως,
1245 1545 1454 1626 gemet
1501 1549 1570 1624 τῇ
1603 1547 1897 1624 δεσποτικῇ

243 1645 519 1718 ἀποφάσει
555 1643 921 1716 χρησάμενοι,
978 1639 1068 1694 καὶ
1127 1639 1383 1712 ἀνάθημα
1413 1642 1512 1708 τῆς
1571 1637 1899 1711 Ἐκκλησίας

246 1735 579 1804 ποιήσαντες
611 1729 924 1806 ἄνθρωπον,
968 1729 1042 1790 εἰς
1101 1728 1342 1798 παντελῆ
1399 1728 1626 1803 ὄλεθρον
1655 1728 1895 1802 ἀπάγου-

2013 569 2101 622 lea
2130 572 2352 626 entium
2388 587 2574 642 neque
2621 570 3145 637 Montfaucenium,
3179 570 3279 641 qui
3328 577 3386 626 et
3435 575 3656 627 textum

2013 657 2276 714 Graecum
2304 660 2702 732 Ignatianum.
2735 665 2798 716 ut
2829 659 3066 732 quidem
3093 664 3280 731 putat,
3315 659 3373 714 in
3399 661 3658 716 medium

2013 751 2248 820 profert,
2277 749 2336 806 in
2395 752 2791 822 suspicionem
2844 752 2999 807 haud
3046 750 3295 814 venisse,
3329 750 3505 804 verba
3563 750 3664 806 illa

2012 855 2128 894 non
2163 840 2234 895 ab
2273 841 2520 912 lgnatio,
2555 842 2657 897 sed
2688 841 2760 896 ab
2805 841 3154 912 Ignatiastro
3187 839 3368 895 fuisse
3401 839 3659 893 conscri-

2012 933 2132 999 pta,
2153 945 2256 984 nec
2277 930 2336 986 in
2365 931 2612 996 sincera,
2633 929 2738 986 sed
2759 930 2817 983 in
2841 928 3189 1001 interpolata
3216 929 3286 983 ad
3320 929 3658 1000 Smyrna-es

2009 1017 2255 1090 epistola
2267 1023 2510 1076 exstare.
2531 1019 2774 1076 Baronio
2791 1019 2994 1090 utique
3009 1017 3436 1088 indulgendum
3464 1016 3661 1072 eodem

2013 1109 2270 1177 nomine,
2291 1127 2406 1182 quo
2430 1109 2605 1182 paulo
2631 1113 2764 1166 ante
2781 1108 3083 1166 Nobilium
3112 1112 3452 1164 excusatum
3478 1107 3659 1163 volui-

2013 1215 2164 1253 mus.
2190 1199 2337 1264 Quid
2361 1197 2830 1271 igitur,inquies,
2855 1198 2923 1254 de
2941 1197 3352 1268 Chrysostoino
3377 1199 3638 1252 statuen-

2011 1288 2150 1342 dum
2183 1287 2356 1342 fuerit
2387 1291 2410 1343 Ρ
2440 1294 2518 1344 De
2549 1304 2616 1343 eo
2640 1287 2920 1342 nimirum
2946 1287 3028 1341 ita
3051 1284 3430 1340 sentiendum
3463 1284 3661 1340 existi-

2009 1377 2407 1434 mamuszvel
2465 1377 2706 1450 aliquod
2750 1377 2808 1432 S.
2858 1374 3134 1448 martyris
3186 1373 3472 1445 scriptum
3535 1373 3662 1428 sive

2011 1465 2381 1538 epistolicum
2406 1467 2528 1524 sive
2558 1466 2709 1523 alius
2730 1466 2962 1539 generis
2988 1480 3145 1520 nunc
3168 1462 3541 1534 deperditum
3568 1479 3658 1518 re-

2011 1557 2272 1628 spexisse
2295 1557 2353 1613 S.
2412 1558 2709 1614 doctorem
2748 1573 2760 1611 :
2793 1555 2904 1624 vel,
2940 1555 2988 1610 si
3040 1553 3248 1621 mavis,
3277 1552 3487 1624 Ignatii
3537 1553 3661 1622 epi-

2010 1645 2286 1702 stolarum
2317 1645 2575 1702 codicem
2608 1644 3022 1717 interpolatum
3055 1643 3116 1698 in
3148 1643 3276 1712 ejus
3300 1658 3512 1697 manus
3544 1641 3656 1695 nli-

2012 1735 2246 1806 quando
2277 1735 2580 1805 incidisse,
2612 1751 2785 1806 quem
2815 1733 3048 1805 'putarit
3080 1747 3208 1787 esse
3259 1747 3606 1802 germanum
3644 1747 3658 1799 ;

245 1843 328 1876 σιν
386 1819 632 1890 ἑαυτοὺς,
693 1820 791 1887 τήν
878 1819 1024 1890 ἀξίαν
1100 1823 1199 1873 τοῦ
1289 1818 1412 1872 1⁸ἱοῦ
1470 1817 1894 1892 ἀφαρπάζοντες.

2012 1825 2167 1897 quod
2216 1830 2410 1882 tamen
2463 1825 2554 1880 vix
2581 1823 2925 1880 crediderim
2957 1840 2976 1878 :
3008 1821 3095 1877 vel
3153 1820 3407 1890 denique
3458 1819 3656 1890 ipsum

246 1911 310 1967 Id
372 1916 461 1967 est
491 1927 505 1964 :
540 1909 1003 1979 Quemadmodum
1029 1911 1078 1962 si
1133 1909 1280 1979 quis,
1326 1910 1576 1979 privatus
1623 1925 1751 1966 cum
1802 1910 1898 1977 sit,

243 2004 456 2072 regiam
486 2017 803 2073 purpuram
839 1999 1118 2068 induerit,
1138 2003 1252 2053 tum
1286 2000 1539 2070 ipseiam
1570 1998 1900 2056 commilito-

238 2107 329 2147 nes
357 2091 502 2162 ejus,
536 2090 698 2163 quasi
717 2089 949 2160 tyranni
975 2089 1392 2159 interﬁciuntur
1416 2105 1429 2144 :
1453 2089 1553 2156 sic,
1574 2090 1781 2163 inquit,
1807 2089 1903 2159 qui

235 2180 522 2237 Dominico
555 2187 790 2235 utuntur
818 2178 1050 2249 decreto,
1081 2182 1133 2234 et
1171 2178 1452 2236 hominem
1478 2177 1737 2235 Ecclesiae
1759 2195 1900 2234 ana-

240 2271 417 2325 thema
445 2271 689 2340 faciunt,
721 2272 780 2323 in
809 2277 1108 2324 extremam
1153 2285 1210 2323 se
1255 2269 1561 2339 perniciem
1593 2268 1897 2336 abducunt,

243 2359 374 2414 Filii
402 2359 739 2427 dignitatem
769 2365 1118 2428 usurpantes.
1142 2361 1258 2412 Hoc
1283 2361 1478 2414 autem
1503 2357 1724 2413 dictum
1754 2358 1902 2412 inter

246 2449 473 2520 reliqua
508 2446 808 2518 lgnatiana
849 2463 974 2518 quae
1023 2445 1078 2500 in
1134 2445 1398 2518 epistolis
1440 2446 1689 2503 sinceris
1742 2447 1900 2503 haud

244 2543 503 2604 exstant,
541 2537 945 2608 reponendum
975 2536 1336 2603 censuimus,
1366 2541 1422 2591 S.
1457 2537 1710 2592 doctoris
1741 2553 1900 2592 reve-

247 2631 435 2684 rentia
468 2632 528 2682 et
559 2625 905 2681 auctoritate
923 2625 1202 2696 permoti;
1227 2626 1636 2696 quiejusmedi
1662 2626 1899 2682 effatum

249 2719 698 2783 enuntiaturus,
726 2732 865 2771 suos
881 2717 1175 2771 auditores
1200 2715 1290 2770 his
1313 2716 1508 2771 verbis
1535 2716 1898 2787 alloquitur:

247 2833 272 2857 ‹‹
303 2806 582 2863 Βούλεσθε
619 2809 826 2877 μαθεῖν,
862 2803 956 2858 οἶά
1009 2823 1091 2864 τις
1123 2803 1413 2881 ἐφθέγξατο
1474 2806 1628 2880 ἅγιος
1659 2810 1765 2860 τῶν
1794 2805 1902 2880 πρὸ

246 2899 410 2969 ἡμῶν
472 2902 576 2963 τῆς
637 2890 901 2968 διαδοχῆς
958 2896 1065 2947 τῶν
1093 2893 1416 2948 ἀποστόλων
1475 2895 1790 2970 γενόμενος,
1841 2894 1900 2956 ὅς

238 2987 330 3040 καὶ
386 2982 688 3059 μαρτυρίου
736 2981 936 3054 ἠξίωτο
971 3001 984 3051 ;
1017 3005 1046 3033 ››
1083 2983 1254 3040 Vultis
1305 2983 1511 3041 discere
1558 2985 1696 3058 quid
1752 2985 1907 3041 dixe-

237 3075 319 3128 rit
355 3071 445 3126 vir
476 3072 714 3143 quidam,
748 3073 849 3141 qui
868 3079 999 3126 ante
1027 3087 1124 3127 nos
1145 3080 1198 3126 et
1228 3071 1295 3127 de
1325 3075 1656 3128 successione
1679 3077 1868 3144 aposio
1887 3103 1900 3112 -

239 3163 429 3216 lorum
457 3162 592 3230 fuit,
623 3175 688 3216 ac
732 3161 1004 3232 martyrio
1052 3159 1328 3229 dignatus
1356 3165 1434 3216 est
1463 3164 1490 3215 ἵ
1515 3163 1694 3225 Quem
1743 3161 1900 3217 enim

243 3251 427 3307 alium
468 3253 782 3322 martyrem
815 3265 883 3304 ex
915 3247 1314 3320 apostolorum
1349 3251 1740 3319 successione,
1775 3267 1904 3322 pro-
1934 3221 1984 3289 Ο

247 3340 448 3395 tulerit
511 3337 932 3410 tlhrysotemus
1008 3338 1325 3393 Antiochiae
1397 3337 1664 3410 loquens,
1725 3357 1903 3411 quam

252 3428 550 3499 lgnatium
581 3425 1008 3481 Antiochenum
1040 3427 1378 3498 episcopum
1411 3429 1438 3483 ?
1470 3440 1526 3483 ut
1549 3430 1682 3500 jure
1709 3429 1904 3500 arguit

252 3517 322 3574 cl.
359 3515 843 3571 Montfauconius
865 3515 998 3586 (20).
1032 3517 1318 3573 Baronius
1337 3517 1433 3587 qui
1462 3518 1687 3589 primus
1709 3518 1902 3574 locum

249 3606 465 3662 detexit
496 3604 633 3674 (21),
665 3603 976 3675 epistolam
1008 3605 1077 3659 ad
1113 3605 1444 3676 Smyrnaea
1472 3609 1529 3660 S.
1579 3607 1738 3662 Patri
1769 3612 1904 3663 ante

248 3695 450 3753 oculos
485 3694 851 3750 obversatam
886 3693 1064 3749 fuisse
1095 3693 1364 3764 conjecit,
1401 3694 1500 3750 ubi
1543 3694 1665 3751 haec
1696 3693 1902 3766 legun-

247 3793 341 3842 tur
367 3788 481 3856 (22)
515 3801 530 3841 :
569 3807 588 3833 ι
626 3782 690 3838 Ei
730 3783 834 3858 γὰρ
868 3783 894 3837 ὁ
944 3781 1258 3857 βασιλεῦσιν
1317 3782 1756 3858 ἐπεγειρόμενος,
1803 3805 1903 3839 κο-

245 3875 466 3938 λάσεως
507 3871 654 3946 ἄξιος
713 3869 940 3934 δικαίως
999 3874 1304 3947 γενήσεται,
1362 3873 1437 3938 ὥς
1481 3894 1546 3949 γε
1604 3872 1897 3946 παραλύων

238 3967 340 4034 τήν
373 3963 572 4032 κοινὴν
609 3961 882 4034 εὐνομίανο
916 3961 1070 4034 πόσῳ
1100 3959 1309 4017 δοκεῖτε
1364 3961 1614 4038 χείρονος
1673 3963 1901 4035 ἀξιωθή-

244 4077 394 4111 σεται
428 4053 788 4128 τιμωρία;,ὁ
852 4050 974 4106 ἄνευ
1034 4050 1335 4108 ἐπισκόπου
1390 4054 1443 4107 τὶ
1501 4058 1678 4109 ποιεῖν
1703 4073 1901 4127 προαι-

243 4144 547 4220 ρούμενος,
608 4143 700 4196 καὶ
753 4143 852 4211 τὴν
912 4141 1175 4214 ὁμόνοιαν
1204 4139 1470 4212 διασπῶν,
1493 4145 1582 4198 καὶ
1613 4145 1712 4213 τὴν
1746 4143 1902 4198 εὐτα-

242 4237 357 4307 ξίαν
392 4231 641 4309 συγχέων
676 4250 689 4300 ;
720 4253 746 4284 ι
783 4234 844 4288 Si
864 4235 1010 4288 enim
1025 4235 1150 4302 iure
1169 4237 1273 4291 erit
1293 4235 1900 4307 pcenadignusquiad-

241 4343 435 4386 versus
493 4340 646 4396 reges
688 4326 946 4392 insurgit,
1008 4329 1068 4378 ut
1115 4327 1212 4397 qui
1259 4326 1495 4382 resolvat
1555 4342 1900 4382 communem

240 4419 491 4488 quietem
523 4432 542 4468 :
574 4417 780 4485 quanto
817 4410 1027 4485 putatis
1075 4415 1300 4483 gravius
1352 4416 1654 4472 merebitur
1697 4416 1900 4487 suppli-

237 4506 415 4570 cium,
445 4503 547 4576 qui
575 4504 698 4557 sine
714 4504 962 4574 episwpo
997 4503 1130 4573 quid
1159 4502 1304 4560 volet
1337 4521 1523 4575 agere,
1555 4505 1900 4562 concordiam

237 4609 506 4666 rumpens
536 4601 593 4648 et
615 4593 813 4648 bonum
843 4592 1097 4649 ordinem
1127 4594 1468 4665 confundens
1496 4599 1522 4649 .9
1550 4595 1730 4666 Cujus
1762 4595 1895 4668 qui-
1927 4596 1972 4661 D

236 4688 376 4741 dem
438 4684 553 4738 loci
588 4683 728 4749 vim,
765 4700 881 4738 non
953 4685 1128 4738 verba
1189 4685 1517 4741 reddidisse
1546 4685 1897 4759 Chrysosto-

239 4789 440 4837 mum,
469 4776 643 4842 atque
672 4771 742 4826 ad
791 4771 1149 4842 prepositum
1182 4772 1324 4829 illud
1360 4790 1528 4830 suum
1571 4775 1892 4846 inﬂexisse,

239 4862 460 4920 statuit
481 4861 636 4915 idem
663 4859 974 4915 Annalium
996 4861 1525 4918 ecclesiasticorum
1544 4881 1774 4936 parens.
1795 4867 1895 4921 Se-

239 4971 347 5009 cus
383 4967 518 5006 vero
547 4950 865 5005 arbitratur
884 4950 1298 5008 Tillemozitius
1321 4953 1456 5024 (23),
1490 4953 1584 5009 cui
1609 4954 1774 5010 locus
1800 4954 1896 5010 hic

239 5041 595 5116 Ignatianus
627 5055 762 5094 cum
788 5039 887 5095 illo
919 5039 1316 5113 Chrysostomi
1341 5043 1434 5098 vix
1454 5043 1896 5116 quidpiamfsﬂi-

237 5131 452 5187 uitatis
503 5128 716 5184 habere
759 5128 1008 5184 videtur.
1065 5129 1538 5189 Mentfauconius
1583 5139 1778 5188 tamen
1836 5132 1895 5187 in

235 5217 480 5277 Baronii
511 5216 863 5274 sententiam
895 5219 1182 5276 concedit.

310 5408 436 5475 (18)
463 5404 592 5459 Vet.
616 5404 774 5458 'l‘est.
801 5418 870 5458 ex
900 5421 1052 5479 vers.
1077 5406 1219 5461 LXX
1239 5407 1376 5462 edit.
1399 5407 1601 5474 Grab.,
1622 5412 1765 5463 tom.
1794 5409 1895 5479 III,

235 5481 568 5552 protegam.
633 5493 691 5529 n.
724 5491 801 5540 iv,
857 5477 968 5531 sub
1011 5477 1108 5535 fin.
1146 5479 1203 5547 §§
1229 5480 1350 5535 Jam
1371 5495 1440 5536 ex
1468 5481 1570 5536 hoc
1605 5477 1894 5546 schemate,

236 5557 300 5607 ot
339 5553 465 5606 Duo
496 5558 684 5602 tamen
713 5554 863 5601 sunt.

313 5620 435 5702 (1.9)
464 5620 635 5675 Joan.
669 5618 970 5689 Chrysost.
1006 5619 1152 5693 Opp.
1185 5626 1326 5680 tom.
1363 5623 1405 5693 Ι,
1439 5638 1572 5695 pag.
1619 5624 1727 5679 393
1756 5623 1894 5680 edit.

236 5697 439 5752 Paris.
472 5693 583 5748 BB.

2014 1914 2262 1970 fortasse
2277 1914 2334 1969 in
2352 1913 2536 1970 alium
2559 1915 2632 1970 ab
2653 1913 2876 1985 Ignatio
2899 1907 3285 1982 apostolicum
3304 1907 3498 1963 virum
3519 1923 3621 1962 ecu

2011 2002 2100 2058 los
2131 2001 2478 2059 intendisse.
2512 2004 2580 2057 At
2612 2003 2680 2057 de
2711 2000 2804 2056 his
2852 1999 2997 2055 satis
3029 2015 3042 2053 :
3081 2013 3206 2069 quas
3251 1995 3492 2068 quidem
3542 2010 3656 2049 non

2013 2091 2204 2149 solum
2227 2097 2532 2164 eapropter
2558 2091 2895 2148 adnotanda
2915 2087 3276 2156 censuimus,
3300 2102 3372 2141 ne
3395 2084 3656 2140 virorum

2011 2183 2486 2240 doctissimorum
2509 2182 2828 2240 auctoritas
2857 2178 3166 2237 incuriosis
3213 2176 3529 2233 lectoribus
3561 2176 3620 2230 fu
3640 2203 3652 2214 -

2011 2291 2144 2330 cum
2191 2275 2384 2343 faciat,
2414 2275 2512 2330 sed
2547 2273 2720 2329 etiam
2771 2271 2830 2326 in
2894 2269 3092 2342 primis
3123 2271 3188 2322 ut
3245 2265 3510 2338 epistolis
3564 2280 3658 2336 ge-

2012 2363 2210 2421 nuinis
2247 2364 2478 2421 debitus
2509 2364 2694 2421 honor
2724 2362 2783 2418 in
2830 2366 2952 2417 tuto
2983 2359 3207 2431 positus
3259 2355 3484 2412 tirmius
3515 2371 3653 2411 cen-

2014 2454 2203 2510 sistat.

2089 2546 2301 2600 Verum
2370 2549 2689 2616 antequam
2753 2541 2864 2596 alio
2896 2556 2956 2596 se
2990 2540 3289 2594 convertat
3316 2534 3522 2602 oratio,
3582 2535 3655 2589 de

2010 2633 2216 2706 Ignatii
2252 2634 2500 2706 epistola
2530 2631 2808 2689 Romanis
2855 2628 3137 2700 inscripta
3175 2643 3302 2697 quae
3355 2625 3414 2680 in
3464 2623 3659 2680 codice

2010 2725 2264 2780 Medicee
2291 2723 2675 2789 desideratur,
2712 2719 2992 2778 nonnulla
3024 2717 3118 2773 hic
3163 2715 3535 2771 admouenda
3563 2729 3662 2768 oc-

2011 2818 2280 2876 currunt,
2313 2813 2501 2884 iisque
2543 2811 2828 2878 addenda,
2865 2825 2990 2881 quae
3035 2805 3310 2878 superius
3359 2821 3424 2858 ea
3477 2803 3546 2858 de
3595 2817 3655 2857 re

2013 2901 2330 2973 attigimus.
2364 2906 2528 2957 Hanc
2581 2900 2759 2973 igitur
2789 2896 3096 2969 epistolam
3148 2895 3300 2966 typis
3347 2893 3654 2960 consigna-

2014 2991 2152 3060 turi,
2184 2991 2393 3047 Smithi
2415 2990 2712 3062 exemplar
2745 2991 2812 3045 ad
2837 2983 3126 3044 Ruinartii
3151 2983 3372 3038 editum
3406 2981 3658 3052 diligen-

2015 3087 2100 3137 ter
2132 3085 2398 3136 exactum
2433 3079 2749 3152 selegimus
2786 3094 2798 3132 :
2834 3090 3024 3147 neque
3067 3071 3224 3129 enim
3277 3069 3565 3125 Clericum
3600 3068 3658 3122 in

2015 3186 2147 3228 secu
2159 3172 2270 3225 nda
2289 3168 2650 3225 Ceteleriana
2672 3171 2906 3223 Patrum
2933 3160 3323 3234 apostolicoru
3335 3174 3384 3213 m
3399 3157 3616 3213 edition
3631 3172 3662 3211 e

2013 3265 2178 3340 sequi
2231 3258 2469 3332 placuit,
2505 3259 2628 3331 qui,
2661 3273 2732 3312 ne
2785 3256 2997 3311 lectore
3045 3249 3284 3321 quidem
3333 3246 3659 3340 admonito,

2011 3333 2233 3413 textum
2266 3356 2386 3412 sive
2417 3351 2604 3424 ipsius
2632 3345 2890 3418 epistolis
2923 3342 3045 3398 sive
3088 3340 3362 3394 Actorum
3393 3333 3657 3424 martyrii

2011 3445 2298 3519 Ignatiani
2333 3423 2581 3500 subinde
2611 3434 2863 3501 reﬁnxit,
2895 3431 3207 3501 eidemque
3238 3430 3412 3519 prout
3439 3424 3552 3519 sibi
3584 3423 3656 3479 li-

2011 3513 2457 3592 biiitimmutato
2473 3545 2638 3587 suam
2657 3520 3196 3594 intrepretationem
3215 3513 3648 3585 adjecit.Unum

2010 3625 2096 3681 vel
2125 3625 2373 3680 alterum
2401 3622 2578 3692 hujus
2610 3616 2764 3671 haud
2797 3610 3048 3668 ferendae
3078 3603 3326 3662 licentia:
3357 3602 3652 3692 specimen

2010 3715 2225 3786 accipe.
2260 3713 2322 3768 In
2354 3689 2614 3782 epistolas
2645 3701 3024 3773 inscriptione
3054 3692 3434 3786 Ruinartiana
3477 3689 3650 3786 editio

2007 3781 2202 3869 habet,
2235 3781 2445 3874 Πατρδς
2478 3795 2726 3870 ὑψίστου.
2762 3794 2850 3848 Ita
2883 3802 3116 3860 quoque
3167 3781 3548 3874 Logethetes._
3574 3781 3650 3833 At

2007 3867 2263 3949 Clericus
2325 3867 2456 3947 cum
2527 3867 2783 3944 'Usserio.
2848 3876 3075 3951 ὑψίστου
3132 3867 3366 3942 Πατρός.
3427 3867 3649 3951 Ibidem

2008 3984 2162 4056 apud
2215 3978 2607 4044 Ruinartium,
2665 3969 2756 4027 καὶ
2813 3969 2994 4038 Ἰησοῦ
3048 3961 3289 4036 Χριστοῦ
3331 3960 3429 4011 τοῦ
3479 3949 3648 4027 μόνου

2005 4047 2134 4128 Υἱοῦ
2205 4069 2391 4125 αὐτοῦ.
2460 4067 2671 4123 Vocem
2755 4059 2922 4133 μόνου
2981 4054 3157 4111 habet
3224 4049 3402 4107 etiam
3483 4047 3656 4101 Meta-

2007 4163 2296 4234 phrastes,
2330 4158 2587 4232 legitque
2617 4154 2678 4209 in
2727 4167 2832 4206 suo
2885 4147 3083 4204 codice
3113 4148 3278 4234 vetus
3339 4138 3648 4234 interpres.

2006 4227 2509 4308 Clericus'tamen
2554 4243 2765 4300 maluit
2813 4254 2948 4295 cum
3006 4232 3261 4298 Usserio,
3325 4227 3652 4300 μονογενοῦς

2006 4339 2170 4395 αὐτοῦ
2231 4339 2378 4393 Υἱοῦ.
2436 4336 2665 4395 Ibidem
2724 4329 3016 4391 Ruinart.,
3047 4323 3165 4390 ἣτις
3232 4317 3322 4373 καὶ
3371 4314 3654 4388 προκάθη-

2005 4453 2117 4502 ται,
2181 4430 2285 4488 Ubi
2335 4426 2600 4501 apposite
2656 4422 2926 4480 observat
2981 4413 3272 4502 Smithus,
3306 4406 3654 4502 particulam

2007 4496 2526 4594 emphaticam—xai
2572 4513 2721 4571 male
2752 4511 2936 4567 fuisse
2959 4507 3017 4560 in
3036 4499 3290 4579 vulgatis
3320 4496 3601 4552 omissam
3637 4510 3652 4551 ε

2005 4589 2180 4685 quam
2240 4607 2627 4666 nihilominus
2687 4600 2967 4667 Clericus,
3025 4591 3328 4650 Usserium
3361 4589 3652 4685 “secutus,

2007 4673 2280 4759 dmisisse
2312 4696 2687 4769 comperitur.
2723 4690 2944 4747 Ibidem
2997 4683 3107 4740 sub
3141 4680 3318 4736 ﬁnem
3361 4673 3654 4769 Ruinartii

2007 4789 2321 4862 exemplar,
2383 4761 2674 4853 ἐν”Ιησοῦ
2750 4778 2968 4853 Χριστῷ
3037 4773 3119 4862 τῷ
3367 4761 3651 4862 Δ(Ξιιξιιὶιιιιει

2007 4851 2245 4949 νθτοίέν
2277 4851 2464 4950 Κυρίῳ
2495 4851 2680 4942 Ἰήσοῦ
2729 4851 2950 4944 Χριστῷ
3006 4858 3142 4950 Θεῷ.
3196 4856 3385 4950 iiabet
3415 4851 3652 4950 quidem

2007 4945 2283 5029 Usserius
2324 4945 2530 5038 Κυρίῳ,
2590 4961 2690 5018 sed
2748 4957 2956 5015 retinet
3008 4945 3318 5038 articulum
3376 4945 3456 5012 τῷ
3505 4945 3590 5038 ιλ,
3624 4955 3656 4993 a

2010 5059 2232 5115 Clerico
2266 5031 2710 5129 prastermissum
2746 5065 2760 5103 :
2795 5045 2951 5119 quod
2983 5042 3043 5098 in
3075 5031 3652 5129 primissetandum.

2009 5151 2138 5208 Uno
2167 5118 2368 5217 verbo,
2401 5144 2584 5201 editor
2602 5118 3189 5200 Amstelodamensis,
3209 5124 3412 5217 relicta
3436 5118 3654 5192 passim

2011 5214 2395 5298 Ruinartiana
2424 5232 2698 5297 editione,
2721 5225 3030 5285 Usserium
3051 5218 3270 5290 ubique
3292 5214 3472 5270 ferme
3495 5222 3652 5265 asse-

2082 5407 2192 5474 t20)
2219 5399 2625 5474 Montfauc._in
2659 5394 2955 5474 Chrysonst.
3003 5385 3164 5452 ibid.,
3196 5387 3316 5437 net.
3352 5395 3402 5434 ο.

2087 5410 2192 5474 (20)
2220 5410 2534 5460 Montfauc.
2567 5415 2625 5452 1n
2659 5410 2955 5516 unrysosu
3003 5410 3052 5442 τυ

2087 5476 2201 5550 (2t)
2232 5471 2555 5550 βαι-ομ.ρᾴ
2583 5485 2680 5550 an.
2711 5465 2837 5550 ᾄδῃ,
2869 5461 3052 5550 §hnn.-_

2232 5520 2730 5619 {gnati-Epig?“
2769 5520 2996 5619 sagm.
3033 5530 3420 5619 ξπςενρηηξεέρ.
3451 5520 3508 5574 9.

2083 5596 2200 5692 {iiii
2231 5596 2671 5674 iidemiidem.
2705 5607 2836 5665 ccci.
2865 5596 3012 5660 tem.
3039 5604 3137 5669 VI,
3170 5596 3226 5667 p.
3261 5596 3385 5652 364.
