4026 6206
485 340 602 400 5'75

1571 332 1635 394 S.
1685 330 2078 394 IGNATIUS.
2125 361 2200 374 -—
2245 323 2853 388 PBOLEGOMENA.

3734 343 3837 406 576

468 473 671 527 'otatur
704 487 720 539 ;
754 469 854 542 qui
887 476 1098 536 tamen,
1133 482 1262 522 cum
1304 465 1452 520 hanc
1483 465 1691 537 Ignatii
1723 461 2034 537 epistolam
2066 461 2126 517 in
2157 461 2210 529 Α
2239 458 2614 532 interpolatae
2632 459 2898 531 parijure
2916 459 3172 530 gaudere
3187 461 3463 530 opinatur.
3486 465 3589 521 Sed
3619 466 3721 526 ista
3747 473 3838 529 de-

485 559 649 615 nullo
699 576 809 614 ms.
861 557 1054 612 codice
1088 555 1423 616 invenisset.
1475 555 1650 610 unius
1693 555 1901 610 veteris
1955 553 2132 607 inter-

485 648 662 719 pretis
693 648 865 701 ductu
896 662 1022 700 eam
1057 631 1129 699 ab
1161 644 1709 716 interpolationibus
1731 644 2014 698 redimere
2038 641 2137 695 ad-

489 737 653 791 nisus
693 734 820 789 fuit.
854 733 1038 803 thue
1067 749 1160 788 res
1188 735 1585 804 experimento
1633 733 1937 803 probetur,
1967 730 2136 784 adeat

487 825 664 879 lector
694 823 972 878 Grabium
994 825 1136 894 (24);
1172 824 1271 895 qui
1303 823 1592 878 Ruinartii
1617 821 1917 893 exemplar
1937 820 2135 876 verbo-

481 917 654 968 tenus
704 912 988 979 exhibuit,
1021 913 1327 982 variasque
1353 911 1698 968 Usserianas
1749 909 2028 965 lectiones
2073 909 2134 963 in

484 1001 771 1072 cujusque
803 1001 1029 1074 pagina
1071 1001 1317 1057 iimbum
1368 1001 1616 1072 conjecit
1654 1017 1666 1056 :
1701 1015 1850 1071 quas
1884 998 2128 1070 quidem

483 1106 623 1148 cum
657 1091 860 1144 Clerici
892 1091 1046 1146 edito
1077 1089 1386 1162 diligenter
1407 1089 1735 1155 conferens,
1767 1087 1924 1142 haud
1950 1100 2138 1158 pauca

487 1196 629 1236 sane
679 1178 897 1247 addita,
947 1179 1274 1244 immutata,
1309 1178 1676 1250 transposita
1711 1175 1865 1232 facili
1899 1174 2133 1246 negotio

490 1267 904 1340 deprehendet.
964 1269 1214 1324 Rectene
1269 1283 1402 1323 vero
1459 1283 1532 1321 an
1566 1283 1734 1322 secus
1789 1265 1846 1319 id
1911 1265 2126 1318 factum

491 1357 686 1424 fuerit,
733 1358 860 1414 aliis
893 1358 1322 1414 decernendum
1375 1356 1778 1425 relinquimus.
1809 1355 1928 1410 Nos
1978 1354 2134 1409 enim

495 1447 778 1503 nonnulla
810 1447 1148 1517 speciminis
1178 1463 1315 1518 ergo
1367 1462 1435 1502 ex
1464 1463 1583 1501 una
1627 1444 1880 1516 epistolae
1927 1441 2138 1498 inscri-

498 1537 694 1609 ptione
724 1537 1014 1594 delibasse
1044 1536 1322 1604 contenti,
1356 1537 1425 1591 ad
1459 1535 1570 1590 alia
1603 1549 2008 1606 properamus.

1130 1643 1366 1699 CAPUT
1417 1643 1512 1698 IV.

501 1734 736 1802 Quinam
769 1735 966 1788 harum
993 1731 1361 1803 epistolarum
1383 1733 1756 1800 integritatem
1780 1742 1902 1803 pre;
1927 1725 2142 1803 egieris

568 1807 992 1874 prapugnarint.
1019 1799 1376 1874 Nouissimas
1422 1799 1672 1872 ipsarum
1715 1815 1840 1874 osor
1869 1799 2139 1865 Oudinus,

572 1872 606 1928 a
640 1875 951 1930 Mamachio
986 1877 1055 1928 γ.
1085 1879 1145 1930 C.
1178 1873 1386 1929 acriter
1434 1875 1753 1943 castigatus.
1787 1872 2142 1943 Heumannus

572 1948 706 2000 item
765 1947 1086 2015 plerumque
1145 1944 1347 2000 Oudini
1397 1941 1634 2000 sectator
1693 1941 2141 2015 perstringitur:

570 2013 793 2088 ejusque
815 2013 1103 2088 objectatio
1133 2017 1199 2070 de
1228 2017 1445 2071 vocibus
1498 2015 1712 2088 Latinis
1745 2016 1926 2069 textui
1956 2013 2143 2069 Graeco

569 2087 833 2144 immislis
881 2087 1223 2158 exploditur.
1260 2089 1516 2157 Epistula?
1543 2088 1612 2141 ab
1671 2087 1885 2152 ignatio
1915 2100 1974 2140 eo
2005 2088 2140 2158 tem-

565 2175 693 2231 pore
719 2162 1063 2230 perscriptae,
1087 2176 1194 2229 quo
1221 2161 1332 2229 fuit
1366 2158 1657 2215 Antiochia
1683 2158 1912 2214 Romam
1942 2157 2144 2211 missus

569 2231 841 2302 martyrio
860 2231 1338 2287 consummandus.

565 2337 698 2392 Jam
731 2353 862 2393 vero
896 2337 1219 2410 postularet
1271 2336 1526 2393 instituti
1559 2334 1743 2392 nostri
1775 2335 1944 2401 ratio,
1979 2337 2044 2389 ut
2073 2334 2146 2388 de

498 2426 708 2481 harum
758 2425 1135 2496 epistolarum
1186 2425 1517 2497 integritate
1566 2441 1756 2480 sermo
1809 2422 2140 2478 haberetur.

496 2515 607 2570 Sed
635 2518 829 2571 actum
863 2516 1117 2587 profecto
1142 2530 1468 2587 ageremus,
1505 2530 1638 2569 cum
1663 2513 1892 2584 jamdiu
1916 2527 1982 2568 eo
2005 2527 2139 2565 mu-

499 2621 636 2660 nere
665 2606 808 2660 adeo
840 2610 1077 2661 strenue
1109 2605 1394 2676 perfuncti
1427 2603 1647 2658 fuerint
1676 2601 2008 2672 complures
2033 2599 2144 2655 viri

498 2693 673 2758 docti,
708 2698 770 2749 ut
809 2694 915 2750 hac
947 2699 1016 2750 de
1049 2710 1108 2750 re
1142 2693 1339 2750 nullus
1371 2692 1611 2749 omnino
1635 2691 1942 2747 dubitandi
1974 2689 2140 2745 locus

501 2785 776 2855 supersit,
805 2785 1124 2839 dummodo
1148 2784 1412 2856 quisque,
1440 2780 1833 2854 preajudicatis
1858 2778 2147 2850 opinioni-

503 2873 615 2928 bus
645 2873 933 2944 tantisper
961 2872 1255 2943 sepositis,
1279 2871 1506 2926 sincera
1530 2874 1719 2924 mente
1746 2872 1920 2939 atque
1943 2868 2142 2922 animo

496 2960 754 3031 ingenuo
772 2961 1020 3014 rationes
1036 2960 1310 3030 utrinque
1328 2957 1533 3013 allatas
1546 2956 1852 3027 diligenter
1868 2955 2142 3010 excutiat-

499 3049 773 3105 Vindices
828 3049 1162 3120 Ignatianos
1213 3048 1533 3120 pracipuos
1596 3044 1870 3100 collectos
1930 3045 2144 3115 prabet

2244 565 2404 604 mum
2431 549 2702 621 praecocis
2719 548 2934 620 ingenii
2954 549 3109 604 fetus
3135 549 3310 605 fuisse
3325 550 3541 608 videtur
3563 572 3575 609 :
3596 561 3654 611 ut
3667 561 3840 628 proin-

2242 637 2312 692 de
2335 639 2578 692 comiter
2594 637 3296 708 sitexcipiendusjuvenis
3310 644 3740 712 eruditissimus,
3754 652 3836 719 qui

2243 741 2458 797 magna
2489 729 2782 796 spectasse
2831 727 3191 795 comperitur
3222 745 3235 782 :
3267 731 3396 799 quia
3435 748 3538 785 non
3575 735 3715 789 modo
3742 753 3834 791 non

2242 813 2519 868 invidetur
2551 813 2640 868 illi
2667 815 2838 877 aetati,
2867 819 2930 868 ut
2945 830 3079 870 vere
3109 830 3174 871 ac
3207 818 3493 888 sapienter
3515 821 3692 877 Cicero
3715 825 3836 897 (35),

2242 918 2431 959 verum
2463 906 2633 958 etiam
2651 907 2896 971 lavetur.

2319 993 2476 1047 inter
2505 1007 2604 1047 eos
2635 1000 2825 1047 autem
2858 992 2959 1063 qui
2989 1008 3093 1064 pro
3122 995 3386 1066 epistolis
3419 998 3647 1054 sinceris
3675 1001 3841 1057 vindi-

2247 1080 2368 1136 cias
2390 1079 2758 1152 evulgarunt,
2782 1081 3159 1138 Pearsonium
3183 1084 3438 1141 eminere
3461 1103 3621 1144 nemo
3643 1092 3840 1158 nescit;

2247 1169 2366 1226 sive
2397 1169 2613 1241 ingenii
2635 1175 2692 1224 et
2716 1170 2922 1240 judicii
2947 1187 3187 1227 acumen
3213 1174 3510 1246 inspicias,
3539 1178 3646 1234 sive
3667 1179 3845 1235 multi-

2240 1261 2447 1330 jugam
2482 1265 2538 1314 et
2567 1258 2920 1330 exquisitam
2953 1259 3339 1316 eruditionem
3372 1271 3607 1334 spectes,
3625 1267 3734 1322 sive
3764 1284 3846 1323 co-

2250 1350 2405 1421 piam
2441 1354 2920 1421 argumentorum
2953 1353 3009 1404 et
3040 1352 3270 1422 pondus
3303 1356 3601 1424 expendas.
3631 1356 3844 1425 Verum,

2248 1455 2396 1510 opus
2427 1438 2887 1494 Pearsonianum
2923 1439 3055 1494 licet
3095 1442 3240 1496 adeo
3284 1442 3657 1514 luculentum,
3687 1463 3847 1517 Oppu-

2250 1542 2426 1597 gnare
2455 1532 2595 1582 sunt
2624 1528 2885 1599 aggressi
2917 1527 3225 1585 Mattheus
3259 1531 3654 1605 Larroquanus
3683 1539 3733 1590 et
3757 1539 3845 1590 Ga-

2251 1615 2491 1672 simirus
2517 1616 2804 1673 Oudinus.
2839 1617 2905 1672 Et
2951 1617 3108 1672 illius
3146 1620 3385 1690 quidem
3419 1629 3652 1678 conatus
3678 1623 3844 1678 irritos

2249 1705 2432 1761 fuisse
2461 1710 3002 1761 commonstrarunt
3032 1706 3090 1762 in
3123 1709 3333 1778 primis
3372 1711 3574 1782 partim
3602 1711 3847 1784 Georgius

2254 1794 2457 1849 Builus
2484 1795 2618 1865 (36),
2652 1794 2863 1866 partim
2889 1794 3157 1852 Nicolaus
3182 1797 3468 1854 Nourrius
3491 1801 3589 1870 (37)
3623 1799 3844 1871 aliique:

2251 1890 2314 1940 ut
2346 1885 2585 1956 proinde
2623 1884 2881 1941 Clericus
2923 1885 3057 1956 jure
3110 1891 3424 1956 censuerit,
3455 1891 3587 1945 dum
3620 1891 3691 1946 ait
3715 1891 3843 1961 (38):

2247 1997 2274 2024 ‹‹
2301 1973 2538 2029 illarum
2561 1989 2754 2029 rerum
2778 1974 3218 2045 periti,utroque
3235 1993 3413 2048 opere
3439 1979 3726 2051 diligenter
3747 1997 3854 2050 ρει-ς

2249 2063 2415 2132 lecto,
2455 2070 2739 2135 negarunt
2769 2063 3063 2118 eruditum
3095 2063 3262 2120 illum
3295 2067 3487 2122 virum
3523 2067 3633 2124 ulla
3661 2068 3847 2124 ratione

2247 2151 2544 2206 Pearsonii
2597 2157 2954 2222 sergumenta
2992 2152 3401 2212 labefactasse.
3446 2179 3473 2206 ››
3500 2157 3694 2213 Oudini
3738 2173 3846 2212 vero

2248 2241 2716 2297 dissertationem
2750 2241 2880 2312 (39),
2915 2243 3014 2313 qui
3048 2242 3240 2298 Daliaei
3271 2248 3521 2318 ejusque
3551 2247 3849 2318 sequacium

2247 2332 2665 2402 objectationes
2719 2331 3067 2404 plerumque
3127 2340 3496 2393 Instaurasse
3535 2337 3850 2409 perhibetur,

2247 2423 2409 2475 tanta
2438 2420 2675 2476 demum
2707 2421 3000 2476 rationum
3036 2421 3087 2476 vi
3120 2437 3252 2478 cum
3315 2425 3654 2480 elocutionis
3681 2424 3848 2494 digni-

2245 2512 2363 2564 tate
2405 2512 2738 2579 conjuncta,
2767 2527 2956 2582 nuper
3001 2511 3344 2569 confutasse
3396 2515 3651 2570 novimus
3693 2514 3851 2568 virum

2247 2597 2512 2654 doctrina
2564 2602 2622 2653 et
2669 2599 2996 2656 eruditione
3027 2605 3407 2670 praestantem
3456 2604 3716 2659 Thomam
3745 2605 3850 2654 Ma-

2246 2687 2391 2742 riam
2424 2678 2815 2743 Mamachium
2851 2689 2986 2759 (40),
3013 2694 3078 2744 ut
3101 2689 3237 2760 jure
3287 2708 3576 2765 usurpare
3605 2691 3769 2766 possit
3792 2692 3850 2746 ιτ.

2246 2779 2305 2831 C.
2340 2777 2678 2832 Tullianum
2713 2775 2854 2832 illud
2888 2795 2901 2833 :
2937 2778 3098 2833 Nullo
3128 2794 3253 2834 eum
3285 2780 3406 2836 loco
3455 2784 3731 2838 consistere
3749 2795 3850 2833 sum

2243 2881 2456 2937 passus.
2493 2870 2679 2934 Atque
2712 2865 2844 2920 inde
2895 2866 3193 2938 intelligas
3244 2869 3443 2934 velim,
3479 2870 3657 2927 soluta
3700 2865 3848 2924 simul

2245 2957 2508 3010 Heuman
2519 2957 2573 3009 ni
2590 2959 2950 3025 argumenta;
2967 2957 3184 3027 quippe
3199 2959 3301 3028 qui
3321 2960 3645 3015 Uudiniana
3666 2958 3859 3030 potiora

2246 3043 2449 3116 paucis
2479 3049 2796 3112 contracta,
2823 3055 3096 3116 tanquam
3130 3047 3347 3119 Ignatii
3369 3050 3731 3122 epistolarun:
3760 3063 3856 3104 cer-

500 3143 750 3209 utraque
779 3137 1141 3192 Coteieriana
1170 3142 1408 3192 Patrum
1461 3134 1914 3208 apostolicorum
1966 3133 2141 3188 editio
2175 3185 2215 3209 η
2247 3133 2476 3189 tissim'a
2522 3131 2732 3194 νοθείας
2773 3134 2990 3188 indicia
3041 3135 3151 3191 sibi
3202 3137 3393 3194 videri
3445 3145 3727 3195 asseverat
3747 3135 3856 3208 (41).

500 3185 1061 3282 Amsielodamensis
1086 3242 1098 3282 :
1125 3185 1550 3298 quibustamern
1570 3222 2142 3278 addendiTillemon-
2173 3185 2217 3252 Ο
2527 3185 2990 3292 idem
3009 3185 3852 3296 eligi-aiipseinginveiain‘ﬁii

501 3316 618 3372 tius
680 3317 810 3387 (25),
869 3315 1092 3372 Natali
1145 3315 1467 3370 Alexander
1521 3314 1652 3384 (26),
1684 3312 1970 3369 Nourrius
2027 3313 2140 3383 (27)
2246 3312 2305 3367 in
2337 3311 2495 3366 Actis
2527 3311 2888 3367 eruditorum
2939 3313 3068 3385 (42),
3101 3316 3490 3374 Oxoniensem
3521 3314 3851 3373 Smithiedi-

501 3410 678 3475 atque
708 3404 1040 3460 Ceiilierius
1070 3403 1207 3476 (28).
1237 3403 1437 3475 Neque
1468 3401 1779 3458 omittendi
1827 3401 2142 3457 Wottonus
2245 3400 2466 3454 tionem
2499 3415 2807 3456 recensens
2832 3418 2844 3468 ;
2871 3402 3043 3468 cuius
3069 3400 3277 3458 deinde
3302 3408 3645 3462 sententiam
3669 3401 3855 3478 placuit

501 3495 636 3567 (29),
668 3493 926 3550 Clericus
969 3494 1104 3566 (30),
1155 3492 1586 3564 Wesseiingius
1615 3491 1733 3562 (31)
1782 3494 1841 3546 et
1887 3489 2142 3546 Joannes
2249 3488 2476 3544 Oudino
2517 3489 2575 3543 in
2623 3489 2923 3547 laudatam
2973 3507 3138 3547 suam
3191 3492 3660 3552 dissertationem
3691 3499 3856 3549 trans-

73 71 108 84 II

83 95 90 102 ι

81 175 92 182 ..

77 201 94 214 ι,-

77 517 90 530 Ω

79 581 86 588 ε

93 715 106 722 ι.

71 953 82 962 ρ

81 993 94 1002 ι

79 1153 98 1166 ὁ

71 1585 98 1598 ι..

87 1821 98 1832 δ-

75 1841 86 1851 ι

79 2517 94 2530 ο

89 2729 102 2738 ι

117 5859 124 5870 l

115 6043 122 6052 ι

500 3584 825 3640 Ludovicus
857 3587 998 3656 Frey
1028 3583 1142 3654 (32)
1175 3598 1190 3639 :
1225 3583 1327 3653 qui
1360 3597 1463 3653 pro
1495 3580 1821 3636 breviorum
1857 3578 2142 3651 Epistola-

501 3689 634 3728 rum
667 3673 1046 3745 germanitate
1070 3671 1287 3741 stylum
1309 3670 1671 3726 strinxerunt
1695 3668 1978 3724 adversus
2007 3667 2147 3723 Gui-

507 3763 770 3819 iielmum
801 3762 1203 3831 Wbistonum,
1227 3761 1328 3832 qui
1353 3777 1467 3816 non
1492 3757 1679 3815 solum
1701 3762 1921 3828 septem
1938 3758 2148 3829 episto-

509 3852 596 3908 las
627 3851 943 3924 longiores,
980 3867 1180 3908 verum
1214 3852 1390 3906 etiam
1435 3853 1552 3905 tres
1585 3847 2145 3920 pseudepigraphas,

510 3943 579 3997 ad
611 3942 952 4008 Tarsenses,
985 3941 1057 3996 ad
1082 3939 1468 3996 Antiochenos
1500 3943 1556 3994 et
1587 3938 1658 3994 ad
1683 3935 1992 4000 Heronem,
2017 3941 2150 3992 tan-

509 4049 683 4102 quam
718 4030 1005 4102 genuinas
1053 4030 1112 4084 in
1148 4047 1253 4085 suo
1306 4028 1722 4084 Christianismo
1766 4025 2005 4081 redivivo
2032 4025 2146 4097 (33)

512 4119 672 4174 omni
723 4119 904 4173 animi
953 4117 1322 4173 contentione
1372 4114 1782 4188 propugnavit.
1836 4113 2150 4170 Whistono

511 4207 668 4261 haud
686 4206 764 4260 ita
776 4205 999 4276 pridem
1017 4222 1191 4275 quam
1209 4205 1468 4277 proxime
1483 4203 1728 4260 accessit
1753 4202 2008 4260 Joannes
2024 4201 2154 4258 Phi-

512 4294 711 4366 lippus
743 4293 1074 4350 Baraterius
1105 4294 1238 4365 (34),
1270 4298 1336 4349 ut
1364 4293 1466 4365 qui
1511 4292 1646 4346 licet
1677 4291 1966 4348 breviores
1995 4292 2154 4364 epis-

516 4381 664 4440 tolas
689 4383 845 4440 velut
876 4382 1134 4438 sinceras
1164 4385 1464 4453 agnoscat,
1489 4379 1781 4451 longiores
1800 4382 1996 4434 tamen
2030 4381 2154 4438 sive

589 4509 698 4582 (24)
729 4509 901 4582 Grab.
932 4507 1156 4582 Spieil.,
1189 4510 1328 4582 tom_.
1362 4506 1435 4572 ii,
1469 4504 1628 4582 p._1_3
1659 4519 1822 4576 seqq.

586 4557 697 4658 (is)
723 4557 1162 4658 ἱιῐιῑέιξιζτιίἐῇἶ
1185 4557 1525 4658 ξὲέὶιζ-ῐὸὶηῗ
1542 4557 1618 4646 ιι,
1647 4557 1821 4658 pagg;
1868 4577 1995 4658 294,
2022 4579 2147 4634 581.
2183 4557 2229 4622 Ι)

586 4585 680 4654 (25
726 4585 955 4637 Tillem.
1003 4585 1162 4635 Mem.
1211 4585 1505 4634 ecct.lom.
1542 4585 1612 4646 u,
1647 4591 1819 4658 pagg.
1868 4585 1995 4647 204,
2022 4585 2147 4634 581.

585 4585 698 4796 (26)
723 4655 855 4710 Nat.
885 4652 1044 4709 Alex.
1078 4653 1216 4707 Hist.
1253 4649 1419 4729 ccci...
1445 4664 1575 4704 saec.
1630 4663 1693 4717 ιι,
1721 4647 1959 4734 dissert.
1994 4667 2148 4706 χχιιι,

585 4726 673 4794 (27
730 4726 909 4782 Nour.
969 4728 1171 4796 Appar.
1229 4722 1309 4778 ad
1350 4720 1495 4775 Bibl.
1557 4721 1690 4789 PP.,
1725 4723 1865 4780 tom.
1920 4721 1965 4794 Ι,
2016 4738 2148 4796 pag.

584 4720 698 4796 (27)
730 4726 909 4782 Nour.
969 4728 1171 4796 Appar.
1229 4722 1309 4778 ad
1350 4720 1495 4775 Bibl.
1557 4721 1690 4789 PP.,
1725 4723 1865 4780 tom.
1920 4721 1965 4794 Ι,
2016 4738 2149 4796 pag.

511 4797 894 4946 Ἰθέἓῗὲςίιιπ
927 4870 1064 4946 Hist
1091 4880 1279 4946 963W-
1303 4865 1522 4946 tom-.12
1556 4867 1825 4946 Pes-.523
1857 4883 2020 4946 sese

585 4935 696 5009 (29v
728 4941 986 4996 Wotton.
1020 4935 1245 4992 Priefat.
1273 4936 1344 4991 ad
1370 4935 1958 5008 Epist.'S.’Clement:
1981 4935 2152 4993 Rom.

517 5026 691 5082 pagg.
721 5023 1134 5082 ccxxxur-ccn.

588 5077 700 5151 (30)
730 5082 929 5138 Cierio.
962 5081 1023 5136 in
1055 5079 1211 5136 calce
1257 5077 1368 5134 vol.
1401 5078 1449 5134 II
1483 5085 1596 5136 PP.
1629 5089 1832 5152 apost.,
1866 5097 1996 5152 pag.
2051 5081 2152 5135 501

520 5170 686 5226 seqq.

589 5219 703 5297 (31)
737 5223 1078 5296 Wesseling.
1133 5221 1414 5278 Probabit.
1459 5219 1556 5276 lib.
1609 5223 1758 5291 sing.
1791 5239 1919 5293 cap.
1974 5223 2066 5293 33,
2100 5239 2155 5294 p.

520 5295 625 5350 293
655 5295 820 5368 seqq.

592 5368 682 5438 (32
737 5364 872 5441 Fiey
916 5368 1140 5440 praefat.
1177 5365 1248 5422 ad
1287 5364 1469 5436 Epist.
1502 5364 1601 5420 SS.
1635 5365 1743 5421 PP.

736 5440 1059 5569 \féigsjtqnl.7
1187 5438 1500 5564 8infinitive
1547 5436 1743 5495 Christi

594 5436 705 5567 (33)
736 5436 1033 5496 Whiston.
1069 5439 1171 5495 The
1214 5438 1500 5509 primitive
1547 5436 1916 5511 Christianity
1965 5437 2162 5508 recita,

528 5527 641 5567 vo.
707 5558 720 5567 .
762 5514 965 5567 Lond..
1001 5514 1155 5567 1711.
1187 5510 1240 5564 8.

631 5510 720 5571 .i.
762 5514 965 5581 Lond.,
1001 5514 1155 5578 1711,
1187 5510 1240 5564 8.

599 5583 709 5658 (34)
743 5587 934 5644 Barat.
975 5584 1229 5658 ,Dissert.
1300 5599 1317 5637 ι
1386 5588 1440 5636 et
1505 5597 1548 5635 ιι
1577 5581 1641 5636 de
1699 5581 1931 5641 Constit.
1991 5588 2163 5654 apost.

530 5657 702 5734 pagg.
735 5663 862 5735 230,
886 5657 1015 5716 279.

2249 3575 2397 3631 ferre
2429 3575 2564 3647 (43).

2321 3664 2804 3736 Quandoquidem
2837 3684 2969 3724 vero
2998 3669 3336 3728 Germanus
3360 3672 3455 3729 ille
3480 3674 3704 3728 criticus
3729 3670 3777 3724 in
3803 3683 3859 3722 ea

2253 3753 2539 3825 Lipsiensi
2568 3756 2924 3825 recensione,
2949 3774 3128 3828 quam
3162 3759 3298 3816 licet
3334 3761 3566 3818 Oudino
3600 3761 3859 3832 probatam

2254 3843 2693 3900 eruditissimus
2714 3846 3076 3903 Mamachius
3100 3851 3566 3920 praeteriit,inter
3581 3861 3734 3907 notas
3753 3864 3865 3915 sup-

2258 3931 2562 4001 positionis
2584 3934 2916 3990 earumdem
2967 3935 3548 4007 epistolarum,iliud
3601 3942 3757 3995 etiam
3793 3950 3868 3989 re-

2257 4022 2408 4078 ferre
2452 4039 2566 4094 prae
2597 4039 2658 4078 se
2715 4022 2843 4090 fert,
2879 4025 3037 4094 quod
3067 4027 3282 4084 Graecis
3343 4031 3584 4086 vocibus
3635 4027 3866 4100 quaedam

2257 4113 2432 4168 etiam
2498 4112 2705 4168 Latinae
2759 4112 3031 4169 immistae
3115 4117 3512 4187 reperiantur,
3571 4112 3868 4190 cujusmodi

2259 4207 2399 4257 sunt
2454 4197 2814 4274 ἐξεμπλάριον
2883 4203 3023 4275 (44),
3067 4199 3361 4281 δεσέρτωρ,
3423 4205 3692 4276 δεπόσιτσ,
3737 4203 3871 4258 ἔκκε-

2258 4308 2364 4341 πτα
2393 4290 2503 4359 (45)
2539 4307 2552 4355 ;
2586 4291 2968 4363 queriturque
2999 4293 3242 4364 proinde
3267 4295 3643 4354 Pearsonium
3663 4312 3723 4352 ac
3743 4291 3868 4350 Smi-

2258 4377 2426 4432 1hum
2457 4377 2584 4434 loca
2613 4378 2714 4435 illa
2743 4380 2980 4436 omnino
3014 4384 3493 4456 praetermisisse,
3529 4386 3676 4458 quod
3706 4386 3872 4439 essent

2475 4502 2668 4583 CicerL
2690 4506 2763 4583 De
2791 4508 2964 4583 ofﬁc,
2999 4508 3097 4583 |_i_b.
3131 4527 3194 4577 11,
3227 4527 3358 4583 cap.
3395 4516 3428 4568 9
3459 4530 3561 4569 seu
3590 4513 3670 4568 13.

2353 4573 2442 4645 36)
2475 4573 2970 4657 BulLADe/gnsl'fid.
3003 4581 3145 4646 Nic.,
3178 4573 3318 4639 sect:
3354 4600 3442 4654 ιιι,
3475 4601 3603 4657 cap.
3637 4589 3684 4652 1,
3714 4583 3762 4651 §§
3793 4578 3868 4634 10-

2260 4646 2349 4712 M,
2384 4662 2518 4714 pag.
2553 4648 2814 4704 179-184.
2934 4709 2938 4712 ν

2384 4662 2456 4714 pa
2505 4690 2518 4702 .
2553 4662 2814 4704 119-154.
2934 4709 2938 4712 ,

2354 4717 2445 4790 37)
2461 4662 2684 4776 ﬁ‘iourr.
2718 4720 2918 4789 Appar.
2956 4723 3000 4779 Ι.
3031 4739 3081 4781 c.

2354 4791 2443 4868 3d)
2479 4790 2681 4868 Cierio.
2715 4791 2942 4868 Praiat.
2975 4797 3044 4850 ad
3078 4796 3189 4868 vol.
3237 4797 3310 4853 li.
3342 4797 3450 4854 PP.
3484 4795 3734 4868 Apostol.

2333 4862 2442 4934 (39)
2473 4861 2686 4920 Oudin.
2738 4862 3036 4922 Comment.
3070 4867 3136 4925 de
3185 4877 3424 4939 scriptor
3471 4861 3625 4936 eccl.,
3677 4874 3803 4922 tom.
3834 4862 3868 4930 Ι,

2333 4951 2394 4987 .2.
2423 4934 2494 4987 89
2523 4951 2684 4987 seua.

2305 4951 2394 5004 ag.
2423 4951 2494 4987 es
2523 4951 2684 5004 seqq.

2265 4952 2335 5008 pa
2384 4952 2494 4988 ,δυ
2523 4952 2684 5006 seqq.

2267 4952 2446 5084 Hgio)
2479 5004 2764 5084 Mantch-
2799 5007 3056 5079 Ort'ginn.
3106 5017 3158 5068 et
3205 5012 3417 5084 antiqq.
3455 5011 3807 5071 Christiana"
3833 5009 3868 5058 t.

2267 5078 2358 5146 iV,
2393 5095 2524 5150 pag.
2558 5080 2819 5138 377-406.

2335 5151 2447 5228 (4i)
2499 5154 2703 5228 Heum.
2755 5155 2944 5224 Consp.
2991 5157 3130 5228 reip.
3181 5155 3373 5221 littera,
3404 5172 3532 5228 cap.
3563 5157 3618 5223 7,
3673 5155 3700 5222 §
3745 5161 3870 5215 xm:

2268 5240 2324 5295 p.
2358 5222 2802 5297 49t,getngcit.,
2825 5222 2969 5282 tom.
3009 5222 3162 5295 iI,'p.
3194 5227 3318 5282 248.

2339 5294 2453 5362 (42)
2483 5295 2541 5348 Id
2573 5295 2631 5350 in
2663 5289 2975 5354 Acthrud.
3019 5289 3164 5369 Lips.
3215 5315 3348 5354 ann.
3395 5298 3556 5365 i710,
3608 5311 3730 5369 pag.
3768 5289 3870 5351 196.

2270 5381 2448 5513 sete/iii)
2482 5439 2673 5513 Qudin
2706 5445 2748 5499 Ι.
2782 5459 2855 5509 c.,
2892 5458 3022 5513 pag.
3057 5441 3177 5496 139.

2342 5510 2450 5582 (44)
2485 5512 2669 5583 lgnat.
2705 5517 2754 5568 E
2794 5507 2996 5570 ist-ad
3022 5513 3272 5585 Smym.,
3294 5527 3420 5582 cap.
3451 5511 3538 5580 12,
3564 5512 3630 5567 ad
3663 5507 3865 5581 Epheso

2346 5597 2399 5640 ι).
2431 5583 2484 5640 2.
2515 5586 2586 5639 ad
2615 5532 2817 5640 Trali’"
2851 5601 2976 5640 can.
3008 5585 3061 5639 3.

2273 5583 2586 5656 cap.72,iad
2615 5583 2817 5655 Trali.,
2851 5601 2976 5656 cap.
3008 5585 3061 5639 3.

2387 5622 2399 5634 .
2431 5597 2484 5652 κ,
2515 5597 2586 5639 an
2615 5597 2817 5655 '1'rau.,
2851 5601 2976 5656 cap.
3008 5597 3061 5639 3.

2345 5597 2457 5726 (’45)
2490 5655 2572 5716 id.
2607 5658 2777 5729 Epist.
2809 5657 2881 5713 ad
2907 5656 3225 5732 Potycarp.,
3257 5671 3395 5731 cap.
3423 5655 3485 5711 7.
