4060 6206
232 387 347 446 5'71

1306 394 1645 457 ANDREE
1689 398 2108 468 GALLANDII
2157 410 2578 476 PROCEIIA.

3531 428 3651 490 578

224 536 296 578 eo
321 519 523 629 judice
554 519 702 629 satis
734 521 1115 629 incommoda
1145 527 1513 629 nimiumque
1554 535 1768 606 negotii
1803 535 1889 590 fa-
1923 547 1972 613 Α
2003 542 2164 598 dedit
2185 545 2256 600 ad
2290 546 2833 621 Philadelphenses,
2865 552 2935 608 ad
2967 558 3338 627 Smyrmeos,
3374 561 3645 629 privatim

227 614 529 667 cesserent
564 610 696 666 :hic
729 613 967 668 demum
1001 614 1331 673 istiusmodi
1382 621 1875 688 obiectamentum
1925 610 2100 700 "que
2146 635 2215 687 ad
2276 610 2653 708 Polycarpum
2704 610 2916 696 borum
2967 610 3643 721 episcopum:

228 700 434 756 tollere
468 706 729 772 prastat,
765 717 896 756 cum
933 703 1172 760 Vossius
1203 716 1255 762 et
1305 710 1624 768 Cotelerius
1653 718 1882 773 censori

230 796 433 846 nostro
469 791 627 846 haud
679 791 889 848 fecisse
935 795 1076 850 satis
1124 798 1450 855 videantur.
1488 802 1627 858 Rem
1680 807 1882 876 paucis

231 881 556 950 transigam
570 897 659 936 us.
685 881 940 938 Sisancti
965 886 1238 957 martyris
1270 888 1478 960 Ignatii
1504 892 1882 964 epistolarum

232 971 542 1027 sinceritas
577 969 953 1040 periclitetur,
985 980 1136 1045 quod
1173 975 1230 1032 in
1267 978 1410 1048 ipsis
1461 980 1686 1053 aliquot
1715 1001 1884 1040 voces

237 1060 459 1116 Latinas
491 1068 828 1126 occurrant,
863 1062 933 1117 de
964 1063 1179 1122 divinis
1227 1084 1462 1140 quoque
1511 1071 1652 1128 Novi
1684 1074 1886 1130 Testa-

235 1150 418 1205 menti
449 1149 664 1206 litteris
716 1155 1145 1209 conclamatum
1201 1158 1453 1223 profecto
1509 1161 1638 1217 erit.
1694 1166 1758 1216 1n
1793 1163 1884 1219 bis

234 1240 390 1295 enim
453 1238 723 1308 legimus,
780 1240 1103 1314 κεντουρίων
1163 1246 1502 1316 (46),κῆνσος
1561 1251 1693 1321 (47),
1753 1270 1886 1304 κου‹

235 1325 440 1383 στωδία
503 1329 642 1400 (48),
712 1328 1045 1402 πραιτώριον
1130 1333 1264 1406 (49),
1355 1337 1686 1407 σιμικίνθιον
1748 1341 1884 1412 (50),

235 1415 526 1491 σουδάριον
616 1418 751 1489 (Si),
843 1418 1231 1495 σπεκουλάτωρ
1302 1427 1432 1496 (52),
1509 1425 1698 1488 τίτλος
1756 1432 1883 1499 (53)’

235 1508 289 1563 Si
319 1524 411 1574 eo,
443 1507 711 1578 inquam,
765 1508 1000 1564 nomine
1053 1516 1332 1583 tanquam
1381 1514 1743 1588 interpolatae
1787 1524 1889 1574 aut

235 1599 768 1672 pseudepigraphze
799 1601 920 1657 sint
949 1602 1231 1660 habenda
1258 1607 1571 1678 lgnatianas
1603 1610 1885 1682 epistolae,

235 1689 378 1744 Novi
411 1705 550 1760 ergo
585 1689 840 1746 Faederis
872 1688 1118 1753 αὐθεντία
1144 1696 1416 1752 concidat
1465 1715 1701 1756 necesse
1757 1701 1886 1756 erit'

238 1778 380 1841 Quis
413 1785 609 1833 autem
643 1796 798 1834 sanie
834 1782 1045 1836 mentis
1072 1782 1374 1840 delitteris
1404 1786 1887 1860 divinitusinspi-

238 1870 412 1936 ratis,
446 1867 502 1920 id
527 1867 743 1922 nedum
778 1869 988 1937 dicere,
1013 1872 1115 1926 sed
1151 1889 1220 1928 ne
1243 1874 1500 1945 cogitare
1523 1877 1758 1948 quidem
1783 1896 1890 1934 au-

1989 719 2226 776 demum
2273 739 2426 780 anno
2459 725 2570 781 ista
2615 729 2991 801 contigerint,
3025 749 3152 804 cap.
3207 742 3489 807 sequente
3531 719 3635 812 op-

1990 809 2303 878 portunius
2337 815 2820 886 disquirendum.

2655 959 2885 1017 CAPUT
2921 963 2989 1018 V.

1992 1076 2380 1154 De_lgaatia_ni
2409 1085 2681 1154 martyrii
2733 1085 2878 1140 Actis
2941 1089 3170 1144 sinceris
3225 1107 3260 1145 a
3329 1093 3646 1150 Theoderico

2067 1149 2355 1236 Ru‘inarti‘o
2407 1153 2460 1207 V.
2498 1149 2584 1209 (3.⁷
2608 1154 2865 1236 primunt
2915 1159 3096 1236 editis.
3149 1162 3350 1236 Eorum
3417 1149 3649 1236 uterque

2068 1173 2355 1207 numunw
2407 1173 2460 1207 γ.
2498 1173 2865 1280 ufrtmum
2915 1173 3096 1215 eaztzs.
3149 1173 3350 1216 Eorum
3417 1173 3644 1236 uterque

2068 1225 2216 1276 vetus
2247 1222 2520 1294 interpres
2550 1243 2578 1278 α
2621 1226 2764 1282 ditus
2794 1245 2812 1282 :
2845 1229 3145 1302 integritas
3181 1232 3374 1303 paucis
3410 1246 3644 1297 asserta.

2065 1332 2121 1385 S.
2156 1331 2365 1402 Ignatii
2396 1333 2662 1404 epistolis
2693 1337 2966 1407 genuinis
3014 1341 3143 1395 Acta
3175 1341 3429 1413 Martyrii
3484 1344 3644 1414 ejus-

1995 1416 2127 1474 dem
2161 1420 2387 1478 sincera
2417 1424 2805 1494 subjecimus,
2838 1425 3224 1484 Oxoniensem
3279 1430 3492 1486 Smithi
3523 1433 3648 1487 edi-

1996 1505 2215 1564 tionem
2250 1511 2457 1579 secuti,
2482 1517 2544 1568 ut
2565 1514 2840 1586 superius
2862 1515 3187 1574 innuimus.
3215 1518 3413 1576 Graeco
3445 1523 3650 1589 textui,

1997 1615 2028 1654 e
2059 1597 2252 1654 codice
2285 1599 2616 1657 Colbertino
2650 1621 2683 1658 a
2714 1606 2780 1657 V.
2815 1605 2876 1661 C.
2939 1605 3294 1663 Theoderico
3347 1609 3652 1667 Ruinartio

1999 1687 2257 1755 primum
2289 1689 2583 1762 evulgato,
2616 1692 2910 1762 duplicem
2966 1696 3240 1767 utrinque
3271 1699 3653 1770 appinximus

2001 1776 2266 1832 Latinam
2300 1779 2627 1835 versionem
2657 1823 2672 1849 ,
2700 1781 2945 1838 alteram
2977 1785 3206 1854 quidem
3237 1789 3444 1844 veteris
3470 1789 3650 1844 inter-

2001 1866 2204 1937 pretis,
2236 1883 2265 1921 e
2299 1884 2408 1922 ms.
2437 1869 2665 1939 Cajensi
2719 1872 2790 1925 ab
2850 1873 3084 1929 Usserio
3136 1875 3488 1946 jampridem
3521 1879 3649 1932 edi-

399 1928 410 1936 .
975 1928 987 1937 .
1385 1928 1492 1931 v—-~
1530 1928 1758 1948 ι---ν--
1785 1928 1856 1934 ——

240 1957 371 2011 deat
406 1955 432 2008 ‘I
464 1958 546 2010 An
606 1972 739 2011 vero
773 1959 1052 2014 vocabula
1099 1961 1236 2032 ista,
1274 1963 1627 2038 χεντουρῖων,
1667 1972 1888 2035 κῆνσος,

2009 1967 2125 2010 tam
2147 1954 2426 2023 ;alteram
2449 1974 2578 2013 vero
2609 1959 2679 2014 ab
2702 1960 2906 2016 eodem
2930 1963 3231 2018 Ruinartio
3257 1965 3597 2020 adornatam
3635 1982 3649 2021 :

243 2042 576 2114 κουστωδία,
623 2053 757 2114 etc.,
790 2051 1013 2105 castius
1071 2052 1395 2124 puriusque
1424 2059 1616 2112 Graace
1657 2063 1892 2125 sonant,

244 2153 420 2207 quam
511 2133 912 2209 ὲζεμπλάριον,
991 2133 1288 2215 δεσὲρτωρ,
1373 2139 1628 2198 δεπόσιτα
1693 2146 1720 2200 ‘I
1785 2152 1892 2202 etc.

241 2224 406 2288 Quod
439 2225 486 2279 si
521 2227 807 2298 apostolis
841 2232 896 2282 et
927 2228 1322 2300 evangelistis,
1349 2231 1620 2292 Matthiae
1669 2239 1814 2307 (aut,
1847 2237 1898 2292 si

243 2312 454 2380 mavis,
484 2315 614 2383 ejus
648 2315 996 2387 interpreti),
1025 2318 1241 2390 Marco,
1268 2321 1454 2388 Lucae,
1477 2323 1712 2389 Joanni,
1746 2325 1897 2381 Pau-

237 2401 296 2458 lo
328 2403 526 2460 Greece
574 2405 991 2473 scribentibus,
1043 2425 1209 2466 voces
1264 2411 1556 2470 Romanas
1611 2433 1896 2488 usurpare

239 2493 568 2564 aliquando
600 2493 786 2560 licuit,
820 2498 1098 2566 quidniet
1131 2501 1356 2571 Ignatio
1381 2505 1773 2574 apostolorum
1805 2507 1894 2562 di-

237 2581 472 2652 scipulo
511 2584 530 2635 Β
559 2583 671 2638 Sed
702 2600 889 2655 neque
918 2587 1056 2642 vitio
1088 2588 1328 2646 demum
1379 2594 1654 2649 vertenda
1683 2595 1896 2650 divinis

237 2671 608 2736 auctoribus,
642 2673 904 2745 adeoque
936 2678 1146 2746 potiori
1167 2678 1307 2748 jure
1327 2697 1517 2751 neque
1547 2688 1746 2740 sancto
1769 2685 1895 2755 epi-

242 2776 425 2827 scopo
457 2761 841 2829 Antiocheno,
877 2764 1219 2835 hujusmodi
1255 2771 1546 2826 scribendi
1581 2774 1728 2828 ratio
1760 2791 1774 2830 :
1811 2774 1894 2829 sic

247 2849 410 2905 enim
444 2851 664 2906 ferebat
695 2853 917 2909 occasio
950 2873 964 2923 ;
1000 2861 1142 2912 tunc
1173 2859 1453 2930 temporis
1486 2861 1767 2918 nimirum
1792 2880 1896 2935 per

244 2939 587 2994 universam
622 2943 741 2997 fere
771 2943 1075 3009 Greciam,
1107 2946 1356 3018 Syriam,
1390 2953 1716 3022 Egyptum,
1757 2963 1892 3020 etc.,

247 3029 513 3084 Romano
545 3029 790 3101 imperio
822 3031 991 3105 longe
1021 3033 1250 3108 lateque
1284 3044 1618 3110 propagato,
1653 3046 1716 3096 ut
1744 3042 1893 3114 opti-

245 3135 345 3174 me
385 3121 576 3190 arguit
606 3119 678 3175 cl.
713 3120 1108 3180 Blackwallus
1137 3126 1272 3195 (54).
1306 3127 1504 3200 Neque
1542 3129 1710 3186 aliter
1752 3148 1893 3188 sane

243 3207 508 3279 antiquis
540 3209 770 3264 Gracia
804 3212 1190 3284 scriptoribus
1223 3233 1332 3271 usu
1367 3218 1543 3286 venit,
1577 3221 1888 3288 Herodoto,

237 3299 595 3370 Thucydidi,
653 3302 1025 3370 Xenophonti
1057 3321 1072 3371 ;

239 3387 410 3460 ἄσχυ,
474 3388 655 3461 βᾶρις,
733 3387 949 3459 κανδὸς,
1023 3392 1278 3466 κάρανος,
1336 3396 1523 3465 κάσας,
1610 3401 1893 3476 παρασάγ-

238 3495 351 3548 γης
392 3476 657 3548 aliasque
690 3494 850 3534 voces
884 3482 1240 3551 peregrinas,
1280 3486 1569 3554 Persicas,
1599 3487 1888 3560 {Egyptia-

240 3582 363 3632 cas,
401 3565 594 3638 legere
624 3572 715 3622 est
749 3585 761 3623 :
797 3579 1103 3641 propterea
1133 3571 1356 3628 scilicet
1409 3575 1562 3645 quod
1595 3575 1696 3632 illa
1725 3583 1891 3634 etate

246 3671 365 3726 qua
396 3655 678 3710 ﬂorebant
709 3656 747 3710 ii
781 3657 1013 3714 Graeciae
1043 3660 1358 3731 scriptores
1387 3663 1726 3734 cultissimi,
1760 3666 1889 3722 Per-

246 3761 473 3809 sarum,
499 3745 898 3818 .Egyptiorum
923 3749 1288 3820 aliarumque
1309 3752 1563 3808 Orientis
1586 3756 1889 3810 nationum

247 3832 423 3900 bella,
452 3836 822 3900 commercia,
845 3836 1074 3906 itinera,
1108 3836 1307 3909 plures
1329 3842 1616 3909 ejusmodi
1639 3845 1890 3899 exoticas

243 3938 414 3978 voces
444 3923 500 3977 in
535 3921 792 3978 Grecam
827 3923 1088 3997 linguam
1119 3927 1477 3985 invexerant.
1520 3935 1708 4004 Atque
1757 3932 1891 3988 hinc

235 4027 380 4065 sane
412 4011 663 4083 quisque
693 4012 972 4086 intelligit
1003 4033 1174 4086 quam
1194 4017 1488 4074 immerito
1518 4019 1631 4075 ista
1661 4021 1888 4091 objeceo

236 4099 316 4153 rit
350 4100 434 4153 vir
464 4099 561 4156 ille
592 4102 859 4159 criticus.

309 4194 380 4244 At
410 4190 523 4245 alio
575 4194 967 4249 convertenda
997 4199 1087 4250 est
1139 4197 1323 4253 oratio
1357 4215 1370 4252 :
1407 4199 1686 4270 temporis
1733 4200 1889 4256 enim

239 4278 601 4334 notationem
639 4297 754 4352 quo
788 4282 1052 4353 epistolas
1082 4302 1154 4339 vu
1187 4286 1258 4340 ab
1300 4288 1524 4357 Ignatio
1559 4289 1888 4362 perscripta:

237 4367 526 4434 teruntur,
563 4376 763 4426 nostra
795 4371 1037 4427 interest
1080 4373 1343 4430 deﬁnire.
1387 4376 1629 4432 Constat
1673 4383 1888 4447 autem,

237 4456 488 4512 Eusebio
522 4463 664 4514 teste
695 4461 834 4530 (55),
867 4466 1138 4518 sanctum
1174 4474 1492 4538 martyrem
1525 4484 1590 4522 eo
1622 4467 1680 4522 in
1717 4469 1889 4523 itine-

239 4563 301 4602 re
334 4546 464 4603 illas
497 4565 792 4617 exarasse,
823 4568 938 4622 quo
962 4553 1139 4622 jussu
1163 4554 1659 4628 TrajaniAugusti
1687 4559 1888 4614 Antio-

2006 2061 2183 2116 quam
2217 2045 2373 2101 enim
2407 2046 2665 2104 Clericus
2702 2049 2918 2118 refecit,
2954 2051 3196 2123 insuper
3241 2051 3557 2109 habuimus
3590 2072 3660 2112 ea

2007 2136 2078 2190 de
2108 2152 2286 2191 causa
2317 2137 2486 2207 cujus
2515 2138 2688 2210 paulo
2717 2146 2849 2195 ante
2877 2142 3275 2198 meminimus.
3307 2143 3496 2200 Aliam
3523 2162 3657 2216 quo-

2006 2240 2119 2295 que
2149 2225 2462 2294 separatim
2502 2227 2826 2299 adjecimus
2876 2231 3184 2302 antiquam
3234 2233 3589 2302 versionem,
3622 2252 3651 2291 e

2005 2312 2204 2368 codice
2233 2313 2576 2370 Cottoniano
2607 2332 2642 2371 a
2671 2315 2909 2372 laudato
2963 2322 3196 2376 Usserio
3245 2322 3596 2396 descriptum
3638 2343 3652 2394 ;

2005 2407 2159 2477 quod
2193 2406 2322 2476 ejus
2354 2411 2559 2462 auctor
2583 2425 2782 2465 verum
2807 2415 3085 2467 Actorum
3109 2413 3442 2470 Graecorum
3469 2433 3654 2472 exem-

2007 2494 2134 2566 plar
2166 2513 2278 2568 pra:
2309 2496 2490 2552 oculis
2512 2497 2790 2555 habuisse
2823 2507 3120 2570 noscatur,
3144 2502 3276 2559 licet
3297 2507 3653 2576 quandoque

2006 2589 2200 2641 textus
2233 2591 2334 2640 aut
2367 2587 2720 2643 sententiam
2754 2595 2856 2644 aut
2889 2591 3064 2646 verba
3095 2593 3441 2664 neutiquam
3478 2595 3652 2649 fuerit

2005 2678 2332 2731 assecutus.
2367 2679 2441 2730 Eo
2490 2681 2686 2732 autem
2737 2677 2980 2734 consilio
3042 2685 3358 2752 utrumque
3400 2688 3650 2737 veterem

2003 2761 2381 2833 interpretem
2402 2764 2814 2835 proferendum
2839 2768 3326 2837 existimavimus,
3354 2789 3468 2842 quo
3493 2771 3647 2827 Gree-

2003 2850 2084 2906 cis
2111 2851 2208 2907 lux
2235 2854 2414 2922 major
2448 2855 2766 2919 accederet,
2812 2855 3001 2912 sicubi
3051 2857 3205 2914 haud
3257 2860 3402 2915 satis
3445 2865 3649 2932 aperta

2006 2941 2128 2996 sive
2159 2941 2360 2998 minus
2392 2944 2706 2999 emendata
2751 2951 3080 3001 occurrant.

2074 3028 2152 3085 De
2208 3029 2416 3086 horum
2468 3037 2662 3088 autem
2713 3037 2984 3090 Actorum
3035 3033 3288 3107 αόθεντίᾳ
3345 3055 3516 3094 nemo
3569 3043 3656 3095 est

2002 3121 2104 3191 qui
2124 3123 2260 3190 jure
2289 3122 2373 3176 vel
2409 3122 2720 3179 minimum
2749 3124 3027 3196 ambigat.
3061 3126 3390 3199 Siquidem,
3425 3132 3486 3182 ut
3509 3145 3646 3184 cum

2003 3210 2227 3267 Smitbo
2260 3211 2468 3283 loquar
2499 3213 2633 3284 (56),
2672 3234 2696 3264 α
2733 3231 2765 3268 a
2796 3215 3184 3272 familiaribus
3215 3217 3273 3272 S.
3312 3218 3518 3289 Ignatii
3553 3218 3655 3292 qui

1158 3307 1314 3377 apud
1399 3326 1546 3380 quos
1602 3309 1883 3381 ἀκινάκης,
1927 3297 1971 3361 C
1999 3299 2307 3356 Antiochia
2336 3300 2577 3357 Romam
2614 3319 2799 3374 usque
2850 3303 3014 3360 illum
3069 3311 3206 3361 sunt
3253 3307 3536 3377 comitati,
3569 3312 3655 3362 at-

2001 3404 2115 3459 que
2142 3388 2303 3443 illius
2336 3389 2544 3445 ultimo
2577 3398 2631 3445 ot
2666 3391 2914 3448 maxime
2964 3393 3219 3464 glorioso
3261 3397 3435 3466 agoni
3469 3397 3653 3450 inter-

2001 3476 2182 3541 fuere,
2216 3479 2504 3549 descripta
2540 3479 2745 3546 fuisse,
2779 3482 2962 3537 multa
2991 3482 3048 3537 in
3101 3483 3248 3554 ipsis
3279 3485 3442 3541 Actis
3475 3485 3528 3539 id
3566 3490 3649 3540 te-

1999 3568 2390 3624 statissimum
2425 3569 2698 3627 reddunt.
2733 3572 2794 3625 In
2847 3571 2937 3626 his
2967 3573 3120 3627 enim
3187 3573 3270 3628 sic
3321 3573 3647 3645 loquuntur

2001 3658 2100 3726 qui
2129 3671 2194 3713 ea
2247 3656 2460 3712 litteris
2517 3659 2808 3714 tradidere
2863 3661 2973 3731 (57)
3009 3677 3021 3714 :
3057 3661 3353 3732 Ἠμεῖςμέν
3421 3660 3642 3722 ἄκοντες

1998 3741 2350 3820 ἀπηγόμεθα,
2419 3744 2688 3806 στένοντες
2716 3743 2803 3800 ἐπὶ
2905 3751 2984 3818 τῷ
3043 3747 3133 3824 ἀφ’
3191 3750 3352 3819 ἡμῶν
3411 3747 3648 3820 μέλλον-

1998 3852 2051 3886 τι
2110 3836 2384 3905 χωριπμῷ
2459 3837 2556 3888 τοῦ
2615 3831 2825 3888 δικαίου
2887 3835 3149 3911 γίνεσθαι.
3229 3841 3343 3892 Nos
3425 3839 3645 3910 quidem

2001 3922 2170 3977 inviti
2197 3921 2623 3992 abducebamur,
2655 3929 2933 3994 gementes
2973 3925 3036 3980 ob
3081 3927 3490 3995 separationem
3537 3929 3646 3983 viri

1991 4009 2135 4082 justi
2163 4028 2195 4065 a
2226 4011 2383 4065 nobis
2417 4027 2543 4066 mox
2577 4014 2850 4083 futuram.
2887 4014 2955 4068 Et
2989 4013 3290 4069 nonnullis
3325 4014 3647 4086 interjectis

1999 4101 2108 4156 sub
2145 4099 2322 4155 linem
2503 4119 2514 4157 :
2550 4100 2771 4155 Τούτων
2837 4099 3101 4156 αὐτόπται
3170 4101 3478 4176 γενόμενοι.
3543 4107 3646 4162 Ilo-

1999 4205 2127 4245 rum
2156 4207 2251 4247 nos
2301 4191 2409 4264 ipsi
2454 4202 2781 4264 spectatores
2827 4195 2986 4266 facti.
3020 4195 3172 4262 Ilaec,
3205 4195 3469 4266 inquam,
3505 4197 3648 4254 alia-

2000 4296 2113 4351 que
2145 4284 2307 4336 extra
2337 4297 2507 4337 omne
2538 4282 2785 4338 dubium
2818 4288 3065 4355 ponunt,
3099 4301 3130 4339 a
3159 4287 3215 4340 S.
3243 4286 3451 4358 Ignatii
3475 4288 3652 4343 comi-

1999 4368 2159 4424 tibus
2184 4375 2327 4425 Acta
2349 4369 2692 4441 hujusmodi
2733 4373 2912 4428 fuisse
2932 4373 3290 4445 perscripta:
3317 4379 3374 4430 et
3407 4377 3643 4446 quidem

1999 4476 2114 4516 non
2149 4460 2320 4534 longe
2352 4467 2481 4534 post
2512 4463 2700 4535 ipsius
2733 4465 3320 4530 consummationem,
3359 4471 3418 4521 et
3449 4468 3648 4538 proxi-

2000 4565 2117 4617 mo,
2172 4560 2232 4605 ut
2283 4552 2779 4607 verisimillimum
2837 4554 3091 4619 videtur,
3141 4569 3333 4620 anno;
3369 4555 3510 4608 dum
3561 4571 3652 4611 res

243 4635 377 4690 chi,
430 4636 677 4692 Romam
727 4639 1150 4708 deducebatur,
1203 4644 1339 4700 {el-i3
1387 4647 1775 4715 objiciendus.
1825 4654 1892 4705 Et
1921 4660 1966 4725 ι)
1999 4647 2173 4710 gestas
2206 4655 2342 4694 cum
2372 4640 2798 4697 totiusitineris
2819 4643 3066 4710 ratione,
3093 4641 3153 4697 in
3177 4641 3394 4698 recenti
3415 4641 3649 4700 ﬁdelius

241 4730 498 4796 quatuor
529 4728 787 4798 quidem,
813 4746 945 4786 cum
979 4736 1287 4804 Smyrnam
1328 4736 1702 4806 pervenisset,
1730 4739 1890 4796 misit

239 4829 310 4867 ex
349 4815 464 4870 ista
521 4816 665 4872 urbe
718 4817 790 4872 ad
845 4818 1151 4890 Ephesios,
1205 4821 1276 4876 ad
1329 4825 1760 4894 Magnesianos,
1814 4829 1888 4883 ad

241 4902 574 4959 Trallianos
603 4910 778 4977 atque
806 4907 878 4961 ad
911 4907 1205 4966 Romanos
1239 4926 1253 4966 :
1290 4911 1538 4969 ulterius
1587 4931 1720 4972 vero
1753 4933 1891 4988 pro-

240 5007 502 5064 gressus,
523 4994 660 5050 dum
683 4995 910 5052 Troade
938 4999 1306 5070 consisteret,
1334 5001 1468 5058 inde
1493 5008 1610 5060 tres
1637 5003 1891 5076 reliquas

317 5101 430 5172 (46)
465 5101 641 5158 Marc.
675 5119 764 5171 xv,
797 5104 886 5171 39,
920 5105 1009 5172 44,
1041 5108 1132 5161 45.

317 5173 430 5244 (47)
464 5174 670 5230 Matth.
703 5193 838 5240 xvu,
869 5177 978 5244 24;
1009 5193 1147 5244 xxu,
1184 5179 1270 5244 17,
1306 5179 1392 5236 19.

316 5245 428 5320 (48)
456 5245 672 5320 Matth,
702 5263 878 5314 xxvu,
909 5249 1000 5320 65,
1035 5250 1104 5304 66
1137 5273 1152 5315 -,
1182 5265 1340 5320 xvm,
1377 5251 1462 5305 11·

317 5317 437 5393 (49)
453 5316 858 5393 Μαῐιὴκχινιι,
889 5319 960 5372 27
995 5337 1009 5388 ;
1040 5320 1214 5393 Marc.
1248 5316 1340 5389 xv,
1373 5324 1476 5391 l6;
1509 5323 1680 5381 Joan.
1730 5341 1891 5393 xvm,

245 5384 441 5468 28,33
465 5405 486 5468 ;Δ
513 5405 626 5468 xix,
654 5390 730 5454 9;
765 5391 896 5468 _A_ot.
928 5384 1089 5460 mn,
1128 5392 1236 5462 ;35
1265 5384 1520 5468 Philipp.
1562 5413 1602 5464 ι,
1638 5397 1723 5452 13.

320 5458 429 5530 (50)
457 5461 578 5530 Act.
604 5475 721 5526 xxx,
757 5461 842 5516 1‘3.

251 5529 433 5651 12(ὅτ)
465 5529 596 5585 Luc.
629 5547 747 5602 xxx,
785 5532 858 5586 20
888 5550 901 5600 ;
933 5532 1102 5589 Joan.
1128 5551 1206 5602 vx,
1239 5535 1348 5599 44;
1379 5553 1470 5602 xx,
1501 5539 1536 5590 7
1567 5557 1582 5609 ;
1614 5541 1737 5596 Act.
1770 5556 1886 5612 xxx,

322 5642 431 5741 (52)
466 5670 638 5728 Marc.
666 5690 744 5741 vx,
765 5675 859 5730 27.

317 5703 431 5812 ὶὲἕς
457 5703 638 5813 ἲὸἒὲζ·
656 5703 895 5814 ἐῐέῗίδ.

2000 4726 2334 4782 inhaeserint
2354 4729 2657 4785 memoria.
2678 4728 2815 4786 Illos
2835 4736 3030 4786 autem
3051 4730 3237 4786 fuisse
3259 4730 3564 4787 Philomen
3593 4736 3652 4787 et

1996 4816 2459 4889 Agathopodem,
2494 4835 2744 4891 quorum
2772 4821 3044 4876 meminit
3070 4820 3474 4877 sanctissimus
3496 4838 3649 4879 mar-

2000 4909 2093 4978 tyr
2123 4905 2180 4960 in
2223 4906 2502 4978 Epistolis
2533 4908 2603 4964 ad
2639 4912 2972 4982 Smyrnmos
3003 4909 3118 4983 (59)
3152 4913 3209 4966 et
3242 4910 3314 4965 ad
3348 4910 3648 4967 Philadel-

2000 4993 2256 5068 phenses
2271 4995 2406 5068 (60),
2426 4996 2578 5054 hunc
2600 4998 3000 5070 Antiochena,
3043 4999 3212 5055 illum
3237 5015 3370 5056 vero
3397 4999 3651 5057 Tarsen-

2072 5101 2185 5172 (54)
2212 5101 2541 5160 Blaokwall.
2572 5105 2793 5162 Auctor.
2827 5121 2970 5160 sacr.
2993 5106 3153 5162 class.
3185 5105 3390 5172 deleas.
3429 5112 3564 5163 tom.
3601 5105 3643 5174 Ι,

2071 5181 2290 5248 parts},
2325 5191 2452 5248 cap.
2485 5176 2537 5248 1,
2568 5175 2598 5248 §
2628 5179 2680 5243 5,
2712 5193 2766 5248 p.
2801 5177 2889 5248 48.

2071 5243 2192 5319 (55)
2220 5243 2431 5319 Euseb.
2461 5243 2781 5319 Hist'eccl.,
2801 5246 2904 5305 lib.
2941 5265 3027 5314 ιιι,
3059 5264 3185 5319 cap.
3233 5248 3324 5304 36.

2081 5317 2194 5389 (56)
2225 5317 2435 5373 Smith.
2472 5318 2690 5388 praefat.
2735 5319 2795 5374 in
2843 5321 2960 5374 Act.
2991 5317 3230 5392 martyr.
3269 5320 3324 5377 S.
3367 5322 3546 5390 lgnat.
3589 5335 3646 5392 p.

2070 5464 2180 5535 (δζι)
2213 5459 2335 5535 Act.
2356 5463 2832 5535 martyr._lgnat.,
2863 5477 2989 5535 cap.
3027 5462 3112 5520 15.

2071 5532 2184 5604 (58)
2215 5531 2386 5599 Ibid.,
2419 5531 2548 5602 cap.
2596 5533 2652 5588 7.

2071 5603 2183 5680 (.59)
2215 5605 2401 5680 tenet:
2436 5603 2712 5680 ἔρξξίζαέι
2736 5605 2989 5680 ﬁmum
3024 5622 3188 5680 capp-
3228 5607 3314 5663 10·
3357 5611 3416 5666 οι
3451 5609 3538 5665 13-

2071 5673 2183 5746 (60)
2216 5673 2299 5730 1d.
2331 5673 2402 5729 ad
2433 5673 2809 5749 Philadelph.,
2835 5673 2982 5750 'cap.
3018 5673 3104 5736 ii.
