  <div class='ocr_page' id='page_1' title='image "/cluster/home/n/w/nwhite01/storage/ocr_20150623/5/hvd.32044073501272/299.png"; bbox 0 0 4060 6206; ppageno 0'>
   <div class='ocr_carea' id='block_1_1' title="bbox 395 439 512 499">
    <p class='ocr_par' dir='ltr' id='par_1_1' title="bbox 395 439 512 499">
     <span class='ocr_line' id='line_1_1' title="bbox 395 439 512 499; baseline 0.009 -2"><span class='ocrx_word' id='word_1_1' title='bbox 395 439 512 499; x_wconf 79' lang='grc'><strong>579</strong></span> 
     </span>
    </p>
   </div>
   <div class='ocr_carea' id='block_1_2' title="bbox 1457 417 2748 482">
    <p class='ocr_par' dir='ltr' id='par_1_2' title="bbox 1457 417 2748 482">
     <span class='ocr_line' id='line_1_2' title="bbox 1457 417 2748 482; baseline -0.003 0"><span class='ocrx_word' id='word_1_2' title='bbox 1457 421 1522 482; x_wconf 92' lang='lat' dir='ltr'><strong>S.</strong></span> <span class='ocrx_word' id='word_1_3' title='bbox 1571 417 1966 481; x_wconf 85' lang='lat' dir='ltr'><strong>IGNATIUS.</strong></span> <span class='ocrx_word' id='word_1_4' title='bbox 2013 449 2090 462; x_wconf 87' lang='lat'><strong>--</strong></span> <span class='ocrx_word' id='word_1_5' title='bbox 2132 419 2748 481; x_wconf 71' lang='lat' dir='ltr'><strong>PROLEGOMENA.</strong></span> 
     </span>
    </p>
   </div>
   <div class='ocr_carea' id='block_1_3' title="bbox 3693 420 3815 479">
    <p class='ocr_par' dir='ltr' id='par_1_3' title="bbox 3693 420 3815 479">
     <span class='ocr_line' id='line_1_3' title="bbox 3693 420 3815 479; baseline 0.016 -2"><span class='ocrx_word' id='word_1_6' title='bbox 3693 420 3815 479; x_wconf 77' lang='grc'><strong>580</strong></span> 
     </span>
    </p>
   </div>
   <div class='ocr_carea' id='block_1_4' title="bbox 396 531 3816 629">
    <p class='ocr_par' dir='ltr' id='par_1_4' title="bbox 396 531 3816 629">
     <span class='ocr_line' id='line_1_4' title="bbox 396 531 3816 629; baseline -0.006 -1"><span class='ocrx_word' id='word_1_7' title='bbox 396 573 482 629; x_wconf 89' lang='lat' dir='ltr'><strong>sis</strong></span> <span class='ocrx_word' id='word_1_8' title='bbox 510 572 552 627; x_wconf 86' lang='lat' dir='ltr'>E</span> <span class='ocrx_word' id='word_1_9' title='bbox 580 567 789 625; x_wconf 73' lang='lat' dir='ltr'><strong>.olesiaa</strong></span> <span class='ocrx_word' id='word_1_10' title='bbox 840 562 1176 626; x_wconf 81' lang='lat' dir='ltr'><strong>diaconum,</strong></span> <span class='ocrx_word' id='word_1_11' title='bbox 1207 554 1301 611; x_wconf 87' lang='lat' dir='ltr'><strong>vix</strong></span> <span class='ocrx_word' id='word_1_12' title='bbox 1348 571 1382 610; x_wconf 89' lang='lat' dir='ltr'><strong>a</strong></span> <span class='ocrx_word' id='word_1_13' title='bbox 1429 569 1728 626; x_wconf 90' lang='lat' dir='ltr'><strong>quoquam</strong></span> <span class='ocrx_word' id='word_1_14' title='bbox 1774 531 2040 608; x_wconf 87' lang='lat' dir='ltr'><strong>dubitari</strong></span> <span class='ocrx_word' id='word_1_15' title='bbox 2070 553 2126 619; x_wconf 75' lang='grc' dir='ltr'><strong>Α</strong></span> <span class='ocrx_word' id='word_1_16' title='bbox 2154 552 2346 608; x_wconf 73' lang='lat' dir='ltr'><strong>tentiis</strong></span> <span class='ocrx_word' id='word_1_17' title='bbox 2384 552 2444 608; x_wconf 91' lang='lat' dir='ltr'><strong>in</strong></span> <span class='ocrx_word' id='word_1_18' title='bbox 2485 569 2638 608; x_wconf 89' lang='lat' dir='ltr'><strong>anno</strong></span> <span class='ocrx_word' id='word_1_19' title='bbox 2694 552 3028 608; x_wconf 80' lang='lat' dir='ltr'><strong>deﬁniendo</strong></span> <span class='ocrx_word' id='word_1_20' title='bbox 3060 569 3177 623; x_wconf 88' lang='lat' dir='ltr'><strong>quo</strong></span> <span class='ocrx_word' id='word_1_21' title='bbox 3237 551 3528 625; x_wconf 87' lang='lat' dir='ltr'><strong>gloriosus</strong></span> <span class='ocrx_word' id='word_1_22' title='bbox 3586 559 3816 625; x_wconf 78' lang='lat' dir='ltr'><strong>martyr</strong></span> 
     </span>
    </p>
   </div>
   <div class='ocr_carea' id='block_1_5' title="bbox 395 641 2035 732">
    <p class='ocr_par' dir='ltr' id='par_1_5' title="bbox 395 641 2035 732">
     <span class='ocr_line' id='line_1_5' title="bbox 395 641 2035 732; baseline -0.015 -12"><span class='ocrx_word' id='word_1_23' title='bbox 395 668 497 720; x_wconf 86' lang='lat' dir='ltr'><strong>aut</strong></span> <span class='ocrx_word' id='word_1_24' title='bbox 528 664 714 732; x_wconf 85' lang='lat' dir='ltr'><strong>potest</strong></span> <span class='ocrx_word' id='word_1_25' title='bbox 745 658 847 710; x_wconf 91' lang='lat' dir='ltr'><strong>aut</strong></span> <span class='ocrx_word' id='word_1_26' title='bbox 876 650 1063 706; x_wconf 84' lang='lat' dir='ltr'><strong>debet.</strong></span> <span class='ocrx_word' id='word_1_27' title='bbox 1103 670 1128 696; x_wconf 89' lang='grc'><strong>››</strong></span> <span class='ocrx_word' id='word_1_28' title='bbox 1161 650 1454 702; x_wconf 83' lang='lat' dir='ltr'><strong>Hactenus</strong></span> <span class='ocrx_word' id='word_1_29' title='bbox 1483 643 1573 700; x_wconf 84' lang='lat' dir='ltr'><strong>vir</strong></span> <span class='ocrx_word' id='word_1_30' title='bbox 1602 642 1865 700; x_wconf 90' lang='lat' dir='ltr'><strong>eruditus</strong></span> <span class='ocrx_word' id='word_1_31' title='bbox 1891 659 1904 709; x_wconf 90' lang='lat'><strong>;</strong></span> <span class='ocrx_word' id='word_1_32' title='bbox 1934 641 2035 732; x_wconf 81' lang='lat' dir='ltr'><strong>qui</strong></span> 
     </span>
    </p>
   </div>
   <div class='ocr_carea' id='block_1_6' title="bbox 394 729 2036 808">
    <p class='ocr_par' dir='ltr' id='par_1_6' title="bbox 394 729 2036 808">
     <span class='ocr_line' id='line_1_6' title="bbox 394 729 2036 808; baseline -0.014 -2"><span class='ocrx_word' id='word_1_33' title='bbox 394 757 450 806; x_wconf 89' lang='lat' dir='ltr'><strong>et</strong></span> <span class='ocrx_word' id='word_1_34' title='bbox 500 729 778 804; x_wconf 76' lang='lat' dir='ltr'><strong>adversus</strong></span> <span class='ocrx_word' id='word_1_35' title='bbox 835 738 1042 808; x_wconf 84' lang='lat' dir='ltr'><strong>Riveti,</strong></span> <span class='ocrx_word' id='word_1_36' title='bbox 1075 733 1362 792; x_wconf 89' lang='lat' dir='ltr'><strong>Blondelli</strong></span> <span class='ocrx_word' id='word_1_37' title='bbox 1439 732 1808 803; x_wconf 89' lang='lat' dir='ltr'><strong>aliorumque</strong></span> <span class='ocrx_word' id='word_1_38' title='bbox 1856 729 2036 786; x_wconf 84' lang='lat' dir='ltr'><strong>cavil-</strong></span> 
     </span>
    </p>
   </div>
   <div class='ocr_carea' id='block_1_7' title="bbox 393 819 2036 904">
    <p class='ocr_par' dir='ltr' id='par_1_7' title="bbox 393 819 2036 904">
     <span class='ocr_line' id='line_1_7' title="bbox 393 819 2036 904; baseline -0.012 -10"><span class='ocrx_word' id='word_1_39' title='bbox 393 838 662 900; x_wconf 81' lang='lat' dir='ltr'><strong>lationes,</strong></span> <span class='ocrx_word' id='word_1_40' title='bbox 696 831 974 904; x_wconf 88' lang='lat' dir='ltr'><strong>pleraque</strong></span> <span class='ocrx_word' id='word_1_41' title='bbox 1031 825 1229 882; x_wconf 87' lang='lat' dir='ltr'><strong>subdit</strong></span> <span class='ocrx_word' id='word_1_42' title='bbox 1259 823 1410 881; x_wconf 86' lang='lat' dir='ltr'><strong>lectu</strong></span> <span class='ocrx_word' id='word_1_43' title='bbox 1470 823 1650 894; x_wconf 82' lang='lat' dir='ltr'><strong>digna</strong></span> <span class='ocrx_word' id='word_1_44' title='bbox 1707 823 1774 876; x_wconf 88' lang='lat' dir='ltr'><strong>de</strong></span> <span class='ocrx_word' id='word_1_45' title='bbox 1826 819 2036 876; x_wconf 83' lang='lat' dir='ltr'><strong>itinere</strong></span> 
     </span>
    </p>
   </div>
   <div class='ocr_carea' id='block_1_8' title="bbox 395 907 2038 991">
    <p class='ocr_par' dir='ltr' id='par_1_8' title="bbox 395 907 2038 991">
     <span class='ocr_line' id='line_1_8' title="bbox 395 907 2038 991; baseline -0.012 -11"><span class='ocrx_word' id='word_1_46' title='bbox 395 924 664 980; x_wconf 89' lang='lat' dir='ltr'><strong>instituto</strong></span> <span class='ocrx_word' id='word_1_47' title='bbox 724 927 896 991; x_wconf 91' lang='lat' dir='ltr'><strong>atque</strong></span> <span class='ocrx_word' id='word_1_48' title='bbox 944 916 1004 972; x_wconf 90' lang='lat' dir='ltr'><strong>in</strong></span> <span class='ocrx_word' id='word_1_49' title='bbox 1066 915 1275 971; x_wconf 81' lang='lat' dir='ltr'><strong>iisdem</strong></span> <span class='ocrx_word' id='word_1_50' title='bbox 1327 911 1485 967; x_wconf 88' lang='lat' dir='ltr'><strong>Actis</strong></span> <span class='ocrx_word' id='word_1_51' title='bbox 1547 910 1855 967; x_wconf 89' lang='lat' dir='ltr'><strong>recensito.</strong></span> <span class='ocrx_word' id='word_1_52' title='bbox 1901 907 2038 972; x_wconf 87' lang='lat' dir='ltr'><strong>Qui-</strong></span> 
     </span>
    </p>
   </div>
   <div class='ocr_carea' id='block_1_9' title="bbox 389 997 2028 1078">
    <p class='ocr_par' dir='ltr' id='par_1_9' title="bbox 389 997 2028 1078">
     <span class='ocr_line' id='line_1_9' title="bbox 389 997 2028 1078; baseline -0.012 -8"><span class='ocrx_word' id='word_1_53' title='bbox 389 1015 498 1070; x_wconf 88' lang='lat' dir='ltr'><strong>bus</strong></span> <span class='ocrx_word' id='word_1_54' title='bbox 526 1027 720 1078; x_wconf 87' lang='lat' dir='ltr'><strong>,amen</strong></span> <span class='ocrx_word' id='word_1_55' title='bbox 782 1024 966 1064; x_wconf 90' lang='lat' dir='ltr'><strong>unum</strong></span> <span class='ocrx_word' id='word_1_56' title='bbox 1019 1005 1233 1061; x_wconf 88' lang='lat' dir='ltr'><strong>addere</strong></span> <span class='ocrx_word' id='word_1_57' title='bbox 1288 1002 1478 1069; x_wconf 91' lang='lat' dir='ltr'><strong>liceat,</strong></span> <span class='ocrx_word' id='word_1_58' title='bbox 1515 999 1738 1054; x_wconf 87' lang='lat' dir='ltr'><strong>Philoni</strong></span> <span class='ocrx_word' id='word_1_59' title='bbox 1801 997 2028 1053; x_wconf 86' lang='lat' dir='ltr'><strong>scilicet</strong></span> 
     </span>
    </p>
   </div>
   <div class='ocr_carea' id='block_1_10' title="bbox 393 1089 2038 1174">
    <p class='ocr_par' dir='ltr' id='par_1_10' title="bbox 393 1089 2038 1174">
     <span class='ocr_line' id='line_1_10' title="bbox 393 1089 2038 1174; baseline -0.011 -15"><span class='ocrx_word' id='word_1_60' title='bbox 393 1101 835 1174; x_wconf 68' lang='lat' dir='ltr'><strong>etAgathopodi</strong></span> <span class='ocrx_word' id='word_1_61' title='bbox 870 1095 1317 1168; x_wconf 84' lang='lat' dir='ltr'><strong>adjungendum</strong></span> <span class='ocrx_word' id='word_1_62' title='bbox 1365 1090 1570 1147; x_wconf 79' lang='lat' dir='ltr'><strong>saltem</strong></span> <span class='ocrx_word' id='word_1_63' title='bbox 1606 1089 1948 1146; x_wconf 87' lang='lat' dir='ltr'><strong>nominatim</strong></span> <span class='ocrx_word' id='word_1_64' title='bbox 1981 1091 2038 1142; x_wconf 91' lang='lat' dir='ltr'><strong>et</strong></span> 
     </span>
    </p>
   </div>
   <div class='ocr_carea' id='block_1_11' title="bbox 389 1182 2034 1260">
    <p class='ocr_par' dir='ltr' id='par_1_11' title="bbox 389 1182 2034 1260">
     <span class='ocr_line' id='line_1_11' title="bbox 389 1182 2034 1260; baseline -0.012 -10"><span class='ocrx_word' id='word_1_65' title='bbox 389 1197 649 1257; x_wconf 79' lang='lat' dir='ltr'><strong>Crocum,</strong></span> <span class='ocrx_word' id='word_1_66' title='bbox 683 1190 779 1260; x_wconf 89' lang='lat' dir='ltr'><strong>qui</strong></span> <span class='ocrx_word' id='word_1_67' title='bbox 811 1192 1079 1244; x_wconf 90' lang='lat' dir='ltr'><strong>sanctum</strong></span> <span class='ocrx_word' id='word_1_68' title='bbox 1107 1188 1422 1256; x_wconf 73' lang='lat' dir='ltr'><strong>martyrem</strong></span> <span class='ocrx_word' id='word_1_69' title='bbox 1458 1182 1696 1237; x_wconf 79' lang='lat' dir='ltr'><strong>Romam</strong></span> <span class='ocrx_word' id='word_1_70' title='bbox 1723 1193 1910 1249; x_wconf 88' lang='lat' dir='ltr'><strong>usque</strong></span> <span class='ocrx_word' id='word_1_71' title='bbox 1935 1195 2034 1233; x_wconf 82' lang='lat' dir='ltr'><strong>as-</strong></span> 
     </span>
    </p>
   </div>
   <div class='ocr_carea' id='block_1_12' title="bbox 395 1266 2038 1347">
    <p class='ocr_par' dir='ltr' id='par_1_12' title="bbox 395 1266 2038 1347">
     <span class='ocr_line' id='line_1_12' title="bbox 395 1266 2038 1347; baseline -0.011 -10"><span class='ocrx_word' id='word_1_72' title='bbox 395 1285 649 1337; x_wconf 90' lang='lat' dir='ltr'><strong>sectatus</strong></span> <span class='ocrx_word' id='word_1_73' title='bbox 683 1278 862 1333; x_wconf 77' lang='lat' dir='ltr'><strong>fuisse</strong></span> <span class='ocrx_word' id='word_1_74' title='bbox 897 1274 1256 1347; x_wconf 84' lang='lat' dir='ltr'><strong>perhibetur.</strong></span> <span class='ocrx_word' id='word_1_75' title='bbox 1291 1271 1434 1341; x_wconf 85' lang='lat' dir='ltr'><strong>Ejus</strong></span> <span class='ocrx_word' id='word_1_76' title='bbox 1467 1270 1624 1325; x_wconf 89' lang='lat' dir='ltr'><strong>enim</strong></span> <span class='ocrx_word' id='word_1_77' title='bbox 1679 1266 1946 1322; x_wconf 84' lang='lat' dir='ltr'><strong>meminit</strong></span> <span class='ocrx_word' id='word_1_78' title='bbox 1979 1266 2038 1320; x_wconf 89' lang='lat' dir='ltr'><strong>in</strong></span> 
     </span>
    </p>
   </div>
   <div class='ocr_carea' id='block_1_13' title="bbox 392 1349 2040 1440">
    <p class='ocr_par' dir='ltr' id='par_1_13' title="bbox 392 1349 2040 1440">
     <span class='ocr_line' id='line_1_13' title="bbox 392 1349 2040 1440; baseline -0.012 -15"><span class='ocrx_word' id='word_1_79' title='bbox 392 1367 638 1440; x_wconf 83' lang='lat' dir='ltr'><strong>cpistola</strong></span> <span class='ocrx_word' id='word_1_80' title='bbox 692 1365 764 1421; x_wconf 76' lang='lat' dir='ltr'><strong>ad</strong></span> <span class='ocrx_word' id='word_1_81' title='bbox 813 1365 1107 1420; x_wconf 80' lang='lat' dir='ltr'><strong>Romanos</strong></span> <span class='ocrx_word' id='word_1_82' title='bbox 1167 1359 1260 1415; x_wconf 91' lang='lat' dir='ltr'><strong>his</strong></span> <span class='ocrx_word' id='word_1_83' title='bbox 1293 1357 1484 1413; x_wconf 84' lang='lat' dir='ltr'><strong>verbis</strong></span> <span class='ocrx_word' id='word_1_84' title='bbox 1534 1356 1648 1429; x_wconf 83' lang='lat' dir='ltr'>(6i)</span> <span class='ocrx_word' id='word_1_85' title='bbox 1686 1374 1698 1411; x_wconf 89' lang='lat'>:</span> <span class='ocrx_word' id='word_1_86' title='bbox 1734 1355 1928 1432; x_wconf 76' lang='grc' dir='ltr'><strong>Γράφω</strong></span> <span class='ocrx_word' id='word_1_87' title='bbox 1983 1349 2040 1406; x_wconf 78' lang='grc' dir='ltr'><strong>δὲ</strong></span> 
     </span>
    </p>
   </div>
   <div class='ocr_carea' id='block_1_14' title="bbox 397 1441 2036 1530">
    <p class='ocr_par' dir='ltr' id='par_1_14' title="bbox 397 1441 2036 1530">
     <span class='ocr_line' id='line_1_14' title="bbox 397 1441 2036 1530; baseline 0.001 -36"><span class='ocrx_word' id='word_1_88' title='bbox 397 1459 522 1530; x_wconf 58' lang='grc' dir='ltr'>ὑμῖν</span> <span class='ocrx_word' id='word_1_89' title='bbox 550 1459 717 1510; x_wconf 65' lang='grc' dir='ltr'>ταῇτα</span> <span class='ocrx_word' id='word_1_90' title='bbox 747 1453 853 1508; x_wconf 63' lang='grc' dir='ltr'>ἀπὸ</span> <span class='ocrx_word' id='word_1_91' title='bbox 894 1451 1166 1526; x_wconf 69' lang='grc' dir='ltr'><strong>Σμῦρνης,</strong></span> <span class='ocrx_word' id='word_1_92' title='bbox 1199 1450 1353 1504; x_wconf 83' lang='grc' dir='ltr'><strong>Ἔστι</strong></span> <span class='ocrx_word' id='word_1_93' title='bbox 1391 1444 1447 1500; x_wconf 65' lang='grc' dir='ltr'><strong>δὲ</strong></span> <span class='ocrx_word' id='word_1_94' title='bbox 1503 1445 1591 1500; x_wconf 68' lang='grc' dir='ltr'>καὶ</span> <span class='ocrx_word' id='word_1_95' title='bbox 1621 1443 1734 1518; x_wconf 74' lang='grc' dir='ltr'><strong>ἅμα</strong></span> <span class='ocrx_word' id='word_1_96' title='bbox 1789 1443 1913 1516; x_wconf 77' lang='grc' dir='ltr'>ἐμοὶ</span> <span class='ocrx_word' id='word_1_97' title='bbox 1945 1441 2036 1497; x_wconf 70' lang='grc' dir='ltr'><strong>σὺν</strong></span> 
     </span>
    </p>
   </div>
   <div class='ocr_carea' id='block_1_15' title="bbox 395 1530 2042 1615">
    <p class='ocr_par' dir='ltr' id='par_1_15' title="bbox 395 1530 2042 1615">
     <span class='ocr_line' id='line_1_15' title="bbox 395 1530 2042 1615; baseline -0.007 -15"><span class='ocrx_word' id='word_1_98' title='bbox 395 1545 590 1605; x_wconf 72' lang='grc' dir='ltr'>ἄλλοις</span> <span class='ocrx_word' id='word_1_99' title='bbox 621 1541 858 1604; x_wconf 75' lang='grc' dir='ltr'>πολλοῖς</span> <span class='ocrx_word' id='word_1_100' title='bbox 891 1539 1104 1615; x_wconf 79' lang='grc' dir='ltr'>Κρόκος</span> <span class='ocrx_word' id='word_1_101' title='bbox 1136 1539 1198 1594; x_wconf 86' lang='grc' dir='ltr'>τὸ</span> <span class='ocrx_word' id='word_1_102' title='bbox 1221 1535 1463 1607; x_wconf 78' lang='grc' dir='ltr'>ποθητόν</span> <span class='ocrx_word' id='word_1_103' title='bbox 1514 1530 1606 1609; x_wconf 72' lang='grc' dir='ltr'><strong>μῖοι</strong></span> <span class='ocrx_word' id='word_1_104' title='bbox 1640 1531 1834 1607; x_wconf 76' lang='grc' dir='ltr'><strong>ὄνομα.</strong></span> <span class='ocrx_word' id='word_1_105' title='bbox 1871 1540 2042 1590; x_wconf 88' lang='lat' dir='ltr'><strong>Porro</strong></span> 
     </span>
    </p>
   </div>
   <div class='ocr_carea' id='block_1_16' title="bbox 394 1631 2043 1704">
    <p class='ocr_par' dir='ltr' id='par_1_16' title="bbox 394 1631 2043 1704">
     <span class='ocr_line' id='line_1_16' title="bbox 394 1631 2043 1704; baseline -0.009 -11"><span class='ocrx_word' id='word_1_106' title='bbox 394 1641 512 1695; x_wconf 68' lang='lat' dir='ltr'><strong>haec</strong></span> <span class='ocrx_word' id='word_1_107' title='bbox 538 1636 713 1692; x_wconf 87' lang='lat' dir='ltr'><strong>scribo</strong></span> <span class='ocrx_word' id='word_1_108' title='bbox 751 1635 899 1690; x_wconf 87' lang='lat' dir='ltr'><strong>vobis</strong></span> <span class='ocrx_word' id='word_1_109' title='bbox 927 1648 954 1688; x_wconf 86' lang='lat' dir='ltr'><strong>e</strong></span> <span class='ocrx_word' id='word_1_110' title='bbox 986 1633 1294 1704; x_wconf 86' lang='lat' dir='ltr'><strong>Smyrna...</strong></span> <span class='ocrx_word' id='word_1_111' title='bbox 1329 1633 1417 1685; x_wconf 83' lang='lat' dir='ltr'><strong>Est</strong></span> <span class='ocrx_word' id='word_1_112' title='bbox 1444 1636 1622 1684; x_wconf 81' lang='lat' dir='ltr'><strong>autent</strong></span> <span class='ocrx_word' id='word_1_113' title='bbox 1655 1631 1888 1696; x_wconf 50' lang='lat' dir='ltr'><strong>:mecum</strong></span> <span class='ocrx_word' id='word_1_114' title='bbox 1917 1641 2043 1680; x_wconf 82' lang='lat' dir='ltr'><strong>cum</strong></span> 
     </span>
    </p>
   </div>
   <div class='ocr_carea' id='block_1_17' title="bbox 394 1714 2042 1790">
    <p class='ocr_par' dir='ltr' id='par_1_17' title="bbox 394 1714 2042 1790">
     <span class='ocr_line' id='line_1_17' title="bbox 394 1714 2042 1790; baseline -0.008 -8"><span class='ocrx_word' id='word_1_115' title='bbox 394 1727 524 1783; x_wconf 86' lang='lat' dir='ltr'><strong>aliis</strong></span> <span class='ocrx_word' id='word_1_116' title='bbox 576 1725 773 1780; x_wconf 86' lang='lat' dir='ltr'><strong>multis</strong></span> <span class='ocrx_word' id='word_1_117' title='bbox 800 1727 852 1778; x_wconf 89' lang='lat' dir='ltr'><strong>et</strong></span> <span class='ocrx_word' id='word_1_118' title='bbox 903 1722 1122 1790; x_wconf 76' lang='lat' dir='ltr'><strong>Crocur,</strong></span> <span class='ocrx_word' id='word_1_119' title='bbox 1182 1719 1566 1775; x_wconf 80' lang='lat' dir='ltr'><strong>desideratum</strong></span> <span class='ocrx_word' id='word_1_120' title='bbox 1598 1714 1741 1772; x_wconf 85' lang='lat' dir='ltr'><strong>mihi</strong></span> <span class='ocrx_word' id='word_1_121' title='bbox 1794 1731 1993 1770; x_wconf 87' lang='lat' dir='ltr'><strong>nomen</strong></span> <span class='ocrx_word' id='word_1_122' title='bbox 2023 1730 2042 1768; x_wconf 91' lang='lat'><strong><em>:</em></strong></span> 
     </span>
    </p>
   </div>
   <div class='ocr_carea' id='block_1_18' title="bbox 397 1803 2038 1885">
    <p class='ocr_par' dir='ltr' id='par_1_18' title="bbox 397 1803 2038 1885">
     <span class='ocr_line' id='line_1_18' title="bbox 397 1803 2038 1885; baseline -0.007 -14"><span class='ocrx_word' id='word_1_123' title='bbox 397 1821 461 1870; x_wconf 88' lang='lat' dir='ltr'><strong>ut</strong></span> <span class='ocrx_word' id='word_1_124' title='bbox 492 1814 733 1885; x_wconf 86' lang='lat' dir='ltr'><strong>proinde</strong></span> <span class='ocrx_word' id='word_1_125' title='bbox 755 1812 992 1882; x_wconf 89' lang='lat' dir='ltr'><strong>quinam</strong></span> <span class='ocrx_word' id='word_1_126' title='bbox 1023 1826 1121 1865; x_wconf 87' lang='lat' dir='ltr'><strong>seu</strong></span> <span class='ocrx_word' id='word_1_127' title='bbox 1171 1812 1452 1880; x_wconf 84' lang='lat' dir='ltr'><strong>quotnam</strong></span> <span class='ocrx_word' id='word_1_128' title='bbox 1500 1806 1622 1861; x_wconf 70' lang='lat' dir='ltr'><strong>haec</strong></span> <span class='ocrx_word' id='word_1_129' title='bbox 1651 1806 1792 1859; x_wconf 88' lang='lat' dir='ltr'><strong>Acta</strong></span> <span class='ocrx_word' id='word_1_130' title='bbox 1824 1803 2038 1859; x_wconf 89' lang='lat' dir='ltr'><strong>descri-</strong></span> 
     </span>
    </p>
   </div>
   <div class='ocr_carea' id='block_1_19' title="bbox 397 1893 2008 1978">
    <p class='ocr_par' dir='ltr' id='par_1_19' title="bbox 397 1893 2008 1978">
     <span class='ocr_line' id='line_1_19' title="bbox 397 1893 2008 1978; baseline -0.009 -18"><span class='ocrx_word' id='word_1_131' title='bbox 397 1906 638 1978; x_wconf 87' lang='lat' dir='ltr'><strong>pserint,</strong></span> <span class='ocrx_word' id='word_1_132' title='bbox 663 1917 903 1973; x_wconf 82' lang='lat' dir='ltr'><strong>prorsus</strong></span> <span class='ocrx_word' id='word_1_133' title='bbox 929 1916 1032 1954; x_wconf 91' lang='lat' dir='ltr'><strong>nos</strong></span> <span class='ocrx_word' id='word_1_134' title='bbox 1056 1898 1251 1953; x_wconf 85' lang='lat' dir='ltr'><strong>lateat.</strong></span> <span class='ocrx_word' id='word_1_135' title='bbox 1275 1897 1691 1951; x_wconf 85' lang='lat' dir='ltr'><strong>Verumtamen</strong></span> <span class='ocrx_word' id='word_1_136' title='bbox 1716 1909 1914 1948; x_wconf 90' lang='lat' dir='ltr'><strong>eorum</strong></span> <span class='ocrx_word' id='word_1_137' title='bbox 1953 1893 2008 1947; x_wconf 90' lang='lat' dir='ltr'><strong>in</strong></span> 
     </span>
    </p>
   </div>
   <div class='ocr_carea' id='block_1_20' title="bbox 395 1982 2037 2065">
    <p class='ocr_par' dir='ltr' id='par_1_20' title="bbox 395 1982 2037 2065">
     <span class='ocr_line' id='line_1_20' title="bbox 395 1982 2037 2065; baseline -0.009 -15"><span class='ocrx_word' id='word_1_138' title='bbox 395 1992 652 2065; x_wconf 86' lang='lat' dir='ltr'><strong>tegritati</strong></span> <span class='ocrx_word' id='word_1_139' title='bbox 689 1990 930 2046; x_wconf 88' lang='lat' dir='ltr'><strong>minime</strong></span> <span class='ocrx_word' id='word_1_140' title='bbox 960 1987 1221 2044; x_wconf 89' lang='lat' dir='ltr'><strong>omnium</strong></span> <span class='ocrx_word' id='word_1_141' title='bbox 1246 1987 1301 2041; x_wconf 90' lang='lat' dir='ltr'><strong>id</strong></span> <span class='ocrx_word' id='word_1_142' title='bbox 1325 1986 1555 2040; x_wconf 78' lang='lat' dir='ltr'><strong>ol&#39;iicere</strong></span> <span class='ocrx_word' id='word_1_143' title='bbox 1589 1982 1759 2053; x_wconf 87' lang='lat' dir='ltr'><strong>plane</strong></span> <span class='ocrx_word' id='word_1_144' title='bbox 1791 1985 2037 2049; x_wconf 86' lang='lat' dir='ltr'><strong>constat,</strong></span> 
     </span>
    </p>
   </div>
   <div class='ocr_carea' id='block_1_21' title="bbox 392 2072 2037 2152">
    <p class='ocr_par' dir='ltr' id='par_1_21' title="bbox 392 2072 2037 2152">
     <span class='ocr_line' id='line_1_21' title="bbox 392 2072 2037 2152; baseline -0.008 -13"><span class='ocrx_word' id='word_1_145' title='bbox 392 2100 526 2140; x_wconf 88' lang='lat' dir='ltr'><strong>cum</strong></span> <span class='ocrx_word' id='word_1_146' title='bbox 559 2087 614 2137; x_wconf 89' lang='lat' dir='ltr'><strong>et</strong></span> <span class='ocrx_word' id='word_1_147' title='bbox 643 2081 757 2136; x_wconf 87' lang='lat' dir='ltr'><strong>alia</strong></span> <span class='ocrx_word' id='word_1_148' title='bbox 788 2080 956 2152; x_wconf 89' lang='lat' dir='ltr'><strong>plura</strong></span> <span class='ocrx_word' id='word_1_149' title='bbox 989 2083 1312 2150; x_wconf 86' lang='lat' dir='ltr'><strong>martyrum</strong></span> <span class='ocrx_word' id='word_1_150' title='bbox 1345 2079 1486 2132; x_wconf 88' lang='lat' dir='ltr'><strong>Acta</strong></span> <span class='ocrx_word' id='word_1_151' title='bbox 1516 2075 1743 2130; x_wconf 88' lang='lat' dir='ltr'><strong>sincera</strong></span> <span class='ocrx_word' id='word_1_152' title='bbox 1772 2073 1904 2145; x_wconf 90' lang='lat' dir='ltr'><strong>quis</strong></span> <span class='ocrx_word' id='word_1_153' title='bbox 1946 2072 2037 2127; x_wconf 87' lang='lat' dir='ltr'><strong>lit-</strong></span> 
     </span>
    </p>
   </div>
   <div class='ocr_carea' id='block_1_22' title="bbox 392 2161 2038 2242">
    <p class='ocr_par' dir='ltr' id='par_1_22' title="bbox 392 2161 2038 2242">
     <span class='ocr_line' id='line_1_22' title="bbox 392 2161 2038 2242; baseline -0.007 -15"><span class='ocrx_word' id='word_1_154' title='bbox 392 2173 529 2228; x_wconf 90' lang='lat' dir='ltr'><strong>leris</strong></span> <span class='ocrx_word' id='word_1_155' title='bbox 562 2171 942 2242; x_wconf 87' lang='lat' dir='ltr'><strong>eonsignarit,</strong></span> <span class='ocrx_word' id='word_1_156' title='bbox 978 2167 1322 2240; x_wconf 88' lang='lat' dir='ltr'><strong>plerumque</strong></span> <span class='ocrx_word' id='word_1_157' title='bbox 1367 2167 1725 2237; x_wconf 88' lang='lat' dir='ltr'><strong>ignoremus.</strong></span> <span class='ocrx_word' id='word_1_158' title='bbox 1758 2161 2038 2218; x_wconf 90' lang='lat' dir='ltr'><strong>Nonnulli</strong></span> 
     </span>
    </p>
   </div>
   <div class='ocr_carea' id='block_1_23' title="bbox 402 2255 2043 2333">
    <p class='ocr_par' dir='ltr' id='par_1_23' title="bbox 402 2255 2043 2333">
     <span class='ocr_line' id='line_1_23' title="bbox 402 2255 2043 2333; baseline -0.005 -18"><span class='ocrx_word' id='word_1_159' title='bbox 402 2261 638 2333; x_wconf 89' lang='lat' dir='ltr'><strong>quidem</strong></span> <span class='ocrx_word' id='word_1_160' title='bbox 673 2260 884 2314; x_wconf 88' lang='lat' dir='ltr'><strong>horum</strong></span> <span class='ocrx_word' id='word_1_161' title='bbox 914 2259 1189 2312; x_wconf 86' lang='lat' dir='ltr'><strong>Actorum</strong></span> <span class='ocrx_word' id='word_1_162' title='bbox 1214 2255 1513 2310; x_wconf 89' lang='lat' dir='ltr'><strong>veritatem</strong></span> <span class='ocrx_word' id='word_1_163' title='bbox 1542 2270 1882 2326; x_wconf 84' lang='lat' dir='ltr'><strong>oppugnare</strong></span> <span class='ocrx_word' id='word_1_164' title='bbox 1905 2255 2043 2308; x_wconf 89' lang='lat' dir='ltr'><strong>sunt</strong></span> 
     </span>
    </p>
   </div>
   <div class='ocr_carea' id='block_1_24' title="bbox 395 2341 2038 2421">
    <p class='ocr_par' dir='ltr' id='par_1_24' title="bbox 395 2341 2038 2421">
     <span class='ocr_line' id='line_1_24' title="bbox 395 2341 2038 2421; baseline -0.005 -17"><span class='ocrx_word' id='word_1_165' title='bbox 395 2348 678 2421; x_wconf 84' lang='lat' dir='ltr'><strong>aggressi,</strong></span> <span class='ocrx_word' id='word_1_166' title='bbox 714 2363 859 2418; x_wconf 91' lang='lat' dir='ltr'><strong>quos</strong></span> <span class='ocrx_word' id='word_1_167' title='bbox 881 2347 1031 2400; x_wconf 87' lang='lat' dir='ltr'><strong>inter</strong></span> <span class='ocrx_word' id='word_1_168' title='bbox 1056 2345 1275 2416; x_wconf 84' lang='lat' dir='ltr'><strong>primas</strong></span> <span class='ocrx_word' id='word_1_169' title='bbox 1298 2344 1445 2398; x_wconf 79' lang='lat' dir='ltr'><strong>ferre</strong></span> <span class='ocrx_word' id='word_1_170' title='bbox 1471 2343 1830 2414; x_wconf 89' lang='lat' dir='ltr'><strong>comperitur</strong></span> <span class='ocrx_word' id='word_1_171' title='bbox 1856 2341 2038 2397; x_wconf 84' lang='lat' dir='ltr'><strong>Oudi-</strong></span> 
     </span>
    </p>
   </div>
   <div class='ocr_carea' id='block_1_25' title="bbox 393 2432 2042 2509">
    <p class='ocr_par' dir='ltr' id='par_1_25' title="bbox 393 2432 2042 2509">
     <span class='ocr_line' id='line_1_25' title="bbox 393 2432 2042 2509; baseline -0.005 -15"><span class='ocrx_word' id='word_1_172' title='bbox 393 2456 507 2494; x_wconf 91' lang='lat' dir='ltr'><strong>nus</strong></span> <span class='ocrx_word' id='word_1_173' title='bbox 540 2455 552 2492; x_wconf 91' lang='lat'><strong>:</strong></span> <span class='ocrx_word' id='word_1_174' title='bbox 585 2439 714 2509; x_wconf 87' lang='lat' dir='ltr'><strong>ejus</strong></span> <span class='ocrx_word' id='word_1_175' title='bbox 748 2437 904 2492; x_wconf 90' lang='lat' dir='ltr'><strong>enim</strong></span> <span class='ocrx_word' id='word_1_176' title='bbox 938 2433 1290 2490; x_wconf 80' lang='lat' dir='ltr'><strong>conﬁdentia</strong></span> <span class='ocrx_word' id='word_1_177' title='bbox 1319 2449 1385 2488; x_wconf 95' lang='lat' dir='ltr'><strong>eo</strong></span> <span class='ocrx_word' id='word_1_178' title='bbox 1426 2449 1612 2504; x_wconf 89' lang='lat' dir='ltr'><strong>usque</strong></span> <span class='ocrx_word' id='word_1_179' title='bbox 1639 2432 1943 2504; x_wconf 86' lang='lat' dir='ltr'><strong>processit,</strong></span> <span class='ocrx_word' id='word_1_180' title='bbox 1978 2436 2042 2486; x_wconf 88' lang='lat' dir='ltr'><strong>ut</strong></span> 
     </span>
    </p>
   </div>
   <div class='ocr_carea' id='block_1_26' title="bbox 393 2521 2042 2599">
    <p class='ocr_par' dir='ltr' id='par_1_26' title="bbox 393 2521 2042 2599">
     <span class='ocr_line' id='line_1_26' title="bbox 393 2521 2042 2599; baseline -0.006 -14"><span class='ocrx_word' id='word_1_181' title='bbox 393 2530 450 2585; x_wconf 86' lang='lat' dir='ltr'><strong>S.</strong></span> <span class='ocrx_word' id='word_1_182' title='bbox 483 2527 775 2599; x_wconf 85' lang='lat' dir='ltr'><strong>lgnatium</strong></span> <span class='ocrx_word' id='word_1_183' title='bbox 807 2523 1124 2580; x_wconf 69' lang='lat' dir='ltr'><strong>Antiochiae</strong></span> <span class='ocrx_word' id='word_1_184' title='bbox 1156 2525 1214 2577; x_wconf 86' lang='lat' dir='ltr'><strong>in</strong></span> <span class='ocrx_word' id='word_1_185' title='bbox 1251 2537 1387 2594; x_wconf 86' lang='lat' dir='ltr'><strong>pace</strong></span> <span class='ocrx_word' id='word_1_186' title='bbox 1419 2521 1741 2576; x_wconf 86' lang='lat' dir='ltr'><strong>decessisse</strong></span> <span class='ocrx_word' id='word_1_187' title='bbox 1787 2521 2042 2590; x_wconf 86' lang='lat' dir='ltr'><strong>conjece-</strong></span> 
     </span>
    </p>
   </div>
   <div class='ocr_carea' id='block_1_27' title="bbox 393 2607 2038 2687">
    <p class='ocr_par' dir='ltr' id='par_1_27' title="bbox 393 2607 2038 2687">
     <span class='ocr_line' id='line_1_27' title="bbox 393 2607 2038 2687; baseline -0.005 -16"><span class='ocrx_word' id='word_1_188' title='bbox 393 2615 468 2672; x_wconf 89' lang='lat' dir='ltr'><strong>rit</strong></span> <span class='ocrx_word' id='word_1_189' title='bbox 492 2617 606 2687; x_wconf 88' lang='lat'>(62)</span> <span class='ocrx_word' id='word_1_190' title='bbox 641 2640 655 2683; x_wconf 87' lang='lat'><strong>;</strong></span> <span class='ocrx_word' id='word_1_191' title='bbox 690 2612 966 2686; x_wconf 84' lang='lat' dir='ltr'><strong>Scaligeri</strong></span> <span class='ocrx_word' id='word_1_192' title='bbox 1024 2613 1166 2668; x_wconf 77' lang='lat' dir='ltr'><strong>forte</strong></span> <span class='ocrx_word' id='word_1_193' title='bbox 1218 2611 1511 2665; x_wconf 84' lang='lat' dir='ltr'><strong>dubietate</strong></span> <span class='ocrx_word' id='word_1_194' title='bbox 1572 2613 1895 2681; x_wconf 89' lang='lat' dir='ltr'><strong>permotus,</strong></span> <span class='ocrx_word' id='word_1_195' title='bbox 1938 2607 2038 2680; x_wconf 90' lang='lat' dir='ltr'><strong>qui</strong></span> 
     </span>
    </p>
   </div>
   <div class='ocr_carea' id='block_1_28' title="bbox 392 2697 2041 2776">
    <p class='ocr_par' dir='ltr' id='par_1_28' title="bbox 392 2697 2041 2776">
     <span class='ocr_line' id='line_1_28' title="bbox 392 2697 2041 2776; baseline -0.005 -14"><span class='ocrx_word' id='word_1_196' title='bbox 392 2706 533 2762; x_wconf 91' lang='lat' dir='ltr'><strong>olim</strong></span> <span class='ocrx_word' id='word_1_197' title='bbox 565 2704 790 2761; x_wconf 89' lang='lat' dir='ltr'><strong>edoceri</strong></span> <span class='ocrx_word' id='word_1_198' title='bbox 827 2703 1059 2776; x_wconf 85' lang='lat' dir='ltr'><strong>petebat</strong></span> <span class='ocrx_word' id='word_1_199' title='bbox 1087 2718 1192 2756; x_wconf 89' lang='lat' dir='ltr'><strong>cur</strong></span> <span class='ocrx_word' id='word_1_200' title='bbox 1242 2701 1480 2754; x_wconf 82' lang='lat' dir='ltr'><strong>domum</strong></span> <span class='ocrx_word' id='word_1_201' title='bbox 1529 2699 1791 2770; x_wconf 90' lang='lat' dir='ltr'><strong>lgnatius</strong></span> <span class='ocrx_word' id='word_1_202' title='bbox 1822 2715 1850 2752; x_wconf 90' lang='lat' dir='ltr'><strong>e</strong></span> <span class='ocrx_word' id='word_1_203' title='bbox 1879 2697 2041 2770; x_wconf 88' lang='lat' dir='ltr'><strong>Syria</strong></span> 
     </span>
    </p>
   </div>
   <div class='ocr_carea' id='block_1_29' title="bbox 393 2791 2038 2863">
    <p class='ocr_par' dir='ltr' id='par_1_29' title="bbox 393 2791 2038 2863">
     <span class='ocr_line' id='line_1_29' title="bbox 393 2791 2038 2863; baseline -0.006 -9"><span class='ocrx_word' id='word_1_204' title='bbox 393 2797 569 2854; x_wconf 87' lang='lat' dir='ltr'><strong>luerit</strong></span> <span class='ocrx_word' id='word_1_205' title='bbox 617 2798 855 2852; x_wconf 79' lang='lat' dir='ltr'><strong>Romam</strong></span> <span class='ocrx_word' id='word_1_206' title='bbox 893 2795 1176 2851; x_wconf 88' lang='lat' dir='ltr'><strong>deductus</strong></span> <span class='ocrx_word' id='word_1_207' title='bbox 1227 2793 1242 2863; x_wconf 96' lang='lat'><strong>(</strong></span> <span class='ocrx_word' id='word_1_208' title='bbox 1285 2793 1360 2863; x_wconf 91' lang='lat'><strong>3).</strong></span> <span class='ocrx_word' id='word_1_209' title='bbox 1395 2794 1607 2847; x_wconf 88' lang='lat' dir='ltr'><strong>Verum</strong></span> <span class='ocrx_word' id='word_1_210' title='bbox 1658 2791 1868 2848; x_wconf 90' lang='lat' dir='ltr'><strong>Oudini</strong></span> <span class='ocrx_word' id='word_1_211' title='bbox 1903 2807 2038 2845; x_wconf 84' lang='lat' dir='ltr'><strong>sen-</strong></span> 
     </span>
    </p>
   </div>
   <div class='ocr_carea' id='block_1_30' title="bbox 393 2881 2039 2957">
    <p class='ocr_par' dir='ltr' id='par_1_30' title="bbox 393 2881 2039 2957">
     <span class='ocr_line' id='line_1_30' title="bbox 393 2881 2039 2957; baseline -0.004 -16"><span class='ocrx_word' id='word_1_212' title='bbox 393 2887 652 2956; x_wconf 88' lang='lat' dir='ltr'><strong>tentiam,</strong></span> <span class='ocrx_word' id='word_1_213' title='bbox 678 2901 851 2957; x_wconf 89' lang='lat' dir='ltr'><strong>quam</strong></span> <span class='ocrx_word' id='word_1_214' title='bbox 868 2883 1023 2939; x_wconf 88' lang='lat' dir='ltr'><strong>haud</strong></span> <span class='ocrx_word' id='word_1_215' title='bbox 1041 2883 1119 2938; x_wconf 86' lang='lat' dir='ltr'><strong>ita</strong></span> <span class='ocrx_word' id='word_1_216' title='bbox 1142 2881 1364 2954; x_wconf 87' lang='lat' dir='ltr'><strong>pridem</strong></span> <span class='ocrx_word' id='word_1_217' title='bbox 1392 2883 1772 2936; x_wconf 88' lang='lat' dir='ltr'><strong>Heumannus</strong></span> <span class='ocrx_word' id='word_1_218' title='bbox 1791 2881 2039 2951; x_wconf 81' lang='lat' dir='ltr'><strong>quoque</strong></span> 
     </span>
    </p>
   </div>
   <div class='ocr_carea' id='block_1_31' title="bbox 395 2969 2036 3046">
    <p class='ocr_par' dir='ltr' id='par_1_31' title="bbox 395 2969 2036 3046">
     <span class='ocr_line' id='line_1_31' title="bbox 395 2969 2036 3046; baseline -0.005 -16"><span class='ocrx_word' id='word_1_219' title='bbox 395 2976 742 3033; x_wconf 86' lang='lat' dir='ltr'><strong>instauravit</strong></span> <span class='ocrx_word' id='word_1_220' title='bbox 771 2973 914 3046; x_wconf 83' lang='grc'>(64),</span> <span class='ocrx_word' id='word_1_221' title='bbox 944 2973 1208 3027; x_wconf 86' lang='lat' dir='ltr'><strong>funditus</strong></span> <span class='ocrx_word' id='word_1_222' title='bbox 1233 2969 1432 3025; x_wconf 84' lang='lat' dir='ltr'><strong>evertit</strong></span> <span class='ocrx_word' id='word_1_223' title='bbox 1456 2969 1540 3025; x_wconf 89' lang='lat' dir='ltr'><strong>vir</strong></span> <span class='ocrx_word' id='word_1_224' title='bbox 1559 2969 1764 3024; x_wconf 91' lang='lat' dir='ltr'><strong>doctus</strong></span> <span class='ocrx_word' id='word_1_225' title='bbox 1794 2969 1902 3040; x_wconf 90' lang='lat'><strong>(65)</strong></span> <span class='ocrx_word' id='word_1_226' title='bbox 1938 2985 2036 3022; x_wconf 89' lang='lat' dir='ltr'><strong>su-</strong></span> 
     </span>
    </p>
   </div>
   <div class='ocr_carea' id='block_1_32' title="bbox 391 3062 1126 3137">
    <p class='ocr_par' dir='ltr' id='par_1_32' title="bbox 391 3062 1126 3137">
     <span class='ocr_line' id='line_1_32' title="bbox 391 3062 1126 3137; baseline -0.007 -16"><span class='ocrx_word' id='word_1_227' title='bbox 391 3065 589 3137; x_wconf 89' lang='lat' dir='ltr'><strong>perius</strong></span> <span class='ocrx_word' id='word_1_228' title='bbox 622 3063 788 3119; x_wconf 90' lang='lat' dir='ltr'><strong>nobis</strong></span> <span class='ocrx_word' id='word_1_229' title='bbox 833 3062 1126 3118; x_wconf 86' lang='lat' dir='ltr'><strong>laudatus.</strong></span> 
     </span>
    </p>
   </div>
   <div class='ocr_carea' id='block_1_33' title="bbox 1033 3221 1394 3278">
    <p class='ocr_par' dir='ltr' id='par_1_33' title="bbox 1033 3221 1394 3278">
     <span class='ocr_line' id='line_1_33' title="bbox 1033 3221 1394 3278; baseline 0.011 -4"><span class='ocrx_word' id='word_1_230' title='bbox 1033 3221 1266 3278; x_wconf 84' lang='lat' dir='ltr'><strong>CAPUT</strong></span> <span class='ocrx_word' id='word_1_231' title='bbox 1299 3221 1394 3278; x_wconf 86' lang='lat' dir='ltr'><strong>VI.</strong></span> 
     </span>
    </p>
   </div>
   <div class='ocr_carea' id='block_1_34' title="bbox 392 3356 2031 3434">
    <p class='ocr_par' dir='ltr' id='par_1_34' title="bbox 392 3356 2031 3434">
     <span class='ocr_line' id='line_1_34' title="bbox 392 3356 2031 3434; baseline -0.008 -13"><span class='ocrx_word' id='word_1_232' title='bbox 392 3367 467 3421; x_wconf 88' lang='lat' dir='ltr'><strong>De</strong></span> <span class='ocrx_word' id='word_1_233' title='bbox 495 3372 732 3421; x_wconf 73' lang='lat' dir='ltr'><strong>tempore</strong></span> <span class='ocrx_word' id='word_1_234' title='bbox 761 3377 867 3434; x_wconf 87' lang='lat' dir='ltr'><strong>quo</strong></span> <span class='ocrx_word' id='word_1_235' title='bbox 903 3364 1127 3434; x_wconf 82' lang='lat' dir='ltr'><strong>sanctus</strong></span> <span class='ocrx_word' id='word_1_236' title='bbox 1157 3363 1374 3434; x_wconf 79' lang='lat' dir='ltr'><strong>martyr</strong></span> <span class='ocrx_word' id='word_1_237' title='bbox 1416 3373 1606 3434; x_wconf 84' lang='lat' dir='ltr'><strong>passus</strong></span> <span class='ocrx_word' id='word_1_238' title='bbox 1651 3356 2031 3434; x_wconf 62' lang='lat' dir='ltr'><strong>existimatur,</strong></span> 
     </span>
    </p>
   </div>
   <div class='ocr_carea' id='block_1_35' title="bbox 455 3429 2033 3500">
    <p class='ocr_par' dir='ltr' id='par_1_35' title="bbox 455 3429 2033 3500">
     <span class='ocr_line' id='line_1_35' title="bbox 455 3429 2033 3500; baseline -0.006 -9"><span class='ocrx_word' id='word_1_239' title='bbox 455 3436 583 3492; x_wconf 67' lang='lat' dir='ltr'><strong>duae</strong></span> <span class='ocrx_word' id='word_1_240' title='bbox 611 3429 871 3500; x_wconf 75' lang='lat' dir='ltr'><strong>feruntur</strong></span> <span class='ocrx_word' id='word_1_241' title='bbox 899 3431 1222 3488; x_wconf 77' lang='lat' dir='ltr'><strong>celebriores</strong></span> <span class='ocrx_word' id='word_1_242' title='bbox 1237 3431 1530 3485; x_wconf 72' lang='lat' dir='ltr'><strong>sententiae</strong></span> <span class='ocrx_word' id='word_1_243' title='bbox 1551 3447 1568 3483; x_wconf 89' lang='lat'><em>:</em></span> <span class='ocrx_word' id='word_1_244' title='bbox 1593 3445 1833 3500; x_wconf 86' lang='lat' dir='ltr'><strong>quarum</strong></span> <span class='ocrx_word' id='word_1_245' title='bbox 1855 3429 2033 3483; x_wconf 86' lang='lat' dir='ltr'><strong>altera</strong></span> 
     </span>
    </p>
   </div>
   <div class='ocr_carea' id='block_1_36' title="bbox 459 3500 2036 3577">
    <p class='ocr_par' dir='ltr' id='par_1_36' title="bbox 459 3500 2036 3577">
     <span class='ocr_line' id='line_1_36' title="bbox 459 3500 2036 3577; baseline -0.006 -16"><span class='ocrx_word' id='word_1_246' title='bbox 459 3500 699 3577; x_wconf 74' lang='lat' dir='ltr'><strong>eiusdem</strong></span> <span class='ocrx_word' id='word_1_247' title='bbox 752 3507 1084 3576; x_wconf 73' lang='lat' dir='ltr'><strong>martyrium</strong></span> <span class='ocrx_word' id='word_1_248' title='bbox 1119 3517 1273 3577; x_wconf 81' lang='lat' dir='ltr'><strong>anno</strong></span> <span class='ocrx_word' id='word_1_249' title='bbox 1304 3501 1437 3577; x_wconf 81' lang='lat' dir='ltr'><strong>_ll6,</strong></span> <span class='ocrx_word' id='word_1_250' title='bbox 1473 3501 1675 3577; x_wconf 74' lang='lat' dir='ltr'><strong>altera</strong></span> <span class='ocrx_word' id='word_1_251' title='bbox 1719 3500 1817 3577; x_wconf 81' lang='grc'><strong>107</strong></span> <span class='ocrx_word' id='word_1_252' title='bbox 1865 3501 2036 3577; x_wconf 81' lang='lat' dir='ltr'><strong>consi-</strong></span> 
     </span>
    </p>
   </div>
   <div class='ocr_carea' id='block_1_37' title="bbox 458 3571 2035 3648">
    <p class='ocr_par' dir='ltr' id='par_1_37' title="bbox 458 3571 2035 3648">
     <span class='ocr_line' id='line_1_37' title="bbox 458 3571 2035 3648; baseline -0.006 -16"><span class='ocrx_word' id='word_1_253' title='bbox 458 3571 610 3648; x_wconf 53' lang='lat' dir='ltr'><strong>g&#39;nat.</strong></span> <span class='ocrx_word' id='word_1_254' title='bbox 643 3571 918 3633; x_wconf 71' lang='lat' dir='ltr'><strong>Posterior</strong></span> <span class='ocrx_word' id='word_1_255' title='bbox 941 3575 1128 3644; x_wconf 79' lang='lat' dir='ltr'><strong>priori</strong></span> <span class='ocrx_word' id='word_1_256' title='bbox 1163 3573 1524 3648; x_wconf 54' lang='lat' dir='ltr'><strong>praeferenda</strong></span> <span class='ocrx_word' id='word_1_257' title='bbox 1583 3571 1801 3648; x_wconf 77' lang='lat' dir='ltr'><strong>videtur</strong></span> <span class='ocrx_word' id='word_1_258' title='bbox 1830 3588 1848 3624; x_wconf 92' lang='lat'><em>:</em></span> <span class='ocrx_word' id='word_1_259' title='bbox 1879 3571 2035 3648; x_wconf 79' lang='lat' dir='ltr'><strong>adeo-</strong></span> 
     </span>
    </p>
   </div>
   <div class='ocr_carea' id='block_1_38' title="bbox 459 3643 2035 3722">
    <p class='ocr_par' dir='ltr' id='par_1_38' title="bbox 459 3643 2035 3722">
     <span class='ocr_line' id='line_1_38' title="bbox 459 3643 2035 3722; baseline -0.005 -17"><span class='ocrx_word' id='word_1_260' title='bbox 459 3643 562 3722; x_wconf 63' lang='grc' dir='ltr'><strong>ἧκε</strong></span> <span class='ocrx_word' id='word_1_261' title='bbox 593 3649 710 3721; x_wconf 82' lang='lat' dir='ltr'><strong>ipso</strong></span> <span class='ocrx_word' id='word_1_262' title='bbox 739 3665 882 3722; x_wconf 82' lang='lat' dir='ltr'><strong>anno</strong></span> <span class='ocrx_word' id='word_1_263' title='bbox 908 3643 1006 3702; x_wconf 84' lang='grc'><strong>107</strong></span> <span class='ocrx_word' id='word_1_264' title='bbox 1035 3643 1309 3722; x_wconf 83' lang='lat' dir='ltr'><strong>currente.</strong></span> <span class='ocrx_word' id='word_1_265' title='bbox 1336 3643 1563 3722; x_wconf 67' lang='lat' dir='ltr'><strong>scriptae</strong></span> <span class='ocrx_word' id='word_1_266' title='bbox 1597 3643 2035 3722; x_wconf 66' lang='lat' dir='ltr'><strong>ducunturepi-</strong></span> 
     </span>
    </p>
   </div>
   <div class='ocr_carea' id='block_1_39' title="bbox 455 3715 2032 3791">
    <p class='ocr_par' dir='ltr' id='par_1_39' title="bbox 455 3715 2032 3791">
     <span class='ocr_line' id='line_1_39' title="bbox 455 3715 2032 3791; baseline -0.004 -14"><span class='ocrx_word' id='word_1_267' title='bbox 455 3715 946 3791; x_wconf 45' lang='lat' dir='ltr'><strong>statae&#39;lgnatianae</strong></span> <span class='ocrx_word' id='word_1_268' title='bbox 974 3737 996 3791; x_wconf 63' lang='grc' dir='ltr'><strong>,ἐ</strong></span> <span class='ocrx_word' id='word_1_269' title='bbox 1024 3719 1156 3774; x_wconf 82' lang='grc' dir='ltr'><strong>Ασια</strong></span> <span class='ocrx_word' id='word_1_270' title='bbox 1205 3733 1344 3791; x_wconf 67' lang='lat' dir='ltr'><strong>pero</strong></span> <span class='ocrx_word' id='word_1_271' title='bbox 1381 3715 1666 3786; x_wconf 78' lang='lat' dir='ltr'><strong>martyrii,</strong></span> <span class='ocrx_word' id='word_1_272' title='bbox 1699 3729 1844 3770; x_wconf 84' lang='lat' dir='ltr'><strong>anno</strong></span> <span class='ocrx_word' id='word_1_273' title='bbox 1885 3716 2032 3770; x_wconf 83' lang='lat' dir='ltr'><strong>inse-</strong></span> 
     </span>
    </p>
   </div>
   <div class='ocr_carea' id='block_1_40' title="bbox 455 3788 1674 3868">
    <p class='ocr_par' dir='ltr' id='par_1_40' title="bbox 455 3788 1674 3868">
     <span class='ocr_line' id='line_1_40' title="bbox 455 3788 1674 3868; baseline -0.007 -18"><span class='ocrx_word' id='word_1_274' title='bbox 455 3788 786 3868; x_wconf 41' lang='lat' dir='ltr'><strong>quente—108</strong></span> <span class='ocrx_word' id='word_1_275' title='bbox 818 3790 1018 3848; x_wconf 88' lang='lat' dir='ltr'><strong>litteris</strong></span> <span class='ocrx_word' id='word_1_276' title='bbox 1051 3788 1314 3845; x_wconf 88' lang='lat' dir='ltr'><strong>mandata</strong></span> <span class='ocrx_word' id='word_1_277' title='bbox 1367 3803 1674 3844; x_wconf 79' lang='lat' dir='ltr'><strong>censentur.</strong></span> 
     </span>
    </p>
   </div>
   <div class='ocr_carea' id='block_1_41' title="bbox 454 3947 2030 4018">
    <p class='ocr_par' dir='ltr' id='par_1_41' title="bbox 454 3947 2030 4018">
     <span class='ocr_line' id='line_1_41' title="bbox 454 3947 2030 4018; baseline -0.006 -8"><span class='ocrx_word' id='word_1_278' title='bbox 454 3956 722 4012; x_wconf 82' lang='lat' dir='ltr'><strong>Caeterum</strong></span> <span class='ocrx_word' id='word_1_279' title='bbox 753 3952 850 4008; x_wconf 82' lang='lat' dir='ltr'><strong>alii</strong></span> <span class='ocrx_word' id='word_1_280' title='bbox 882 3949 1239 4008; x_wconf 89' lang='lat' dir='ltr'><strong>cordatiores</strong></span> <span class='ocrx_word' id='word_1_281' title='bbox 1269 3947 1456 4003; x_wconf 91' lang='lat' dir='ltr'><strong>critici</strong></span> <span class='ocrx_word' id='word_1_282' title='bbox 1489 3963 1637 4018; x_wconf 89' lang='lat' dir='ltr'><strong>pura</strong></span> <span class='ocrx_word' id='word_1_283' title='bbox 1668 3949 1723 4001; x_wconf 93' lang='lat' dir='ltr'><strong>et</strong></span> <span class='ocrx_word' id='word_1_284' title='bbox 1746 3961 2030 4018; x_wconf 86' lang='lat' dir='ltr'><strong>germana</strong></span> 
     </span>
    </p>
   </div>
   <div class='ocr_carea' id='block_1_42' title="bbox 376 4035 2030 4109">
    <p class='ocr_par' dir='ltr' id='par_1_42' title="bbox 376 4035 2030 4109">
     <span class='ocr_line' id='line_1_42' title="bbox 376 4035 2030 4109; baseline -0.008 -6"><span class='ocrx_word' id='word_1_285' title='bbox 376 4047 577 4103; x_wconf 84' lang='lat' dir='ltr'><strong>eadem</strong></span> <span class='ocrx_word' id='word_1_286' title='bbox 610 4045 752 4098; x_wconf 88' lang='lat' dir='ltr'><strong>Acta</strong></span> <span class='ocrx_word' id='word_1_287' title='bbox 784 4059 910 4098; x_wconf 87' lang='lat' dir='ltr'><strong>esse</strong></span> <span class='ocrx_word' id='word_1_288' title='bbox 943 4043 1234 4104; x_wconf 89' lang='lat' dir='ltr'><strong>statuunt,</strong></span> <span class='ocrx_word' id='word_1_289' title='bbox 1269 4052 1458 4109; x_wconf 91' lang='lat' dir='ltr'><strong>neque</strong></span> <span class='ocrx_word' id='word_1_290' title='bbox 1483 4037 1618 4106; x_wconf 89' lang='lat' dir='ltr'><strong>jure</strong></span> <span class='ocrx_word' id='word_1_291' title='bbox 1649 4053 1682 4090; x_wconf 92' lang='lat' dir='ltr'><strong>a</strong></span> <span class='ocrx_word' id='word_1_292' title='bbox 1713 4035 2030 4107; x_wconf 60' lang='lat' dir='ltr'><strong>:quoquam</strong></span> 
     </span>
    </p>
   </div>
   <div class='ocr_carea' id='block_1_43' title="bbox 379 4124 2028 4198">
    <p class='ocr_par' dir='ltr' id='par_1_43' title="bbox 379 4124 2028 4198">
     <span class='ocr_line' id='line_1_43' title="bbox 379 4124 2028 4198; baseline -0.007 -9"><span class='ocrx_word' id='word_1_293' title='bbox 379 4131 770 4189; x_wconf 63' lang='lat' dir='ltr'><strong>sollicitanda.</strong></span> <span class='ocrx_word' id='word_1_294' title='bbox 803 4133 870 4183; x_wconf 86' lang='lat' dir='ltr'><strong>Et</strong></span> <span class='ocrx_word' id='word_1_295' title='bbox 902 4128 987 4182; x_wconf 89' lang='lat' dir='ltr'><strong>illi</strong></span> <span class='ocrx_word' id='word_1_296' title='bbox 1021 4126 1258 4198; x_wconf 88' lang='lat' dir='ltr'><strong>quidem</strong></span> <span class='ocrx_word' id='word_1_297' title='bbox 1295 4124 1656 4198; x_wconf 88' lang='lat' dir='ltr'><strong>paucissima</strong></span> <span class='ocrx_word' id='word_1_298' title='bbox 1707 4128 1937 4180; x_wconf 88' lang='lat' dir='ltr'><strong>tantum</strong></span> <span class='ocrx_word' id='word_1_299' title='bbox 1970 4124 2028 4178; x_wconf 91' lang='lat' dir='ltr'><strong>in</strong></span> 
     </span>
    </p>
   </div>
   <div class='ocr_carea' id='block_1_44' title="bbox 382 4213 2030 4285">
    <p class='ocr_par' dir='ltr' id='par_1_44' title="bbox 382 4213 2030 4285">
     <span class='ocr_line' id='line_1_44' title="bbox 382 4213 2030 4285; baseline -0.004 -11"><span class='ocrx_word' id='word_1_300' title='bbox 382 4223 456 4275; x_wconf 90' lang='lat' dir='ltr'><strong>iis</strong></span> <span class='ocrx_word' id='word_1_301' title='bbox 488 4219 625 4272; x_wconf 90' lang='lat' dir='ltr'><strong>vitio</strong></span> <span class='ocrx_word' id='word_1_302' title='bbox 656 4216 1030 4270; x_wconf 89' lang='lat' dir='ltr'><strong>librariorum</strong></span> <span class='ocrx_word' id='word_1_303' title='bbox 1063 4219 1342 4285; x_wconf 86' lang='lat' dir='ltr'><strong>corrupta</strong></span> <span class='ocrx_word' id='word_1_304' title='bbox 1375 4213 1549 4268; x_wconf 82' lang='lat' dir='ltr'><strong>fuisse</strong></span> <span class='ocrx_word' id='word_1_305' title='bbox 1579 4213 1927 4283; x_wconf 89' lang='lat' dir='ltr'><strong>conjectant,</strong></span> <span class='ocrx_word' id='word_1_306' title='bbox 1962 4230 2030 4268; x_wconf 88' lang='lat' dir='ltr'><strong>ea</strong></span> 
     </span>
    </p>
   </div>
   <div class='ocr_carea' id='block_1_45' title="bbox 387 4301 2030 4380">
    <p class='ocr_par' dir='ltr' id='par_1_45' title="bbox 387 4301 2030 4380">
     <span class='ocr_line' id='line_1_45' title="bbox 387 4301 2030 4380; baseline -0.003 -19"><span class='ocrx_word' id='word_1_307' title='bbox 387 4307 709 4380; x_wconf 69' lang='lat' dir='ltr'><strong>praesertim</strong></span> <span class='ocrx_word' id='word_1_308' title='bbox 744 4321 872 4376; x_wconf 69' lang='lat' dir='ltr'><strong>quae</strong></span> <span class='ocrx_word' id='word_1_309' title='bbox 907 4305 975 4359; x_wconf 91' lang='lat' dir='ltr'><strong>ad</strong></span> <span class='ocrx_word' id='word_1_310' title='bbox 1007 4318 1192 4358; x_wconf 87' lang='lat' dir='ltr'><strong>annos</strong></span> <span class='ocrx_word' id='word_1_311' title='bbox 1223 4301 1450 4374; x_wconf 90' lang='lat' dir='ltr'><strong>imperii</strong></span> <span class='ocrx_word' id='word_1_312' title='bbox 1475 4301 1705 4369; x_wconf 89' lang='lat' dir='ltr'><strong>Trajani</strong></span> <span class='ocrx_word' id='word_1_313' title='bbox 1739 4305 1794 4356; x_wconf 90' lang='lat' dir='ltr'><strong>et</strong></span> <span class='ocrx_word' id='word_1_314' title='bbox 1815 4318 2030 4356; x_wconf 89' lang='lat' dir='ltr'><strong>consu-</strong></span> 
     </span>
    </p>
   </div>
   <div class='ocr_carea' id='block_1_46' title="bbox 387 4387 2026 4464">
    <p class='ocr_par' dir='ltr' id='par_1_46' title="bbox 387 4387 2026 4464">
     <span class='ocr_line' id='line_1_46' title="bbox 387 4387 2026 4464; baseline -0.004 -11"><span class='ocrx_word' id='word_1_315' title='bbox 387 4397 506 4454; x_wconf 89' lang='lat' dir='ltr'><strong>lum</strong></span> <span class='ocrx_word' id='word_1_316' title='bbox 582 4395 937 4452; x_wconf 86' lang='lat' dir='ltr'><strong>notationem</strong></span> <span class='ocrx_word' id='word_1_317' title='bbox 993 4389 1397 4464; x_wconf 77' lang='lat' dir='ltr'><strong>spectantzbi</strong></span> <span class='ocrx_word' id='word_1_318' title='bbox 1455 4405 1610 4457; x_wconf 90' lang='lat' dir='ltr'><strong>vero,</strong></span> <span class='ocrx_word' id='word_1_319' title='bbox 1663 4387 1798 4446; x_wconf 84' lang='lat' dir='ltr'><strong>licet</strong></span> <span class='ocrx_word' id='word_1_320' title='bbox 1871 4390 2026 4448; x_wconf 90' lang='lat' dir='ltr'><strong>haud</strong></span> 
     </span>
    </p>
   </div>
   <div class='ocr_carea' id='block_1_47' title="bbox 382 4480 2028 4551">
    <p class='ocr_par' dir='ltr' id='par_1_47' title="bbox 382 4480 2028 4551">
     <span class='ocr_line' id='line_1_47' title="bbox 382 4480 2028 4551; baseline -0.006 -7"><span class='ocrx_word' id='word_1_321' title='bbox 382 4483 930 4544; x_wconf 87' lang='lat' dir='ltr'><strong>emendatissimum</strong></span> <span class='ocrx_word' id='word_1_322' title='bbox 952 4485 1247 4536; x_wconf 88' lang='lat' dir='ltr'><strong>vetustum</strong></span> <span class='ocrx_word' id='word_1_323' title='bbox 1264 4480 1373 4535; x_wconf 89' lang='lat' dir='ltr'><strong>hoc</strong></span> <span class='ocrx_word' id='word_1_324' title='bbox 1391 4485 1835 4534; x_wconf 89' lang='lat' dir='ltr'><strong>monumentum</strong></span> <span class='ocrx_word' id='word_1_325' title='bbox 1857 4496 2028 4551; x_wconf 86' lang='lat' dir='ltr'><strong>agno-</strong></span> 
     </span>
    </p>
   </div>
   <div class='ocr_carea' id='block_1_48' title="bbox 381 4568 2025 4645">
    <p class='ocr_par' dir='ltr' id='par_1_48' title="bbox 381 4568 2025 4645">
     <span class='ocr_line' id='line_1_48' title="bbox 381 4568 2025 4645; baseline -0.006 -11"><span class='ocrx_word' id='word_1_326' title='bbox 381 4579 569 4642; x_wconf 88' lang='lat' dir='ltr'><strong>scant,</strong></span> <span class='ocrx_word' id='word_1_327' title='bbox 602 4575 672 4630; x_wconf 89' lang='lat' dir='ltr'><strong>ad</strong></span> <span class='ocrx_word' id='word_1_328' title='bbox 706 4577 941 4645; x_wconf 90' lang='lat' dir='ltr'><strong>tempus</strong></span> <span class='ocrx_word' id='word_1_329' title='bbox 971 4575 1167 4626; x_wconf 86' lang='lat' dir='ltr'><strong>tamen</strong></span> <span class='ocrx_word' id='word_1_330' title='bbox 1193 4569 1250 4624; x_wconf 91' lang='lat' dir='ltr'><strong>in</strong></span> <span class='ocrx_word' id='word_1_331' title='bbox 1279 4584 1344 4624; x_wconf 94' lang='lat' dir='ltr'><strong>eo</strong></span> <span class='ocrx_word' id='word_1_332' title='bbox 1378 4568 1674 4641; x_wconf 88' lang='lat' dir='ltr'><strong>signatum</strong></span> <span class='ocrx_word' id='word_1_333' title='bbox 1703 4569 1854 4640; x_wconf 91' lang='lat' dir='ltr'><strong>quod</strong></span> <span class='ocrx_word' id='word_1_334' title='bbox 1889 4569 2025 4624; x_wconf 89' lang='lat' dir='ltr'><strong>atti-</strong></span> 
     </span>
    </p>
   </div>
   <div class='ocr_carea' id='block_1_49' title="bbox 2146 641 3810 712">
    <p class='ocr_par' dir='ltr' id='par_1_49' title="bbox 2146 641 3810 712">
     <span class='ocr_line' id='line_1_49' title="bbox 2146 641 3810 712; baseline 0 -14"><span class='ocrx_word' id='word_1_335' title='bbox 2146 642 2405 712; x_wconf 82' lang='lat' dir='ltr'><strong>lgnatius</strong></span> <span class='ocrx_word' id='word_1_336' title='bbox 2435 643 2725 698; x_wconf 89' lang='lat' dir='ltr'><strong>occubuit.</strong></span> <span class='ocrx_word' id='word_1_337' title='bbox 2787 641 2903 696; x_wconf 86' lang='lat' dir='ltr'><strong>Has</strong></span> <span class='ocrx_word' id='word_1_338' title='bbox 2937 641 3088 697; x_wconf 90' lang='lat' dir='ltr'><strong>inter</strong></span> <span class='ocrx_word' id='word_1_339' title='bbox 3131 643 3254 697; x_wconf 77' lang='lat' dir='ltr'><strong>duae</strong></span> <span class='ocrx_word' id='word_1_340' title='bbox 3307 641 3658 698; x_wconf 89' lang='lat' dir='ltr'><strong>celebriores</strong></span> <span class='ocrx_word' id='word_1_341' title='bbox 3693 646 3810 699; x_wconf 87' lang='lat' dir='ltr'><strong>cir-</strong></span> 
     </span>
    </p>
   </div>
   <div class='ocr_carea' id='block_1_50' title="bbox 2145 729 3808 803">
    <p class='ocr_par' dir='ltr' id='par_1_50' title="bbox 2145 729 3808 803">
     <span class='ocr_line' id='line_1_50' title="bbox 2145 729 3808 803; baseline 0.001 -17"><span class='ocrx_word' id='word_1_342' title='bbox 2145 731 2847 802; x_wconf 81' lang='lat' dir='ltr'><strong>cumferunturzquarum</strong></span> <span class='ocrx_word' id='word_1_343' title='bbox 2881 729 3063 786; x_wconf 89' lang='lat' dir='ltr'><strong>altera</strong></span> <span class='ocrx_word' id='word_1_344' title='bbox 3097 731 3439 803; x_wconf 83' lang='lat' dir='ltr'><strong>martyrium</strong></span> <span class='ocrx_word' id='word_1_345' title='bbox 3474 731 3623 787; x_wconf 87' lang='lat' dir='ltr'><strong>illud</strong></span> <span class='ocrx_word' id='word_1_346' title='bbox 3649 749 3808 788; x_wconf 90' lang='lat' dir='ltr'><strong>anno</strong></span> 
     </span>
    </p>
   </div>
   <div class='ocr_carea' id='block_1_51' title="bbox 2143 819 3810 891">
    <p class='ocr_par' dir='ltr' id='par_1_51' title="bbox 2143 819 3810 891">
     <span class='ocr_line' id='line_1_51' title="bbox 2143 819 3810 891; baseline 0.001 -16"><span class='ocrx_word' id='word_1_347' title='bbox 2143 819 2353 875; x_wconf 86' lang='lat' dir='ltr'><strong>Christi</strong></span> <span class='ocrx_word' id='word_1_348' title='bbox 2390 821 2514 885; x_wconf 84' lang='grc'>116,</span> <span class='ocrx_word' id='word_1_349' title='bbox 2549 819 2732 875; x_wconf 90' lang='lat' dir='ltr'><strong>altera</strong></span> <span class='ocrx_word' id='word_1_350' title='bbox 2763 836 2916 874; x_wconf 89' lang='lat' dir='ltr'><strong>anno</strong></span> <span class='ocrx_word' id='word_1_351' title='bbox 2950 820 3053 874; x_wconf 86' lang='grc'><strong>107</strong></span> <span class='ocrx_word' id='word_1_352' title='bbox 3086 819 3439 891; x_wconf 89' lang='lat' dir='ltr'><strong>illigandum</strong></span> <span class='ocrx_word' id='word_1_353' title='bbox 3473 822 3708 876; x_wconf 87' lang='lat' dir='ltr'><strong>statuit.</strong></span> <span class='ocrx_word' id='word_1_354' title='bbox 3739 823 3810 877; x_wconf 85' lang='lat' dir='ltr'><strong>Et</strong></span> 
     </span>
    </p>
   </div>
   <div class='ocr_carea' id='block_1_52' title="bbox 2147 909 3808 983">
    <p class='ocr_par' dir='ltr' id='par_1_52' title="bbox 2147 909 3808 983">
     <span class='ocr_line' id='line_1_52' title="bbox 2147 909 3808 983; baseline 0.002 -19"><span class='ocrx_word' id='word_1_355' title='bbox 2147 909 2402 983; x_wconf 89' lang='lat' dir='ltr'><strong>priorem</strong></span> <span class='ocrx_word' id='word_1_356' title='bbox 2435 910 2671 980; x_wconf 88' lang='lat' dir='ltr'><strong>quidem</strong></span> <span class='ocrx_word' id='word_1_357' title='bbox 2697 910 3050 966; x_wconf 87' lang='lat' dir='ltr'><strong>Pearsonius</strong></span> <span class='ocrx_word' id='word_1_358' title='bbox 3082 909 3430 982; x_wconf 84' lang='lat' dir='ltr'><strong>excogitavit</strong></span> <span class='ocrx_word' id='word_1_359' title='bbox 3464 927 3808 983; x_wconf 80' lang='lat' dir='ltr'><strong>propugna-</strong></span> 
     </span>
    </p>
   </div>
   <div class='ocr_carea' id='block_1_53' title="bbox 2148 999 3807 1074">
    <p class='ocr_par' dir='ltr' id='par_1_53' title="bbox 2148 999 3807 1074">
     <span class='ocr_line' id='line_1_53' title="bbox 2148 999 3807 1074; baseline -0.001 -19"><span class='ocrx_word' id='word_1_360' title='bbox 2148 1005 2342 1071; x_wconf 81' lang='lat' dir='ltr'><strong>vitquc</strong></span> <span class='ocrx_word' id='word_1_361' title='bbox 2373 1001 2428 1055; x_wconf 90' lang='lat' dir='ltr'><strong>in</strong></span> <span class='ocrx_word' id='word_1_362' title='bbox 2477 1000 2889 1054; x_wconf 85' lang='lat' dir='ltr'><strong>dissertatione</strong></span> <span class='ocrx_word' id='word_1_363' title='bbox 2937 999 3256 1070; x_wconf 87' lang='lat' dir='ltr'><strong>posthuma</strong></span> <span class='ocrx_word' id='word_1_364' title='bbox 3305 1001 3378 1056; x_wconf 87' lang='lat' dir='ltr'><strong>de</strong></span> <span class='ocrx_word' id='word_1_365' title='bbox 3407 1016 3554 1056; x_wconf 91' lang='lat' dir='ltr'><strong>anno</strong></span> <span class='ocrx_word' id='word_1_366' title='bbox 3608 1017 3715 1074; x_wconf 83' lang='lat' dir='ltr'><strong>quo</strong></span> <span class='ocrx_word' id='word_1_367' title='bbox 3750 1001 3807 1055; x_wconf 90' lang='lat' dir='ltr'><strong>S.</strong></span> 
     </span>
    </p>
   </div>
   <div class='ocr_carea' id='block_1_54' title="bbox 2145 1090 3811 1160">
    <p class='ocr_par' dir='ltr' id='par_1_54' title="bbox 2145 1090 3811 1160">
     <span class='ocr_line' id='line_1_54' title="bbox 2145 1090 3811 1160; baseline 0 -16"><span class='ocrx_word' id='word_1_368' title='bbox 2145 1090 2396 1160; x_wconf 78' lang='lat' dir='ltr'><strong>Ignatius</strong></span> <span class='ocrx_word' id='word_1_369' title='bbox 2442 1107 2474 1144; x_wconf 95' lang='lat' dir='ltr'><strong>a</strong></span> <span class='ocrx_word' id='word_1_370' title='bbox 2519 1091 2750 1158; x_wconf 80' lang='lat' dir='ltr'><strong>Traiano</strong></span> <span class='ocrx_word' id='word_1_371' title='bbox 2807 1091 3109 1144; x_wconf 77' lang='lat' dir='ltr'><strong>Antiochiae</strong></span> <span class='ocrx_word' id='word_1_372' title='bbox 3165 1091 3236 1145; x_wconf 86' lang='lat' dir='ltr'><strong>ad</strong></span> <span class='ocrx_word' id='word_1_373' title='bbox 3267 1090 3462 1146; x_wconf 82' lang='lat' dir='ltr'><strong>bestias</strong></span> <span class='ocrx_word' id='word_1_374' title='bbox 3511 1101 3630 1146; x_wconf 85' lang='lat' dir='ltr'><strong>erat</strong></span> <span class='ocrx_word' id='word_1_375' title='bbox 3677 1107 3811 1147; x_wconf 83' lang='lat' dir='ltr'><strong>con.-</strong></span> 
     </span>
    </p>
   </div>
   <div class='ocr_carea' id='block_1_55' title="bbox 2147 1177 3808 1248">
    <p class='ocr_par' dir='ltr' id='par_1_55' title="bbox 2147 1177 3808 1248">
     <span class='ocr_line' id='line_1_55' title="bbox 2147 1177 3808 1248; baseline 0.002 -15"><span class='ocrx_word' id='word_1_376' title='bbox 2147 1177 2456 1248; x_wconf 83' lang='lat' dir='ltr'><strong>demnatus,</strong></span> <span class='ocrx_word' id='word_1_377' title='bbox 2489 1195 2524 1234; x_wconf 75' lang='lat' dir='ltr'><strong>a</strong></span> <span class='ocrx_word' id='word_1_378' title='bbox 2550 1179 2774 1234; x_wconf 90' lang='lat' dir='ltr'><strong>Thoma</strong></span> <span class='ocrx_word' id='word_1_379' title='bbox 2823 1179 3052 1234; x_wconf 84' lang='lat' dir='ltr'><strong>Smitho</strong></span> <span class='ocrx_word' id='word_1_380' title='bbox 3087 1179 3143 1233; x_wconf 92' lang='lat' dir='ltr'><strong>in</strong></span> <span class='ocrx_word' id='word_1_381' title='bbox 3187 1196 3357 1235; x_wconf 89' lang='lat' dir='ltr'><strong>suam</strong></span> <span class='ocrx_word' id='word_1_382' title='bbox 3409 1180 3808 1236; x_wconf 84' lang='lat' dir='ltr'><strong>Oxoniensem</strong></span> 
     </span>
    </p>
   </div>
   <div class='ocr_carea' id='block_1_56' title="bbox 2147 1269 3814 1340">
    <p class='ocr_par' dir='ltr' id='par_1_56' title="bbox 2147 1269 3814 1340">
     <span class='ocr_line' id='line_1_56' title="bbox 2147 1269 3814 1340; baseline 0.001 -15"><span class='ocrx_word' id='word_1_383' title='bbox 2147 1269 2462 1325; x_wconf 84' lang='lat' dir='ltr'><strong>editionem</strong></span> <span class='ocrx_word' id='word_1_384' title='bbox 2497 1269 2862 1340; x_wconf 84' lang='lat' dir='ltr'><strong>Ignatianam</strong></span> <span class='ocrx_word' id='word_1_385' title='bbox 2896 1269 3142 1340; x_wconf 86' lang='lat' dir='ltr'><strong>primum</strong></span> <span class='ocrx_word' id='word_1_386' title='bbox 3176 1271 3524 1339; x_wconf 88' lang='lat' dir='ltr'><strong>conjectam.</strong></span> <span class='ocrx_word' id='word_1_387' title='bbox 3563 1273 3814 1326; x_wconf 86' lang='lat' dir='ltr'><strong>Pearso-</strong></span> 
     </span>
    </p>
   </div>
   <div class='ocr_carea' id='block_1_57' title="bbox 2148 1357 3811 1430">
    <p class='ocr_par' dir='ltr' id='par_1_57' title="bbox 2148 1357 3811 1430">
     <span class='ocr_line' id='line_1_57' title="bbox 2148 1357 3811 1430; baseline 0.002 -17"><span class='ocrx_word' id='word_1_388' title='bbox 2148 1357 2244 1413; x_wconf 89' lang='lat' dir='ltr'><strong>nio</strong></span> <span class='ocrx_word' id='word_1_389' title='bbox 2295 1374 2427 1413; x_wconf 89' lang='lat' dir='ltr'><strong>mox</strong></span> <span class='ocrx_word' id='word_1_390' title='bbox 2474 1359 2718 1413; x_wconf 87' lang='lat' dir='ltr'><strong>accessit</strong></span> <span class='ocrx_word' id='word_1_391' title='bbox 2771 1357 3122 1414; x_wconf 90' lang='lat' dir='ltr'><strong>Guillelmus</strong></span> <span class='ocrx_word' id='word_1_392' title='bbox 3156 1359 3408 1430; x_wconf 84' lang='lat' dir='ltr'><strong>Loydius</strong></span> <span class='ocrx_word' id='word_1_393' title='bbox 3438 1359 3501 1415; x_wconf 86' lang='lat' dir='ltr'><strong>in</strong></span> <span class='ocrx_word' id='word_1_394' title='bbox 3547 1360 3811 1416; x_wconf 87' lang='lat' dir='ltr'><strong>diatriba</strong></span> 
     </span>
    </p>
   </div>
   <div class='ocr_carea' id='block_1_58' title="bbox 2149 1447 3812 1521">
    <p class='ocr_par' dir='ltr' id='par_1_58' title="bbox 2149 1447 3812 1521">
     <span class='ocr_line' id='line_1_58' title="bbox 2149 1447 3812 1521; baseline 0.002 -19"><span class='ocrx_word' id='word_1_395' title='bbox 2149 1447 2411 1518; x_wconf 85' lang='lat' dir='ltr'><strong>ejusdem</strong></span> <span class='ocrx_word' id='word_1_396' title='bbox 2439 1447 2794 1517; x_wconf 87' lang='lat' dir='ltr'><strong>argumenti,</strong></span> <span class='ocrx_word' id='word_1_397' title='bbox 2829 1463 3004 1519; x_wconf 91' lang='lat' dir='ltr'><strong>quam</strong></span> <span class='ocrx_word' id='word_1_398' title='bbox 3038 1447 3221 1502; x_wconf 88' lang='lat' dir='ltr'><strong>edidit</strong></span> <span class='ocrx_word' id='word_1_399' title='bbox 3251 1453 3427 1519; x_wconf 88' lang='lat' dir='ltr'><strong>atque</strong></span> <span class='ocrx_word' id='word_1_400' title='bbox 3457 1450 3812 1521; x_wconf 88' lang='lat' dir='ltr'><strong>comproba-</strong></span> 
     </span>
    </p>
   </div>
   <div class='ocr_carea' id='block_1_59' title="bbox 2150 1536 3815 1608">
    <p class='ocr_par' dir='ltr' id='par_1_59' title="bbox 2150 1536 3815 1608">
     <span class='ocr_line' id='line_1_59' title="bbox 2150 1536 3815 1608; baseline 0.001 -17"><span class='ocrx_word' id='word_1_401' title='bbox 2150 1537 2228 1591; x_wconf 89' lang='lat' dir='ltr'><strong>vit</strong></span> <span class='ocrx_word' id='word_1_402' title='bbox 2263 1536 2544 1591; x_wconf 83' lang='lat' dir='ltr'><strong>Antonius</strong></span> <span class='ocrx_word' id='word_1_403' title='bbox 2578 1536 2788 1606; x_wconf 73' lang='lat' dir='ltr'><strong>Pagina</strong></span> <span class='ocrx_word' id='word_1_404' title='bbox 2817 1537 2928 1607; x_wconf 88' lang='lat'>(67)</span> <span class='ocrx_word' id='word_1_405' title='bbox 2966 1552 2980 1592; x_wconf 92' lang='lat'><strong>:</strong></span> <span class='ocrx_word' id='word_1_406' title='bbox 3011 1553 3226 1608; x_wconf 88' lang='lat' dir='ltr'><strong>eosque</strong></span> <span class='ocrx_word' id='word_1_407' title='bbox 3258 1538 3445 1592; x_wconf 88' lang='lat' dir='ltr'><strong>secuti</strong></span> <span class='ocrx_word' id='word_1_408' title='bbox 3481 1543 3621 1592; x_wconf 85' lang='lat' dir='ltr'><strong>sunt</strong></span> <span class='ocrx_word' id='word_1_409' title='bbox 3642 1538 3815 1593; x_wconf 90' lang='lat' dir='ltr'><strong>dein-</strong></span> 
     </span>
    </p>
   </div>
   <div class='ocr_carea' id='block_1_60' title="bbox 2151 1623 3813 1698">
    <p class='ocr_par' dir='ltr' id='par_1_60' title="bbox 2151 1623 3813 1698">
     <span class='ocr_line' id='line_1_60' title="bbox 2151 1623 3813 1698; baseline 0.001 -17"><span class='ocrx_word' id='word_1_410' title='bbox 2151 1641 2287 1698; x_wconf 88' lang='lat' dir='ltr'><strong>ceps</strong></span> <span class='ocrx_word' id='word_1_411' title='bbox 2317 1624 2586 1692; x_wconf 86' lang='lat' dir='ltr'><strong>Grabius,</strong></span> <span class='ocrx_word' id='word_1_412' title='bbox 2618 1623 2881 1680; x_wconf 90' lang='lat' dir='ltr'><strong>Smithus</strong></span> <span class='ocrx_word' id='word_1_413' title='bbox 2925 1630 2982 1680; x_wconf 90' lang='lat' dir='ltr'><strong>et</strong></span> <span class='ocrx_word' id='word_1_414' title='bbox 3031 1625 3380 1696; x_wconf 81' lang='lat' dir='ltr'><strong>Lequienius</strong></span> <span class='ocrx_word' id='word_1_415' title='bbox 3411 1625 3813 1697; x_wconf 68' lang='lat' dir='ltr'><strong>(68).lnberet</strong></span> 
     </span>
    </p>
   </div>
   <div class='ocr_carea' id='block_1_61' title="bbox 2152 1714 3808 1787">
    <p class='ocr_par' dir='ltr' id='par_1_61' title="bbox 2152 1714 3808 1787">
     <span class='ocr_line' id='line_1_61' title="bbox 2152 1714 3808 1787; baseline 0 -16"><span class='ocrx_word' id='word_1_416' title='bbox 2152 1718 2345 1771; x_wconf 75' lang='lat' dir='ltr'><strong>autem</strong></span> <span class='ocrx_word' id='word_1_417' title='bbox 2381 1714 2499 1770; x_wconf 64' lang='lat' dir='ltr'><strong>bazc</strong></span> <span class='ocrx_word' id='word_1_418' title='bbox 2530 1714 2818 1770; x_wconf 84' lang='lat' dir='ltr'><strong>sententia</strong></span> <span class='ocrx_word' id='word_1_419' title='bbox 2845 1714 3090 1770; x_wconf 83' lang='lat' dir='ltr'><strong>Joannis</strong></span> <span class='ocrx_word' id='word_1_420' title='bbox 3109 1714 3326 1770; x_wconf 69' lang='lat' dir='ltr'><strong>Malalm</strong></span> <span class='ocrx_word' id='word_1_421' title='bbox 3361 1714 3418 1770; x_wconf 90' lang='lat' dir='ltr'><strong>in</strong></span> <span class='ocrx_word' id='word_1_422' title='bbox 3453 1715 3662 1787; x_wconf 89' lang='lat' dir='ltr'><strong>primis</strong></span> <span class='ocrx_word' id='word_1_423' title='bbox 3693 1734 3808 1771; x_wconf 87' lang='lat' dir='ltr'><strong>au-</strong></span> 
     </span>
    </p>
   </div>
   <div class='ocr_carea' id='block_1_62' title="bbox 2107 1803 3816 1877">
    <p class='ocr_par' dir='ltr' id='par_1_62' title="bbox 2107 1803 3816 1877">
     <span class='ocr_line' id='line_1_62' title="bbox 2107 1803 3816 1877; baseline 0 -16"><span class='ocrx_word' id='word_1_424' title='bbox 2107 1803 2427 1870; x_wconf 79' lang='lat' dir='ltr'><strong>ctoritati,</strong></span> <span class='ocrx_word' id='word_1_425' title='bbox 2485 1803 2802 1860; x_wconf 84' lang='lat' dir='ltr'><strong>asserentis</strong></span> <span class='ocrx_word' id='word_1_426' title='bbox 2860 1803 2964 1874; x_wconf 75' lang='grc'>(69)</span> <span class='ocrx_word' id='word_1_427' title='bbox 3007 1821 3109 1877; x_wconf 86' lang='lat' dir='ltr'><strong>quo</strong></span> <span class='ocrx_word' id='word_1_428' title='bbox 3170 1813 3413 1876; x_wconf 83' lang='lat' dir='ltr'><strong>tempore</strong></span> <span class='ocrx_word' id='word_1_429' title='bbox 3464 1810 3816 1862; x_wconf 67' lang='lat' dir='ltr'><strong>terminatus</strong></span> 
     </span>
    </p>
   </div>
   <div class='ocr_carea' id='block_1_63' title="bbox 2069 1891 3810 1984">
    <p class='ocr_par' dir='ltr' id='par_1_63' title="bbox 2069 1891 3810 1984">
     <span class='ocr_line' id='line_1_63' title="bbox 2069 1891 3810 1984; baseline 0.001 -36"><span class='ocrx_word' id='word_1_430' title='bbox 2069 1918 2117 1984; x_wconf 82' lang='lat' dir='ltr'><strong>B</strong></span> <span class='ocrx_word' id='word_1_431' title='bbox 2153 1891 2464 1949; x_wconf 67' lang='lat' dir='ltr'><strong>Antiochiae</strong></span> <span class='ocrx_word' id='word_1_432' title='bbox 2510 1892 2733 1960; x_wconf 87' lang='lat' dir='ltr'><strong>accidit,</strong></span> <span class='ocrx_word' id='word_1_433' title='bbox 2794 1895 3127 1964; x_wconf 83' lang='lat' dir='ltr'><strong>imperatore</strong></span> <span class='ocrx_word' id='word_1_434' title='bbox 3181 1892 3306 1948; x_wconf 85' lang='lat' dir='ltr'><strong>illic</strong></span> <span class='ocrx_word' id='word_1_435' title='bbox 3345 1893 3523 1950; x_wconf 82' lang='lat' dir='ltr'><strong>adhuc</strong></span> <span class='ocrx_word' id='word_1_436' title='bbox 3583 1902 3810 1965; x_wconf 80' lang='lat' dir='ltr'><strong>agente,</strong></span> 
     </span>
    </p>
   </div>
   <div class='ocr_carea' id='block_1_64' title="bbox 2150 1981 3813 2055">
    <p class='ocr_par' dir='ltr' id='par_1_64' title="bbox 2150 1981 3813 2055">
     <span class='ocr_line' id='line_1_64' title="bbox 2150 1981 3813 2055; baseline 0.001 -18"><span class='ocrx_word' id='word_1_437' title='bbox 2150 1983 2422 2054; x_wconf 84' lang='lat' dir='ltr'><strong>martyrio</strong></span> <span class='ocrx_word' id='word_1_438' title='bbox 2452 1985 2766 2037; x_wconf 84' lang='lat' dir='ltr'><strong>coronatum</strong></span> <span class='ocrx_word' id='word_1_439' title='bbox 2790 1997 2901 2038; x_wconf 83' lang='lat' dir='ltr'><strong>esse</strong></span> <span class='ocrx_word' id='word_1_440' title='bbox 2923 1981 2978 2038; x_wconf 91' lang='lat' dir='ltr'><strong>S.</strong></span> <span class='ocrx_word' id='word_1_441' title='bbox 3017 1983 3299 2052; x_wconf 72' lang='lat' dir='ltr'><strong>Ignatium</strong></span> <span class='ocrx_word' id='word_1_442' title='bbox 3329 1985 3641 2055; x_wconf 82' lang='lat' dir='ltr'><strong>episcopum</strong></span> <span class='ocrx_word' id='word_1_443' title='bbox 3692 1985 3813 2038; x_wconf 78' lang='lat' dir='ltr'><strong>An-</strong></span> 
     </span>
    </p>
   </div>
   <div class='ocr_carea' id='block_1_65' title="bbox 2149 2067 3816 2148">
    <p class='ocr_par' dir='ltr' id='par_1_65' title="bbox 2149 2067 3816 2148">
     <span class='ocr_line' id='line_1_65' title="bbox 2149 2067 3816 2148; baseline 0 -22"><span class='ocrx_word' id='word_1_444' title='bbox 2149 2071 2484 2127; x_wconf 84' lang='lat' dir='ltr'><strong>tiochenum.</strong></span> <span class='ocrx_word' id='word_1_445' title='bbox 2555 2069 2932 2144; x_wconf 78' lang='grc' dir='ltr'><strong>Ἑμαρτύρησε</strong></span> <span class='ocrx_word' id='word_1_446' title='bbox 2999 2067 3056 2124; x_wconf 81' lang='grc' dir='ltr'><strong>δὲ</strong></span> <span class='ocrx_word' id='word_1_447' title='bbox 3138 2069 3226 2124; x_wconf 81' lang='grc' dir='ltr'>ἐπὶ</span> <span class='ocrx_word' id='word_1_448' title='bbox 3294 2069 3458 2126; x_wconf 75' lang='grc' dir='ltr'>αὐτοῦ</span> <span class='ocrx_word' id='word_1_449' title='bbox 3537 2073 3565 2126; x_wconf 87' lang='grc' dir='ltr'>ὁ</span> <span class='ocrx_word' id='word_1_450' title='bbox 3647 2071 3816 2148; x_wconf 77' lang='grc' dir='ltr'>ἅγιος</span> 
     </span>
    </p>
   </div>
   <div class='ocr_carea' id='block_1_66' title="bbox 2152 2157 3813 2237">
    <p class='ocr_par' dir='ltr' id='par_1_66' title="bbox 2152 2157 3813 2237">
     <span class='ocr_line' id='line_1_66' title="bbox 2152 2157 3813 2237; baseline 0.001 -22"><span class='ocrx_word' id='word_1_451' title='bbox 2152 2160 2434 2234; x_wconf 70' lang='grc' dir='ltr'>Ἰγνάτιος,</span> <span class='ocrx_word' id='word_1_452' title='bbox 2503 2159 2530 2214; x_wconf 82' lang='grc' dir='ltr'>ὁ</span> <span class='ocrx_word' id='word_1_453' title='bbox 2599 2157 2892 2222; x_wconf 80' lang='grc' dir='ltr'><strong>ἐπίσκοπος</strong></span> <span class='ocrx_word' id='word_1_454' title='bbox 2951 2167 3054 2229; x_wconf 75' lang='grc' dir='ltr'>τῆς</span> <span class='ocrx_word' id='word_1_455' title='bbox 3138 2161 3355 2215; x_wconf 77' lang='grc' dir='ltr'><strong>πόλεως</strong></span> <span class='ocrx_word' id='word_1_456' title='bbox 3425 2161 3813 2237; x_wconf 75' lang='grc' dir='ltr'><strong>’Λντιοχεία‹.</strong></span> 
     </span>
    </p>
   </div>
   <div class='ocr_carea' id='block_1_67' title="bbox 2152 2251 3815 2324">
    <p class='ocr_par' dir='ltr' id='par_1_67' title="bbox 2152 2251 3815 2324">
     <span class='ocr_line' id='line_1_67' title="bbox 2152 2251 3815 2324; baseline 0.001 -18"><span class='ocrx_word' id='word_1_457' title='bbox 2152 2251 2328 2306; x_wconf 88' lang='lat' dir='ltr'><strong>Istius</strong></span> <span class='ocrx_word' id='word_1_458' title='bbox 2350 2268 2482 2306; x_wconf 89' lang='lat' dir='ltr'><strong>vero</strong></span> <span class='ocrx_word' id='word_1_459' title='bbox 2516 2255 2880 2306; x_wconf 66' lang='lat' dir='ltr'><strong>terrastnotus</strong></span> <span class='ocrx_word' id='word_1_460' title='bbox 2912 2251 3276 2307; x_wconf 80' lang='lat' dir='ltr'><strong>characteres</strong></span> <span class='ocrx_word' id='word_1_461' title='bbox 3310 2251 3651 2322; x_wconf 88' lang='lat' dir='ltr'><strong>hujusmodi</strong></span> <span class='ocrx_word' id='word_1_462' title='bbox 3675 2270 3815 2324; x_wconf 90' lang='lat' dir='ltr'><strong>pro-</strong></span> 
     </span>
    </p>
   </div>
   <div class='ocr_carea' id='block_1_68' title="bbox 2151 2338 3811 2415">
    <p class='ocr_par' dir='ltr' id='par_1_68' title="bbox 2151 2338 3811 2415">
     <span class='ocr_line' id='line_1_68' title="bbox 2151 2338 3811 2415; baseline 0.001 -21"><span class='ocrx_word' id='word_1_463' title='bbox 2151 2341 2260 2395; x_wconf 82' lang='lat' dir='ltr'><strong>fert</strong></span> <span class='ocrx_word' id='word_1_464' title='bbox 2292 2340 2464 2410; x_wconf 91' lang='lat' dir='ltr'><strong>paulo</strong></span> <span class='ocrx_word' id='word_1_465' title='bbox 2498 2345 2629 2395; x_wconf 88' lang='lat' dir='ltr'><strong>ante</strong></span> <span class='ocrx_word' id='word_1_466' title='bbox 2659 2340 2814 2395; x_wconf 91' lang='lat' dir='ltr'><strong>idem</strong></span> <span class='ocrx_word' id='word_1_467' title='bbox 2839 2345 3071 2396; x_wconf 87' lang='lat' dir='ltr'><strong>auctor:</strong></span> <span class='ocrx_word' id='word_1_468' title='bbox 3106 2339 3229 2395; x_wconf 80' lang='grc' dir='ltr'>Ἐπὶ</span> <span class='ocrx_word' id='word_1_469' title='bbox 3262 2346 3360 2408; x_wconf 77' lang='grc' dir='ltr'>τῆς</span> <span class='ocrx_word' id='word_1_470' title='bbox 3389 2338 3669 2415; x_wconf 76' lang='grc' dir='ltr'><strong>βασιλείας</strong></span> <span class='ocrx_word' id='word_1_471' title='bbox 3701 2345 3811 2395; x_wconf 75' lang='grc' dir='ltr'>τοῦ</span> 
     </span>
    </p>
   </div>
   <div class='ocr_carea' id='block_1_69' title="bbox 2149 2420 3809 2505">
    <p class='ocr_par' dir='ltr' id='par_1_69' title="bbox 2149 2420 3809 2505">
     <span class='ocr_line' id='line_1_69' title="bbox 2149 2420 3809 2505; baseline 0.002 -25"><span class='ocrx_word' id='word_1_472' title='bbox 2149 2425 2426 2480; x_wconf 79' lang='grc' dir='ltr'>θειοτάτου</span> <span class='ocrx_word' id='word_1_473' title='bbox 2457 2427 2746 2501; x_wconf 79' lang='grc' dir='ltr'><strong>Τραϊανοῦ,</strong></span> <span class='ocrx_word' id='word_1_474' title='bbox 2805 2420 2996 2480; x_wconf 76' lang='grc' dir='ltr'><strong>ἔπαθεν</strong></span> <span class='ocrx_word' id='word_1_475' title='bbox 3047 2426 3357 2505; x_wconf 81' lang='grc' dir='ltr'><strong>Ἀντιόχεια</strong></span> <span class='ocrx_word' id='word_1_476' title='bbox 3403 2430 3437 2498; x_wconf 78' lang='grc' dir='ltr'>ἡ</span> <span class='ocrx_word' id='word_1_477' title='bbox 3491 2427 3730 2504; x_wconf 73' lang='grc' dir='ltr'>μεγάλη,</span> <span class='ocrx_word' id='word_1_478' title='bbox 3769 2431 3809 2498; x_wconf 82' lang='grc' dir='ltr'><strong>ἡ</strong></span> 
     </span>
    </p>
   </div>
   <div class='ocr_carea' id='block_1_70' title="bbox 2150 2514 3814 2593">
    <p class='ocr_par' dir='ltr' id='par_1_70' title="bbox 2150 2514 3814 2593">
     <span class='ocr_line' id='line_1_70' title="bbox 2150 2514 3814 2593; baseline 0.001 -23"><span class='ocrx_word' id='word_1_479' title='bbox 2150 2515 2285 2588; x_wconf 86' lang='grc' dir='ltr'>πρὸς</span> <span class='ocrx_word' id='word_1_480' title='bbox 2326 2515 2558 2593; x_wconf 77' lang='grc' dir='ltr'>Δάφνην,</span> <span class='ocrx_word' id='word_1_481' title='bbox 2615 2515 2678 2569; x_wconf 84' lang='grc' dir='ltr'>τὸ</span> <span class='ocrx_word' id='word_1_482' title='bbox 2736 2515 2920 2588; x_wconf 79' lang='grc' dir='ltr'>τρίτον</span> <span class='ocrx_word' id='word_1_483' title='bbox 2978 2514 3149 2583; x_wconf 78' lang='grc' dir='ltr'>αὐτῆς</span> <span class='ocrx_word' id='word_1_484' title='bbox 3203 2516 3393 2583; x_wconf 82' lang='grc' dir='ltr'>πάθος,</span> <span class='ocrx_word' id='word_1_485' title='bbox 3431 2517 3560 2590; x_wconf 77' lang='grc' dir='ltr'>μηνὶ</span> <span class='ocrx_word' id='word_1_486' title='bbox 3595 2516 3814 2574; x_wconf 82' lang='grc' dir='ltr'>Ἀπελ-</span> 
     </span>
    </p>
   </div>
   <div class='ocr_carea' id='block_1_71' title="bbox 2151 2599 3817 2680">
    <p class='ocr_par' dir='ltr' id='par_1_71' title="bbox 2151 2599 3817 2680">
     <span class='ocr_line' id='line_1_71' title="bbox 2151 2599 3817 2680; baseline 0.002 -22"><span class='ocrx_word' id='word_1_487' title='bbox 2151 2602 2296 2676; x_wconf 81' lang='grc' dir='ltr'>λαίῳ</span> <span class='ocrx_word' id='word_1_488' title='bbox 2326 2609 2405 2676; x_wconf 82' lang='grc' dir='ltr'>τῷ</span> <span class='ocrx_word' id='word_1_489' title='bbox 2436 2605 2526 2658; x_wconf 75' lang='grc' dir='ltr'>καὶ</span> <span class='ocrx_word' id='word_1_490' title='bbox 2562 2599 2901 2679; x_wconf 77' lang='grc' dir='ltr'>Δεκεμϐρίῳ,</span> <span class='ocrx_word' id='word_1_491' title='bbox 2937 2610 2978 2658; x_wconf 85' lang='grc' dir='ltr'>Π</span> <span class='ocrx_word' id='word_1_492' title='bbox 3014 2607 3148 2678; x_wconf 85' lang='lat' dir='ltr'><strong>(leg.</strong></span> <span class='ocrx_word' id='word_1_493' title='bbox 3183 2607 3306 2677; x_wconf 75' lang='lat' dir='ltr'><strong>Kl&quot;)</strong></span> <span class='ocrx_word' id='word_1_494' title='bbox 3339 2608 3544 2680; x_wconf 69' lang='grc' dir='ltr'>ἡμέρᾳ,</span> <span class='ocrx_word' id='word_1_495' title='bbox 3577 2614 3669 2676; x_wconf 84' lang='lat' dir='ltr'><strong>A.,</strong></span> <span class='ocrx_word' id='word_1_496' title='bbox 3705 2628 3817 2678; x_wconf 78' lang='grc' dir='ltr'>μεο</span> 
     </span>
    </p>
   </div>
   <div class='ocr_carea' id='block_1_72' title="bbox 2149 2691 3814 2769">
    <p class='ocr_par' dir='ltr' id='par_1_72' title="bbox 2149 2691 3814 2769">
     <span class='ocr_line' id='line_1_72' title="bbox 2149 2691 3814 2769; baseline 0.001 -20"><span class='ocrx_word' id='word_1_497' title='bbox 2149 2694 2217 2750; x_wconf 83' lang='grc' dir='ltr'>τὰ</span> <span class='ocrx_word' id='word_1_498' title='bbox 2244 2693 2594 2769; x_wconf 76' lang='grc' dir='ltr'>ἀλεκτρυόνα,</span> <span class='ocrx_word' id='word_1_499' title='bbox 2653 2691 2804 2754; x_wconf 82' lang='grc' dir='ltr'>ἔτους</span> <span class='ocrx_word' id='word_1_500' title='bbox 2865 2697 3308 2768; x_wconf 80' lang='grc' dir='ltr'>χρηματίζοντος</span> <span class='ocrx_word' id='word_1_501' title='bbox 3343 2697 3483 2752; x_wconf 80' lang='grc' dir='ltr'><strong>ΡΣΔ“</strong></span> <span class='ocrx_word' id='word_1_502' title='bbox 3511 2697 3643 2750; x_wconf 73' lang='grc' dir='ltr'>κατὰ</span> <span class='ocrx_word' id='word_1_503' title='bbox 3674 2695 3814 2757; x_wconf 64' lang='grc' dir='ltr'>τοὺς</span> 
     </span>
    </p>
   </div>
   <div class='ocr_carea' id='block_1_73' title="bbox 2151 2785 3817 2858">
    <p class='ocr_par' dir='ltr' id='par_1_73' title="bbox 2151 2785 3817 2858">
     <span class='ocr_line' id='line_1_73' title="bbox 2151 2785 3817 2858; baseline 0.001 -20"><span class='ocrx_word' id='word_1_504' title='bbox 2151 2785 2479 2857; x_wconf 84' lang='grc' dir='ltr'><strong>Ἀντιοχεῖς.</strong></span> <span class='ocrx_word' id='word_1_505' title='bbox 2559 2785 2912 2840; x_wconf 82' lang='lat' dir='ltr'><strong>Divinissimo</strong></span> <span class='ocrx_word' id='word_1_506' title='bbox 2985 2787 3220 2857; x_wconf 77' lang='lat' dir='ltr'><strong>Trojano</strong></span> <span class='ocrx_word' id='word_1_507' title='bbox 3301 2786 3626 2858; x_wconf 83' lang='lat' dir='ltr'><strong>imperante,</strong></span> <span class='ocrx_word' id='word_1_508' title='bbox 3689 2796 3817 2842; x_wconf 84' lang='lat' dir='ltr'><strong>ter-</strong></span> 
     </span>
    </p>
   </div>
   <div class='ocr_carea' id='block_1_74' title="bbox 2148 2874 3816 2944">
    <p class='ocr_par' dir='ltr' id='par_1_74' title="bbox 2148 2874 3816 2944">
     <span class='ocr_line' id='line_1_74' title="bbox 2148 2874 3816 2944; baseline 0.001 -15"><span class='ocrx_word' id='word_1_509' title='bbox 2148 2875 2286 2929; x_wconf 85' lang='lat' dir='ltr'><strong>tiam</strong></span> <span class='ocrx_word' id='word_1_510' title='bbox 2313 2890 2467 2928; x_wconf 86' lang='lat' dir='ltr'><strong>suam</strong></span> <span class='ocrx_word' id='word_1_511' title='bbox 2507 2874 2884 2928; x_wconf 88' lang='lat' dir='ltr'><strong>calamitatem</strong></span> <span class='ocrx_word' id='word_1_512' title='bbox 2912 2889 3076 2944; x_wconf 82' lang='lat' dir='ltr'><strong>passa</strong></span> <span class='ocrx_word' id='word_1_513' title='bbox 3118 2879 3196 2929; x_wconf 86' lang='lat' dir='ltr'><strong>est</strong></span> <span class='ocrx_word' id='word_1_514' title='bbox 3256 2891 3461 2943; x_wconf 89' lang='lat' dir='ltr'><strong>magna</strong></span> <span class='ocrx_word' id='word_1_515' title='bbox 3510 2875 3816 2932; x_wconf 82' lang='lat' dir='ltr'><strong>Antiochia</strong></span> 
     </span>
    </p>
   </div>
   <div class='ocr_carea' id='block_1_75' title="bbox 2149 2961 3812 3036">
    <p class='ocr_par' dir='ltr' id='par_1_75' title="bbox 2149 2961 3812 3036">
     <span class='ocr_line' id='line_1_75' title="bbox 2149 2961 3812 3036; baseline -0.001 -16"><span class='ocrx_word' id='word_1_516' title='bbox 2149 2963 2219 3020; x_wconf 77' lang='lat' dir='ltr'><strong>ad</strong></span> <span class='ocrx_word' id='word_1_517' title='bbox 2270 2961 2526 3034; x_wconf 83' lang='lat' dir='ltr'><strong>Daphnen</strong></span> <span class='ocrx_word' id='word_1_518' title='bbox 2557 2962 2687 3030; x_wconf 82' lang='lat' dir='ltr'><strong>sita,</strong></span> <span class='ocrx_word' id='word_1_519' title='bbox 2719 2978 2907 3018; x_wconf 86' lang='lat' dir='ltr'><strong>mense</strong></span> <span class='ocrx_word' id='word_1_520' title='bbox 2934 2963 3175 3034; x_wconf 71' lang='lat' dir='ltr'><strong>Apella&#39;o</strong></span> <span class='ocrx_word' id='word_1_521' title='bbox 3205 2980 3301 3019; x_wconf 86' lang='lat' dir='ltr'><strong>seu</strong></span> <span class='ocrx_word' id='word_1_522' title='bbox 3332 2967 3634 3036; x_wconf 81' lang='lat' dir='ltr'><strong>Decembri,</strong></span> <span class='ocrx_word' id='word_1_523' title='bbox 3687 2965 3812 3034; x_wconf 76' lang='lat' dir='ltr'><strong>die,</strong></span> 
     </span>
    </p>
   </div>
   <div class='ocr_carea' id='block_1_76' title="bbox 2149 3055 3811 3129">
    <p class='ocr_par' dir='ltr' id='par_1_76' title="bbox 2149 3055 3811 3129">
     <span class='ocr_line' id='line_1_76' title="bbox 2149 3055 3811 3129; baseline 0.001 -17"><span class='ocrx_word' id='word_1_524' title='bbox 2149 3058 2406 3112; x_wconf 84' lang='lat' dir='ltr'><strong>vicesima</strong></span> <span class='ocrx_word' id='word_1_525' title='bbox 2432 3057 2616 3124; x_wconf 86' lang='lat' dir='ltr'><strong>tertia,</strong></span> <span class='ocrx_word' id='word_1_526' title='bbox 2664 3055 2815 3126; x_wconf 86' lang='lat' dir='ltr'><strong>feria</strong></span> <span class='ocrx_word' id='word_1_527' title='bbox 2845 3055 3048 3127; x_wconf 83' lang='lat' dir='ltr'><strong>prima,</strong></span> <span class='ocrx_word' id='word_1_528' title='bbox 3099 3065 3222 3128; x_wconf 85' lang='lat' dir='ltr'><strong>post</strong></span> <span class='ocrx_word' id='word_1_529' title='bbox 3247 3058 3618 3129; x_wconf 84' lang='lat' dir='ltr'><strong>gallicinium,</strong></span> <span class='ocrx_word' id='word_1_530' title='bbox 3651 3075 3811 3114; x_wconf 81' lang='lat' dir='ltr'><strong>anno</strong></span> 
     </span>
    </p>
   </div>
   <div class='ocr_carea' id='block_1_77' title="bbox 2150 3145 3809 3218">
    <p class='ocr_par' dir='ltr' id='par_1_77' title="bbox 2150 3145 3809 3218">
     <span class='ocr_line' id='line_1_77' title="bbox 2150 3145 3809 3218; baseline -0.001 -14"><span class='ocrx_word' id='word_1_531' title='bbox 2150 3161 2286 3204; x_wconf 61' lang='lat' dir='ltr'><strong>arra</strong></span> <span class='ocrx_word' id='word_1_532' title='bbox 2332 3145 2686 3202; x_wconf 66' lang='lat' dir='ltr'><strong>Antiochenaz</strong></span> <span class='ocrx_word' id='word_1_533' title='bbox 2724 3162 2900 3216; x_wconf 70' lang='lat' dir='ltr'><strong>ccxxv,</strong></span> <span class='ocrx_word' id='word_1_534' title='bbox 2935 3147 3037 3217; x_wconf 85' lang='lat' dir='ltr'><strong>qui</strong></span> <span class='ocrx_word' id='word_1_535' title='bbox 3072 3163 3265 3203; x_wconf 89' lang='lat' dir='ltr'><strong>annus</strong></span> <span class='ocrx_word' id='word_1_536' title='bbox 3295 3147 3468 3218; x_wconf 74' lang='lat' dir='ltr'><strong>crrpit</strong></span> <span class='ocrx_word' id='word_1_537' title='bbox 3519 3165 3550 3202; x_wconf 87' lang='lat' dir='ltr'><strong>a</strong></span> <span class='ocrx_word' id='word_1_538' title='bbox 3582 3149 3809 3203; x_wconf 84' lang='lat' dir='ltr'><strong>Kalen-</strong></span> 
     </span>
    </p>
   </div>
   <div class='ocr_carea' id='block_1_78' title="bbox 2154 3234 3481 3307">
    <p class='ocr_par' dir='ltr' id='par_1_78' title="bbox 2154 3234 3481 3307">
     <span class='ocr_line' id='line_1_78' title="bbox 2154 3234 3481 3307; baseline 0.003 -18"><span class='ocrx_word' id='word_1_539' title='bbox 2154 3235 2242 3291; x_wconf 90' lang='lat' dir='ltr'><strong>dis</strong></span> <span class='ocrx_word' id='word_1_540' title='bbox 2271 3235 2709 3307; x_wconf 84' lang='lat' dir='ltr'><strong>Septembribus</strong></span> <span class='ocrx_word' id='word_1_541' title='bbox 2741 3234 2878 3290; x_wconf 91' lang='lat' dir='ltr'><strong>anni</strong></span> <span class='ocrx_word' id='word_1_542' title='bbox 2908 3252 3035 3290; x_wconf 77' lang='lat' dir='ltr'><strong>teras</strong></span> <span class='ocrx_word' id='word_1_543' title='bbox 3067 3234 3326 3307; x_wconf 89' lang='lat' dir='ltr'><strong>vulgaris</strong></span> <span class='ocrx_word' id='word_1_544' title='bbox 3357 3255 3481 3294; x_wconf 86' lang='lat' dir='ltr'><strong>cxv.</strong></span> 
     </span>
    </p>
   </div>
   <div class='ocr_carea' id='block_1_79' title="bbox 2219 3323 3808 3396">
    <p class='ocr_par' dir='ltr' id='par_1_79' title="bbox 2219 3323 3808 3396">
     <span class='ocr_line' id='line_1_79' title="bbox 2219 3323 3808 3396; baseline 0.003 -16"><span class='ocrx_word' id='word_1_545' title='bbox 2219 3323 2323 3380; x_wconf 82' lang='lat' dir='ltr'><strong>Ille</strong></span> <span class='ocrx_word' id='word_1_546' title='bbox 2356 3323 2532 3393; x_wconf 83' lang='lat' dir='ltr'><strong>igitur</strong></span> <span class='ocrx_word' id='word_1_547' title='bbox 2574 3329 2937 3380; x_wconf 79' lang='lat' dir='ltr'><strong>terrtemotus</strong></span> <span class='ocrx_word' id='word_1_548' title='bbox 2968 3325 3080 3380; x_wconf 90' lang='lat' dir='ltr'><strong>sub</strong></span> <span class='ocrx_word' id='word_1_549' title='bbox 3112 3325 3286 3380; x_wconf 83' lang='lat' dir='ltr'><strong>ﬁnem</strong></span> <span class='ocrx_word' id='word_1_550' title='bbox 3350 3328 3608 3396; x_wconf 88' lang='lat' dir='ltr'><strong>ejusdem</strong></span> <span class='ocrx_word' id='word_1_551' title='bbox 3656 3330 3808 3385; x_wconf 87' lang='lat' dir='ltr'><strong>anni</strong></span> 
     </span>
    </p>
   </div>
   <div class='ocr_carea' id='block_1_80' title="bbox 2146 3412 3806 3487">
    <p class='ocr_par' dir='ltr' id='par_1_80' title="bbox 2146 3412 3806 3487">
     <span class='ocr_line' id='line_1_80' title="bbox 2146 3412 3806 3487; baseline 0.004 -20"><span class='ocrx_word' id='word_1_552' title='bbox 2146 3413 2244 3468; x_wconf 81' lang='lat' dir='ltr'><strong>t-l5</strong></span> <span class='ocrx_word' id='word_1_553' title='bbox 2297 3413 2562 3484; x_wconf 90' lang='lat' dir='ltr'><strong>contigit,</strong></span> <span class='ocrx_word' id='word_1_554' title='bbox 2625 3413 2720 3468; x_wconf 90' lang='lat' dir='ltr'><strong>die</strong></span> <span class='ocrx_word' id='word_1_555' title='bbox 2752 3412 2968 3469; x_wconf 82' lang='lat' dir='ltr'><strong>scilicet</strong></span> <span class='ocrx_word' id='word_1_556' title='bbox 3011 3415 3430 3487; x_wconf 87' lang='lat' dir='ltr'><strong>subsequentis</strong></span> <span class='ocrx_word' id='word_1_557' title='bbox 3467 3417 3806 3474; x_wconf 88' lang='lat' dir='ltr'><strong>Decembris</strong></span> 
     </span>
    </p>
   </div>
   <div class='ocr_carea' id='block_1_81' title="bbox 2143 3502 3806 3575">
    <p class='ocr_par' dir='ltr' id='par_1_81' title="bbox 2143 3502 3806 3575">
     <span class='ocr_line' id='line_1_81' title="bbox 2143 3502 3806 3575; baseline 0.004 -20"><span class='ocrx_word' id='word_1_558' title='bbox 2143 3502 2424 3573; x_wconf 85' lang='lat' dir='ltr'><strong>vigesima</strong></span> <span class='ocrx_word' id='word_1_559' title='bbox 2457 3502 2712 3571; x_wconf 82' lang='lat' dir='ltr'><strong>tertia,in</strong></span> <span class='ocrx_word' id='word_1_560' title='bbox 2748 3502 2946 3557; x_wconf 84' lang='lat' dir='ltr'><strong>feriam</strong></span> <span class='ocrx_word' id='word_1_561' title='bbox 2970 3504 3214 3574; x_wconf 86' lang='lat' dir='ltr'><strong>primam</strong></span> <span class='ocrx_word' id='word_1_562' title='bbox 3238 3504 3528 3560; x_wconf 87' lang='lat' dir='ltr'><strong>incidente</strong></span> <span class='ocrx_word' id='word_1_563' title='bbox 3561 3508 3806 3575; x_wconf 85' lang='lat' dir='ltr'><strong>;Traja-</strong></span> 
     </span>
    </p>
   </div>
   <div class='ocr_carea' id='block_1_82' title="bbox 2143 3590 3802 3666">
    <p class='ocr_par' dir='ltr' id='par_1_82' title="bbox 2143 3590 3802 3666">
     <span class='ocr_line' id='line_1_82' title="bbox 2143 3590 3802 3666; baseline 0.002 -20"><span class='ocrx_word' id='word_1_564' title='bbox 2143 3605 2401 3662; x_wconf 87' lang='lat' dir='ltr'><strong>numque</strong></span> <span class='ocrx_word' id='word_1_565' title='bbox 2426 3591 2639 3646; x_wconf 89' lang='lat' dir='ltr'><strong>ibidem</strong></span> <span class='ocrx_word' id='word_1_566' title='bbox 2669 3590 3048 3658; x_wconf 88' lang='lat' dir='ltr'><strong>biemantem,</strong></span> <span class='ocrx_word' id='word_1_567' title='bbox 3080 3597 3229 3647; x_wconf 86' lang='lat' dir='ltr'><strong>teste</strong></span> <span class='ocrx_word' id='word_1_568' title='bbox 3271 3594 3446 3648; x_wconf 87' lang='lat' dir='ltr'><strong>Dione</strong></span> <span class='ocrx_word' id='word_1_569' title='bbox 3477 3595 3609 3663; x_wconf 70' lang='lat'><strong>(70),</strong></span> <span class='ocrx_word' id='word_1_570' title='bbox 3643 3611 3802 3666; x_wconf 86' lang='lat' dir='ltr'><strong>pene</strong></span> 
     </span>
    </p>
   </div>
   <div class='ocr_carea' id='block_1_83' title="bbox 2141 3679 3792 3754">
    <p class='ocr_par' dir='ltr' id='par_1_83' title="bbox 2141 3679 3792 3754">
     <span class='ocr_line' id='line_1_83' title="bbox 2141 3679 3792 3754; baseline 0.001 -19"><span class='ocrx_word' id='word_1_571' title='bbox 2141 3679 2451 3750; x_wconf 88' lang='lat' dir='ltr'><strong>oppressit.</strong></span> <span class='ocrx_word' id='word_1_572' title='bbox 2487 3683 2628 3734; x_wconf 90' lang='lat' dir='ltr'><strong>Cum</strong></span> <span class='ocrx_word' id='word_1_573' title='bbox 2661 3684 2854 3734; x_wconf 89' lang='lat' dir='ltr'><strong>autem</strong></span> <span class='ocrx_word' id='word_1_574' title='bbox 2887 3679 3210 3736; x_wconf 78' lang='lat' dir='ltr'><strong>idololatria</strong></span> <span class='ocrx_word' id='word_1_575' title='bbox 3248 3680 3305 3736; x_wconf 93' lang='lat' dir='ltr'><strong>in</strong></span> <span class='ocrx_word' id='word_1_576' title='bbox 3339 3698 3499 3738; x_wconf 92' lang='lat' dir='ltr'><strong>more</strong></span> <span class='ocrx_word' id='word_1_577' title='bbox 3530 3683 3792 3754; x_wconf 85' lang='lat' dir='ltr'><strong>positum</strong></span> 
     </span>
    </p>
   </div>
   <div class='ocr_carea' id='block_1_84' title="bbox 2139 3767 3802 3839">
    <p class='ocr_par' dir='ltr' id='par_1_84' title="bbox 2139 3767 3802 3839">
     <span class='ocr_line' id='line_1_84' title="bbox 2139 3767 3802 3839; baseline 0.002 -16"><span class='ocrx_word' id='word_1_578' title='bbox 2139 3774 2295 3823; x_wconf 89' lang='lat' dir='ltr'><strong>esset</strong></span> <span class='ocrx_word' id='word_1_579' title='bbox 2318 3768 2376 3822; x_wconf 89' lang='lat' dir='ltr'><strong>in</strong></span> <span class='ocrx_word' id='word_1_580' title='bbox 2397 3767 2860 3823; x_wconf 82' lang='lat' dir='ltr'><strong>Christianorum</strong></span> <span class='ocrx_word' id='word_1_581' title='bbox 2878 3768 3167 3824; x_wconf 86' lang='lat' dir='ltr'><strong>excidium</strong></span> <span class='ocrx_word' id='word_1_582' title='bbox 3185 3769 3514 3826; x_wconf 87' lang='lat' dir='ltr'><strong>calumnias</strong></span> <span class='ocrx_word' id='word_1_583' title='bbox 3540 3776 3802 3839; x_wconf 87' lang='lat' dir='ltr'><strong>struere,</strong></span> 
     </span>
    </p>
   </div>
   <div class='ocr_carea' id='block_1_85' title="bbox 2139 3857 3801 3932">
    <p class='ocr_par' dir='ltr' id='par_1_85' title="bbox 2139 3857 3801 3932">
     <span class='ocr_line' id='line_1_85' title="bbox 2139 3857 3801 3932; baseline 0.002 -20"><span class='ocrx_word' id='word_1_584' title='bbox 2139 3857 2376 3928; x_wconf 88' lang='lat' dir='ltr'><strong>illisque</strong></span> <span class='ocrx_word' id='word_1_585' title='bbox 2396 3857 2644 3914; x_wconf 89' lang='lat' dir='ltr'><strong>maxime</strong></span> <span class='ocrx_word' id='word_1_586' title='bbox 2671 3858 2934 3912; x_wconf 91' lang='lat' dir='ltr'><strong>omnium</strong></span> <span class='ocrx_word' id='word_1_587' title='bbox 2970 3857 3235 3929; x_wconf 88' lang='lat' dir='ltr'><strong>publicas</strong></span> <span class='ocrx_word' id='word_1_588' title='bbox 3267 3859 3632 3915; x_wconf 85' lang='lat' dir='ltr'><strong>calamitates</strong></span> <span class='ocrx_word' id='word_1_589' title='bbox 3664 3878 3801 3932; x_wconf 83' lang='lat' dir='ltr'><strong>pas-</strong></span> 
     </span>
    </p>
   </div>
   <div class='ocr_carea' id='block_1_86' title="bbox 2139 3946 3796 4018">
    <p class='ocr_par' dir='ltr' id='par_1_86' title="bbox 2139 3946 3796 4018">
     <span class='ocr_line' id='line_1_86' title="bbox 2139 3946 3796 4018; baseline 0.001 -15"><span class='ocrx_word' id='word_1_590' title='bbox 2139 3947 2251 4004; x_wconf 91' lang='lat' dir='ltr'><strong>sim</strong></span> <span class='ocrx_word' id='word_1_591' title='bbox 2285 3946 2596 4014; x_wconf 89' lang='lat' dir='ltr'><strong>ascribere,</strong></span> <span class='ocrx_word' id='word_1_592' title='bbox 2633 3947 2767 4002; x_wconf 83' lang='lat' dir='ltr'><strong>inde</strong></span> <span class='ocrx_word' id='word_1_593' title='bbox 2799 3946 3079 4018; x_wconf 78' lang='lat' dir='ltr'><strong>colligunt</strong></span> <span class='ocrx_word' id='word_1_594' title='bbox 3120 3949 3290 4004; x_wconf 92' lang='lat' dir='ltr'><strong>modo</strong></span> <span class='ocrx_word' id='word_1_595' title='bbox 3323 3948 3547 4004; x_wconf 89' lang='lat' dir='ltr'><strong>laudati</strong></span> <span class='ocrx_word' id='word_1_596' title='bbox 3579 3949 3796 4018; x_wconf 89' lang='lat' dir='ltr'><strong>critici,</strong></span> 
     </span>
    </p>
   </div>
   <div class='ocr_carea' id='block_1_87' title="bbox 2139 4036 3800 4109">
    <p class='ocr_par' dir='ltr' id='par_1_87' title="bbox 2139 4036 3800 4109">
     <span class='ocr_line' id='line_1_87' title="bbox 2139 4036 3800 4109; baseline 0.001 -17"><span class='ocrx_word' id='word_1_597' title='bbox 2139 4054 2292 4093; x_wconf 90' lang='lat' dir='ltr'><strong>anno</strong></span> <span class='ocrx_word' id='word_1_598' title='bbox 2325 4036 2428 4091; x_wconf 86' lang='grc'>116</span> <span class='ocrx_word' id='word_1_599' title='bbox 2458 4036 2716 4103; x_wconf 88' lang='lat' dir='ltr'><strong>ineunte,</strong></span> <span class='ocrx_word' id='word_1_600' title='bbox 2752 4037 3066 4106; x_wconf 86' lang='lat' dir='ltr'><strong>Trajanum</strong></span> <span class='ocrx_word' id='word_1_601' title='bbox 3102 4037 3364 4109; x_wconf 89' lang='lat' dir='ltr'><strong>proximo</strong></span> <span class='ocrx_word' id='word_1_602' title='bbox 3398 4053 3526 4093; x_wconf 90' lang='lat' dir='ltr'><strong>vere</strong></span> <span class='ocrx_word' id='word_1_603' title='bbox 3560 4039 3618 4094; x_wconf 92' lang='lat' dir='ltr'><strong>in</strong></span> <span class='ocrx_word' id='word_1_604' title='bbox 3652 4038 3800 4094; x_wconf 86' lang='lat' dir='ltr'><strong>Par-</strong></span> 
     </span>
    </p>
   </div>
   <div class='ocr_carea' id='block_1_88' title="bbox 2139 4125 3800 4198">
    <p class='ocr_par' dir='ltr' id='par_1_88' title="bbox 2139 4125 3800 4198">
     <span class='ocr_line' id='line_1_88' title="bbox 2139 4125 3800 4198; baseline 0.001 -16"><span class='ocrx_word' id='word_1_605' title='bbox 2139 4125 2273 4182; x_wconf 89' lang='lat' dir='ltr'><strong>thos</strong></span> <span class='ocrx_word' id='word_1_606' title='bbox 2329 4126 2647 4182; x_wconf 86' lang='lat' dir='ltr'><strong>exercitum</strong></span> <span class='ocrx_word' id='word_1_607' title='bbox 2708 4125 3049 4195; x_wconf 91' lang='lat' dir='ltr'><strong>ducturum,</strong></span> <span class='ocrx_word' id='word_1_608' title='bbox 3092 4126 3149 4180; x_wconf 92' lang='lat' dir='ltr'><strong>in</strong></span> <span class='ocrx_word' id='word_1_609' title='bbox 3191 4127 3486 4198; x_wconf 87' lang='lat' dir='ltr'><strong>judicium</strong></span> <span class='ocrx_word' id='word_1_610' title='bbox 3549 4144 3800 4183; x_wconf 85' lang='lat' dir='ltr'><strong>vocasse</strong></span> 
     </span>
    </p>
   </div>
   <div class='ocr_carea' id='block_1_89' title="bbox 2138 4213 3801 4288">
    <p class='ocr_par' dir='ltr' id='par_1_89' title="bbox 2138 4213 3801 4288">
     <span class='ocr_line' id='line_1_89' title="bbox 2138 4213 3801 4288; baseline 0.001 -18"><span class='ocrx_word' id='word_1_611' title='bbox 2138 4213 2747 4286; x_wconf 85' lang='lat' dir='ltr'><strong>Ignatium,illustrem</strong></span> <span class='ocrx_word' id='word_1_612' title='bbox 2772 4213 3241 4272; x_wconf 85' lang='lat' dir='ltr'><strong>Christianorum</strong></span> <span class='ocrx_word' id='word_1_613' title='bbox 3292 4215 3350 4270; x_wconf 90' lang='lat' dir='ltr'><strong>in</strong></span> <span class='ocrx_word' id='word_1_614' title='bbox 3397 4216 3558 4288; x_wconf 90' lang='lat' dir='ltr'><strong>Syria</strong></span> <span class='ocrx_word' id='word_1_615' title='bbox 3589 4216 3801 4272; x_wconf 87' lang='lat' dir='ltr'><strong>docto-</strong></span> 
     </span>
    </p>
   </div>
   <div class='ocr_carea' id='block_1_90' title="bbox 2137 4302 3804 4378">
    <p class='ocr_par' dir='ltr' id='par_1_90' title="bbox 2137 4302 3804 4378">
     <span class='ocr_line' id='line_1_90' title="bbox 2137 4302 3804 4378; baseline 0.001 -18"><span class='ocrx_word' id='word_1_616' title='bbox 2137 4320 2280 4372; x_wconf 91' lang='lat' dir='ltr'><strong>rem,</strong></span> <span class='ocrx_word' id='word_1_617' title='bbox 2317 4302 2602 4376; x_wconf 89' lang='lat' dir='ltr'><strong>illumque</strong></span> <span class='ocrx_word' id='word_1_618' title='bbox 2634 4302 2830 4375; x_wconf 90' lang='lat' dir='ltr'><strong>palam</strong></span> <span class='ocrx_word' id='word_1_619' title='bbox 2862 4303 3162 4359; x_wconf 89' lang='lat' dir='ltr'><strong>Christum</strong></span> <span class='ocrx_word' id='word_1_620' title='bbox 3211 4305 3581 4360; x_wconf 78' lang='lat' dir='ltr'><strong>conﬁtentem</strong></span> <span class='ocrx_word' id='word_1_621' title='bbox 3614 4323 3804 4378; x_wconf 80' lang='lat' dir='ltr'><strong>seque</strong></span> 
     </span>
    </p>
   </div>
   <div class='ocr_carea' id='block_1_91' title="bbox 2138 4393 3798 4465">
    <p class='ocr_par' dir='ltr' id='par_1_91' title="bbox 2138 4393 3798 4465">
     <span class='ocr_line' id='line_1_91' title="bbox 2138 4393 3798 4465; baseline 0.002 -17"><span class='ocrx_word' id='word_1_622' title='bbox 2138 4394 2208 4448; x_wconf 88' lang='lat' dir='ltr'><strong>de</strong></span> <span class='ocrx_word' id='word_1_623' title='bbox 2229 4393 2645 4465; x_wconf 88' lang='lat' dir='ltr'><strong>superstitione</strong></span> <span class='ocrx_word' id='word_1_624' title='bbox 2671 4393 3183 4464; x_wconf 87' lang='lat' dir='ltr'><strong>cbjurgantcm,ad</strong></span> <span class='ocrx_word' id='word_1_625' title='bbox 3210 4394 3424 4449; x_wconf 88' lang='lat' dir='ltr'><strong>bestias</strong></span> <span class='ocrx_word' id='word_1_626' title='bbox 3442 4395 3798 4452; x_wconf 85' lang='lat' dir='ltr'><strong>damnatum</strong></span> 
     </span>
    </p>
   </div>
   <div class='ocr_carea' id='block_1_92' title="bbox 2137 4481 3801 4554">
    <p class='ocr_par' dir='ltr' id='par_1_92' title="bbox 2137 4481 3801 4554">
     <span class='ocr_line' id='line_1_92' title="bbox 2137 4481 3801 4554; baseline -0.004 -8"><span class='ocrx_word' id='word_1_627' title='bbox 2137 4491 2376 4546; x_wconf 85' lang='lat' dir='ltr'><strong>Romam</strong></span> <span class='ocrx_word' id='word_1_628' title='bbox 2400 4482 2798 4553; x_wconf 89' lang='lat' dir='ltr'><strong>ducijussisse</strong></span> <span class='ocrx_word' id='word_1_629' title='bbox 2825 4498 2837 4535; x_wconf 91' lang='lat'><strong>:</strong></span> <span class='ocrx_word' id='word_1_630' title='bbox 2864 4497 2978 4552; x_wconf 92' lang='lat' dir='ltr'><strong>quo</strong></span> <span class='ocrx_word' id='word_1_631' title='bbox 2994 4481 3229 4536; x_wconf 87' lang='lat' dir='ltr'><strong>demum</strong></span> <span class='ocrx_word' id='word_1_632' title='bbox 3249 4497 3381 4537; x_wconf 90' lang='lat' dir='ltr'><strong>cum</strong></span> <span class='ocrx_word' id='word_1_633' title='bbox 3400 4486 3530 4553; x_wconf 81' lang='lat' dir='ltr'><strong>post</strong></span> <span class='ocrx_word' id='word_1_634' title='bbox 3545 4481 3801 4554; x_wconf 84' lang='lat' dir='ltr'><strong>longum</strong></span> 
     </span>
    </p>
   </div>
   <div class='ocr_carea' id='block_1_93' title="bbox 2134 4570 3804 4649">
    <p class='ocr_par' dir='ltr' id='par_1_93' title="bbox 2134 4570 3804 4649">
     <span class='ocr_line' id='line_1_93' title="bbox 2134 4570 3804 4649; baseline -0.005 -14"><span class='ocrx_word' id='word_1_635' title='bbox 2134 4580 2244 4636; x_wconf 91' lang='lat' dir='ltr'><strong>iter</strong></span> <span class='ocrx_word' id='word_1_636' title='bbox 2273 4573 2658 4649; x_wconf 83' lang='lat' dir='ltr'><strong>pervenisset,</strong></span> <span class='ocrx_word' id='word_1_637' title='bbox 2683 4570 2887 4627; x_wconf 89' lang='lat' dir='ltr'><strong>eodem</strong></span> <span class='ocrx_word' id='word_1_638' title='bbox 2921 4587 3072 4626; x_wconf 89' lang='lat' dir='ltr'><strong>anno</strong></span> <span class='ocrx_word' id='word_1_639' title='bbox 3109 4571 3209 4624; x_wconf 85' lang='grc'>116</span> <span class='ocrx_word' id='word_1_640' title='bbox 3242 4571 3566 4635; x_wconf 82' lang='lat' dir='ltr'><strong>desinente,</strong></span> <span class='ocrx_word' id='word_1_641' title='bbox 3598 4571 3694 4626; x_wconf 90' lang='lat' dir='ltr'><strong>die</strong></span> <span class='ocrx_word' id='word_1_642' title='bbox 3721 4572 3804 4626; x_wconf 85' lang='lat' dir='ltr'><strong>2O</strong></span> 
     </span>
    </p>
   </div>
   <div class='ocr_carea' id='block_1_94' title="bbox 382 4659 3804 4738">
    <p class='ocr_par' dir='ltr' id='par_1_94' title="bbox 382 4659 3804 4738">
     <span class='ocr_line' id='line_1_94' title="bbox 382 4659 3804 4738; baseline 0 -22"><span class='ocrx_word' id='word_1_643' title='bbox 382 4673 501 4735; x_wconf 76' lang='lat' dir='ltr'><strong>net,</strong></span> <span class='ocrx_word' id='word_1_644' title='bbox 535 4665 827 4738; x_wconf 82' lang='lat' dir='ltr'><strong>integrum</strong></span> <span class='ocrx_word' id='word_1_645' title='bbox 875 4678 1000 4717; x_wconf 87' lang='lat' dir='ltr'><strong>esse</strong></span> <span class='ocrx_word' id='word_1_646' title='bbox 1031 4677 1094 4716; x_wconf 85' lang='lat' dir='ltr'><strong>ac</strong></span> <span class='ocrx_word' id='word_1_647' title='bbox 1127 4659 1448 4732; x_wconf 88' lang='lat' dir='ltr'><strong>genuinum</strong></span> <span class='ocrx_word' id='word_1_648' title='bbox 1493 4659 1836 4715; x_wconf 89' lang='lat' dir='ltr'><strong>decernunt.</strong></span> <span class='ocrx_word' id='word_1_649' title='bbox 1870 4659 2030 4718; x_wconf 85' lang='lat' dir='ltr'><strong>Unus</strong></span> <span class='ocrx_word' id='word_1_650' title='bbox 2062 4667 2106 4730; x_wconf 86' lang='lat' dir='ltr'><strong>D</strong></span> <span class='ocrx_word' id='word_1_651' title='bbox 2137 4663 2494 4731; x_wconf 88' lang='lat' dir='ltr'><strong>Decembris,</strong></span> <span class='ocrx_word' id='word_1_652' title='bbox 2514 4664 2576 4715; x_wconf 89' lang='lat' dir='ltr'><strong>ut</strong></span> <span class='ocrx_word' id='word_1_653' title='bbox 2605 4660 2733 4729; x_wconf 90' lang='lat' dir='ltr'><strong>ejus</strong></span> <span class='ocrx_word' id='word_1_654' title='bbox 2766 4662 2906 4714; x_wconf 82' lang='lat' dir='ltr'><strong>Acta</strong></span> <span class='ocrx_word' id='word_1_655' title='bbox 2931 4662 3227 4714; x_wconf 88' lang='lat' dir='ltr'><strong>testantur</strong></span> <span class='ocrx_word' id='word_1_656' title='bbox 3259 4660 3674 4729; x_wconf 80' lang='lat' dir='ltr'><strong>(7t),martyrio</strong></span> <span class='ocrx_word' id='word_1_657' title='bbox 3704 4667 3804 4716; x_wconf 90' lang='lat' dir='ltr'><strong>est</strong></span> 
     </span>
    </p>
   </div>
   <div class='ocr_carea' id='block_1_95' title="bbox 387 4748 2027 4824">
    <p class='ocr_par' dir='ltr' id='par_1_95' title="bbox 387 4748 2027 4824">
     <span class='ocr_line' id='line_1_95' title="bbox 387 4748 2027 4824; baseline -0.004 -12"><span class='ocrx_word' id='word_1_658' title='bbox 387 4755 637 4813; x_wconf 88' lang='lat' dir='ltr'><strong>Grabius</strong></span> <span class='ocrx_word' id='word_1_659' title='bbox 672 4753 897 4824; x_wconf 89' lang='lat' dir='ltr'><strong>potiora</strong></span> <span class='ocrx_word' id='word_1_660' title='bbox 926 4751 1138 4806; x_wconf 83' lang='lat' dir='ltr'><strong>horum</strong></span> <span class='ocrx_word' id='word_1_661' title='bbox 1170 4751 1444 4805; x_wconf 86' lang='lat' dir='ltr'><strong>Actorum</strong></span> <span class='ocrx_word' id='word_1_662' title='bbox 1477 4749 1665 4819; x_wconf 91' lang='lat' dir='ltr'><strong>capita</strong></span> <span class='ocrx_word' id='word_1_663' title='bbox 1711 4748 1869 4804; x_wconf 88' lang='lat' dir='ltr'><strong>velut</strong></span> <span class='ocrx_word' id='word_1_664' title='bbox 1909 4751 2027 4806; x_wconf 91' lang='lat' dir='ltr'><strong>sin-</strong></span> 
     </span>
    </p>
   </div>
   <div class='ocr_carea' id='block_1_96' title="bbox 388 4843 2030 4917">
    <p class='ocr_par' dir='ltr' id='par_1_96' title="bbox 388 4843 2030 4917">
     <span class='ocr_line' id='line_1_96' title="bbox 388 4843 2030 4917; baseline -0.003 -13"><span class='ocrx_word' id='word_1_665' title='bbox 388 4865 519 4904; x_wconf 88' lang='lat' dir='ltr'><strong>cera</strong></span> <span class='ocrx_word' id='word_1_666' title='bbox 577 4844 866 4917; x_wconf 88' lang='lat' dir='ltr'><strong>recipiens</strong></span> <span class='ocrx_word' id='word_1_667' title='bbox 924 4843 1059 4915; x_wconf 88' lang='lat'><strong>(66),</strong></span> <span class='ocrx_word' id='word_1_668' title='bbox 1110 4844 1466 4914; x_wconf 88' lang='lat' dir='ltr'><strong>postremam</strong></span> <span class='ocrx_word' id='word_1_669' title='bbox 1518 4845 1740 4912; x_wconf 84' lang='lat' dir='ltr'><strong>partem</strong></span> <span class='ocrx_word' id='word_1_670' title='bbox 1791 4843 2030 4899; x_wconf 89' lang='lat' dir='ltr'><strong>omnino</strong></span> 
     </span>
    </p>
   </div>
   <div class='ocr_carea' id='block_1_97' title="bbox 383 4930 2031 5009">
    <p class='ocr_par' dir='ltr' id='par_1_97' title="bbox 383 4930 2031 5009">
     <span class='ocr_line' id='line_1_97' title="bbox 383 4930 2031 5009; baseline -0.003 -16"><span class='ocrx_word' id='word_1_671' title='bbox 383 4935 644 5009; x_wconf 86' lang='lat' dir='ltr'><strong>spuriam</strong></span> <span class='ocrx_word' id='word_1_672' title='bbox 677 4937 733 4989; x_wconf 90' lang='lat' dir='ltr'><strong>et</strong></span> <span class='ocrx_word' id='word_1_673' title='bbox 763 4933 835 4988; x_wconf 89' lang='lat' dir='ltr'><strong>ab</strong></span> <span class='ocrx_word' id='word_1_674' title='bbox 865 4931 1278 5003; x_wconf 87' lang='lat' dir='ltr'><strong>interpolatore</strong></span> <span class='ocrx_word' id='word_1_675' title='bbox 1309 4930 1564 5002; x_wconf 89' lang='lat' dir='ltr'><strong>quodam</strong></span> <span class='ocrx_word' id='word_1_676' title='bbox 1597 4940 1857 4987; x_wconf 88' lang='lat' dir='ltr'><strong>assutam</strong></span> <span class='ocrx_word' id='word_1_677' title='bbox 1879 4933 2031 4988; x_wconf 90' lang='lat' dir='ltr'><strong>arbi-</strong></span> 
     </span>
    </p>
   </div>
   <div class='ocr_carea' id='block_1_98' title="bbox 387 5030 599 5084">
    <p class='ocr_par' dir='ltr' id='par_1_98' title="bbox 387 5030 599 5084">
     <span class='ocr_line' id='line_1_98' title="bbox 387 5030 599 5084; baseline -0.019 0"><span class='ocrx_word' id='word_1_678' title='bbox 387 5030 599 5084; x_wconf 88' lang='lat' dir='ltr'><strong>tratur.</strong></span> 
     </span>
    </p>
   </div>
   <div class='ocr_carea' id='block_1_99' title="bbox 454 5109 2032 5186">
    <p class='ocr_par' dir='ltr' id='par_1_99' title="bbox 454 5109 2032 5186">
     <span class='ocr_line' id='line_1_99' title="bbox 454 5109 2032 5186; baseline -0.003 -14"><span class='ocrx_word' id='word_1_679' title='bbox 454 5115 596 5173; x_wconf 87' lang='lat' dir='ltr'><strong>Hinc</strong></span> <span class='ocrx_word' id='word_1_680' title='bbox 628 5115 826 5186; x_wconf 85' lang='lat' dir='ltr'><strong>itaque</strong></span> <span class='ocrx_word' id='word_1_681' title='bbox 857 5115 998 5168; x_wconf 72' lang='lat' dir='ltr'><strong>ortae</strong></span> <span class='ocrx_word' id='word_1_682' title='bbox 1025 5110 1201 5166; x_wconf 62' lang='lat' dir='ltr'><strong>variae</strong></span> <span class='ocrx_word' id='word_1_683' title='bbox 1229 5110 1485 5166; x_wconf 90' lang='lat' dir='ltr'><strong>virorum</strong></span> <span class='ocrx_word' id='word_1_684' title='bbox 1510 5109 1872 5167; x_wconf 88' lang='lat' dir='ltr'><strong>eruditorum</strong></span> <span class='ocrx_word' id='word_1_685' title='bbox 1905 5129 2032 5168; x_wconf 84' lang='lat' dir='ltr'><strong>sen-</strong></span> 
     </span>
    </p>
   </div>
   <div class='ocr_carea' id='block_1_100' title="bbox 451 5236 1380 5314">
    <p class='ocr_par' dir='ltr' id='par_1_100' title="bbox 451 5236 1380 5314">
     <span class='ocr_line' id='line_1_100' title="bbox 451 5236 1380 5314; baseline -0.01 -15"><span class='ocrx_word' id='word_1_686' title='bbox 451 5245 563 5314; x_wconf 84' lang='grc'>(61)</span> <span class='ocrx_word' id='word_1_687' title='bbox 595 5243 783 5312; x_wconf 82' lang='lat' dir='ltr'><strong>lgnat.</strong></span> <span class='ocrx_word' id='word_1_688' title='bbox 817 5240 897 5314; x_wconf 86' lang='lat' dir='ltr'><strong>ad_</strong></span> <span class='ocrx_word' id='word_1_689' title='bbox 918 5241 1094 5303; x_wconf 85' lang='lat' dir='ltr'><strong>Rom.,</strong></span> <span class='ocrx_word' id='word_1_690' title='bbox 1126 5253 1254 5314; x_wconf 63' lang='lat' dir='ltr'><strong>cap1</strong></span> <span class='ocrx_word' id='word_1_691' title='bbox 1291 5236 1380 5292; x_wconf 76' lang='grc'><strong>10.</strong></span> 
     </span>
    </p>
   </div>
   <div class='ocr_carea' id='block_1_101' title="bbox 454 5308 2026 5389">
    <p class='ocr_par' dir='ltr' id='par_1_101' title="bbox 454 5308 2026 5389">
     <span class='ocr_line' id='line_1_101' title="bbox 454 5308 2026 5389; baseline -0.004 -17"><span class='ocrx_word' id='word_1_692' title='bbox 454 5308 577 5389; x_wconf 61' lang='grc'>(62⁷)</span> <span class='ocrx_word' id='word_1_693' title='bbox 599 5308 811 5372; x_wconf 73' lang='grc' dir='ltr'><strong>Οὐαὶη.</strong></span> <span class='ocrx_word' id='word_1_694' title='bbox 865 5312 1164 5368; x_wconf 85' lang='lat' dir='ltr'><strong>Comment.</strong></span> <span class='ocrx_word' id='word_1_695' title='bbox 1221 5309 1284 5364; x_wconf 78' lang='lat' dir='ltr'><strong>de</strong></span> <span class='ocrx_word' id='word_1_696' title='bbox 1324 5309 1582 5379; x_wconf 84' lang='lat' dir='ltr'><strong>scriptor,</strong></span> <span class='ocrx_word' id='word_1_697' title='bbox 1615 5308 1826 5376; x_wconf 83' lang='lat' dir='ltr'><strong>eccles.,</strong></span> <span class='ocrx_word' id='word_1_698' title='bbox 1878 5313 1917 5364; x_wconf 92' lang='lat' dir='ltr'><strong>t.</strong></span> <span class='ocrx_word' id='word_1_699' title='bbox 1983 5313 2026 5381; x_wconf 87' lang='lat' dir='ltr'><strong>l,</strong></span> 
     </span>
    </p>
   </div>
   <div class='ocr_carea' id='block_1_102' title="bbox 387 5388 2024 5529">
    <p class='ocr_par' dir='ltr' id='par_1_102' title="bbox 387 5388 2024 5529">
     <span class='ocr_line' id='line_1_102' title="bbox 387 5388 2024 5529; baseline -0.002 -16"><span class='ocrx_word' id='word_1_700' title='bbox 387 5388 804 5529; x_wconf 49' lang='grc' dir='ltr'><strong>β’(ἐξῗὲεειιὶε.</strong></span> <span class='ocrx_word' id='word_1_701' title='bbox 839 5453 1138 5529; x_wconf 70' lang='lat' dir='ltr'><strong>Animadv.</strong></span> <span class='ocrx_word' id='word_1_702' title='bbox 1172 5454 1231 5508; x_wconf 85' lang='lat' dir='ltr'><strong>in</strong></span> <span class='ocrx_word' id='word_1_703' title='bbox 1273 5451 1476 5508; x_wconf 81' lang='lat' dir='ltr'><strong>Euseb.</strong></span> <span class='ocrx_word' id='word_1_704' title='bbox 1507 5450 1736 5516; x_wconf 68' lang='lat' dir='ltr'><strong>Chrom,</strong></span> <span class='ocrx_word' id='word_1_705' title='bbox 1770 5452 1838 5505; x_wconf 84' lang='lat' dir='ltr'><strong>ad</strong></span> <span class='ocrx_word' id='word_1_706' title='bbox 1891 5471 2024 5508; x_wconf 83' lang='lat' dir='ltr'><strong>ann.</strong></span> 
     </span>
    </p>
   </div>
   <div class='ocr_carea' id='block_1_103' title="bbox 388 5527 1004 5598">
    <p class='ocr_par' dir='ltr' id='par_1_103' title="bbox 388 5527 1004 5598">
     <span class='ocr_line' id='line_1_103' title="bbox 388 5527 1004 5598; baseline -0.006 -14"><span class='ocrx_word' id='word_1_707' title='bbox 388 5546 680 5590; x_wconf 74' lang='lat' dir='ltr'><strong>MMCXXIH.</strong></span> <span class='ocrx_word' id='word_1_708' title='bbox 714 5527 846 5598; x_wconf 76' lang='lat' dir='ltr'><strong>pag.</strong></span> <span class='ocrx_word' id='word_1_709' title='bbox 877 5527 1004 5581; x_wconf 84' lang='lat'><strong>207.</strong></span> 
     </span>
    </p>
   </div>
   <div class='ocr_carea' id='block_1_104' title="bbox 458 5595 2028 5670">
    <p class='ocr_par' dir='ltr' id='par_1_104' title="bbox 458 5595 2028 5670">
     <span class='ocr_line' id='line_1_104' title="bbox 458 5595 2028 5670; baseline -0.001 -17"><span class='ocrx_word' id='word_1_710' title='bbox 458 5601 572 5670; x_wconf 86' lang='grc'>(64)</span> <span class='ocrx_word' id='word_1_711' title='bbox 600 5595 928 5656; x_wconf 73' lang='lat' dir='ltr'><strong>Heumann.</strong></span> <span class='ocrx_word' id='word_1_712' title='bbox 966 5599 1239 5669; x_wconf 79' lang='lat' dir='ltr'><strong>Conspect.</strong></span> <span class='ocrx_word' id='word_1_713' title='bbox 1271 5597 1416 5667; x_wconf 85' lang='lat' dir='ltr'><strong>reip.</strong></span> <span class='ocrx_word' id='word_1_714' title='bbox 1449 5595 1642 5663; x_wconf 83' lang='lat' dir='ltr'><strong>litter.,</strong></span> <span class='ocrx_word' id='word_1_715' title='bbox 1675 5609 1728 5651; x_wconf 84' lang='grc' dir='ltr'>ο.</span> <span class='ocrx_word' id='word_1_716' title='bbox 1760 5597 1819 5665; x_wconf 89' lang='lat'><strong>7,</strong></span> <span class='ocrx_word' id='word_1_717' title='bbox 1850 5600 2028 5663; x_wconf 84' lang='lat' dir='ltr'><strong>§xr.v,</strong></span> 
     </span>
    </p>
   </div>
   <div class='ocr_carea' id='block_1_105' title="bbox 389 5671 2030 5810">
    <p class='ocr_par' dir='ltr' id='par_1_105' title="bbox 389 5671 2030 5810">
     <span class='ocr_line' id='line_1_105' title="bbox 389 5671 2030 5810; baseline 0 -16"><span class='ocrx_word' id='word_1_718' title='bbox 389 5671 605 5810; x_wconf 38' lang='lat' dir='ltr'><strong>po</strong></span> <span class='ocrx_word' id='word_1_719' title='bbox 627 5738 915 5803; x_wconf 71' lang='lat' dir='ltr'><strong>Mamach.</strong></span> <span class='ocrx_word' id='word_1_720' title='bbox 948 5737 1208 5808; x_wconf 79' lang='lat' dir='ltr'><strong>Originn.</strong></span> <span class='ocrx_word' id='word_1_721' title='bbox 1236 5743 1287 5794; x_wconf 86' lang='lat' dir='ltr'><strong>et</strong></span> <span class='ocrx_word' id='word_1_722' title='bbox 1335 5739 1549 5810; x_wconf 83' lang='lat' dir='ltr'><strong>antiqq.</strong></span> <span class='ocrx_word' id='word_1_723' title='bbox 1597 5737 1826 5808; x_wconf 61' lang='lat' dir='ltr'><strong>Christ,</strong></span> <span class='ocrx_word' id='word_1_724' title='bbox 1860 5686 1909 5797; x_wconf 36' lang='lat' dir='ltr'><strong>t.&#39;</strong></span> <span class='ocrx_word' id='word_1_725' title='bbox 1934 5741 2030 5810; x_wconf 89' lang='lat' dir='ltr'><strong>IV,</strong></span> 
     </span>
    </p>
   </div>
   <div class='ocr_carea' id='block_1_106' title="bbox 2141 4747 3794 4819">
    <p class='ocr_par' dir='ltr' id='par_1_106' title="bbox 2141 4747 3794 4819">
     <span class='ocr_line' id='line_1_106' title="bbox 2141 4747 3794 4819; baseline -0.007 -8"><span class='ocrx_word' id='word_1_726' title='bbox 2141 4757 2473 4810; x_wconf 90' lang='lat' dir='ltr'><strong>coronatus.</strong></span> <span class='ocrx_word' id='word_1_727' title='bbox 2507 4748 2731 4814; x_wconf 89' lang='lat' dir='ltr'><strong>Quibus</strong></span> <span class='ocrx_word' id='word_1_728' title='bbox 2773 4747 2998 4819; x_wconf 86' lang='lat' dir='ltr'><strong>positis.</strong></span> <span class='ocrx_word' id='word_1_729' title='bbox 3036 4747 3263 4819; x_wconf 74' lang='lat' dir='ltr'><strong>scriptae</strong></span> <span class='ocrx_word' id='word_1_730' title='bbox 3316 4753 3456 4802; x_wconf 91' lang='lat' dir='ltr'><strong>sunt</strong></span> <span class='ocrx_word' id='word_1_731' title='bbox 3485 4764 3621 4818; x_wconf 89' lang='lat' dir='ltr'><strong>ergo</strong></span> <span class='ocrx_word' id='word_1_732' title='bbox 3662 4748 3794 4819; x_wconf 90' lang='lat' dir='ltr'><strong>epi-</strong></span> 
     </span>
    </p>
   </div>
   <div class='ocr_carea' id='block_1_107' title="bbox 2141 4837 3800 4912">
    <p class='ocr_par' dir='ltr' id='par_1_107' title="bbox 2141 4837 3800 4912">
     <span class='ocr_line' id='line_1_107' title="bbox 2141 4837 3800 4912; baseline -0.005 -11"><span class='ocrx_word' id='word_1_733' title='bbox 2141 4844 2302 4901; x_wconf 68' lang='lat' dir='ltr'><strong>stolae</strong></span> <span class='ocrx_word' id='word_1_734' title='bbox 2335 4838 2671 4912; x_wconf 75' lang='lat' dir='ltr'><strong>lgnatianas,</strong></span> <span class='ocrx_word' id='word_1_735' title='bbox 2704 4837 2776 4892; x_wconf 94' lang='lat' dir='ltr'><strong>ad</strong></span> <span class='ocrx_word' id='word_1_736' title='bbox 2813 4841 3064 4892; x_wconf 85' lang='lat' dir='ltr'><strong>mentem</strong></span> <span class='ocrx_word' id='word_1_737' title='bbox 3099 4837 3509 4908; x_wconf 58' lang='lat' dir='ltr'><strong>praedictorum</strong></span> <span class='ocrx_word' id='word_1_738' title='bbox 3533 4837 3800 4893; x_wconf 87' lang='lat' dir='ltr'><strong>erudito-</strong></span> 
     </span>
    </p>
   </div>
   <div class='ocr_carea' id='block_1_108' title="bbox 2143 4925 3800 5002">
    <p class='ocr_par' dir='ltr' id='par_1_108' title="bbox 2143 4925 3800 5002">
     <span class='ocr_line' id='line_1_108' title="bbox 2143 4925 3800 5002; baseline -0.005 -12"><span class='ocrx_word' id='word_1_739' title='bbox 2143 4951 2292 5002; x_wconf 90' lang='lat' dir='ltr'><strong>rum,</strong></span> <span class='ocrx_word' id='word_1_740' title='bbox 2324 4931 2525 4987; x_wconf 90' lang='lat' dir='ltr'><strong>eodem</strong></span> <span class='ocrx_word' id='word_1_741' title='bbox 2559 4943 2712 4983; x_wconf 89' lang='lat' dir='ltr'><strong>anno</strong></span> <span class='ocrx_word' id='word_1_742' title='bbox 2741 4943 2866 4982; x_wconf 65' lang='lat' dir='ltr'><strong>sera</strong></span> <span class='ocrx_word' id='word_1_743' title='bbox 2897 4925 3154 4998; x_wconf 89' lang='lat' dir='ltr'><strong>vulgaris</strong></span> <span class='ocrx_word' id='word_1_744' title='bbox 3188 4927 3309 4995; x_wconf 86' lang='grc'>116,</span> <span class='ocrx_word' id='word_1_745' title='bbox 3343 4931 3603 4998; x_wconf 84' lang='lat' dir='ltr'><strong>Actaque</strong></span> <span class='ocrx_word' id='word_1_746' title='bbox 3635 4943 3800 4984; x_wconf 89' lang='lat' dir='ltr'><strong>mar-</strong></span> 
     </span>
    </p>
   </div>
   <div class='ocr_carea' id='block_1_109' title="bbox 2141 5015 3608 5096">
    <p class='ocr_par' dir='ltr' id='par_1_109' title="bbox 2141 5015 3608 5096">
     <span class='ocr_line' id='line_1_109' title="bbox 2141 5015 3608 5096; baseline -0.006 -16"><span class='ocrx_word' id='word_1_747' title='bbox 2141 5024 2274 5096; x_wconf 89' lang='lat' dir='ltr'><strong>tyrii</strong></span> <span class='ocrx_word' id='word_1_748' title='bbox 2306 5036 2457 5078; x_wconf 88' lang='lat' dir='ltr'><strong>anno</strong></span> <span class='ocrx_word' id='word_1_749' title='bbox 2488 5019 2832 5088; x_wconf 87' lang='lat' dir='ltr'><strong>insequente</strong></span> <span class='ocrx_word' id='word_1_750' title='bbox 2869 5015 2968 5070; x_wconf 80' lang='grc'><strong>117</strong></span> <span class='ocrx_word' id='word_1_751' title='bbox 2999 5015 3207 5071; x_wconf 89' lang='lat' dir='ltr'><strong>litteris</strong></span> <span class='ocrx_word' id='word_1_752' title='bbox 3239 5015 3608 5088; x_wconf 88' lang='lat' dir='ltr'><strong>consignata.</strong></span> 
     </span>
    </p>
   </div>
   <div class='ocr_carea' id='block_1_110' title="bbox 2216 5107 3793 5181">
    <p class='ocr_par' dir='ltr' id='par_1_110' title="bbox 2216 5107 3793 5181">
     <span class='ocr_line' id='line_1_110' title="bbox 2216 5107 3793 5181; baseline -0.004 -10"><span class='ocrx_word' id='word_1_753' title='bbox 2216 5112 2506 5171; x_wconf 88' lang='lat' dir='ltr'><strong>Posterior</strong></span> <span class='ocrx_word' id='word_1_754' title='bbox 2537 5125 2670 5166; x_wconf 89' lang='lat' dir='ltr'><strong>vero</strong></span> <span class='ocrx_word' id='word_1_755' title='bbox 2715 5107 3024 5174; x_wconf 87' lang='lat' dir='ltr'><strong>sententia,</strong></span> <span class='ocrx_word' id='word_1_756' title='bbox 3059 5124 3234 5180; x_wconf 91' lang='lat' dir='ltr'><strong>quam</strong></span> <span class='ocrx_word' id='word_1_757' title='bbox 3268 5125 3386 5181; x_wconf 68' lang='lat' dir='ltr'><strong>prae</strong></span> <span class='ocrx_word' id='word_1_758' title='bbox 3439 5109 3664 5164; x_wconf 64' lang='lat' dir='ltr'><strong>caeteris</strong></span> <span class='ocrx_word' id='word_1_759' title='bbox 3697 5126 3793 5164; x_wconf 84' lang='lat' dir='ltr'><strong>as-</strong></span> 
     </span>
    </p>
   </div>
   <div class='ocr_carea' id='block_1_111' title="bbox 2145 5259 3608 5381">
    <p class='ocr_par' dir='ltr' id='par_1_111' title="bbox 2145 5259 3608 5381">
     <span class='ocr_line' id='line_1_111' title="bbox 2145 5259 3608 5381; baseline -0.005 -12"><span class='ocrx_word' id='word_1_760' title='bbox 2145 5259 2534 5381; x_wconf 54' lang='lat' dir='ltr'><strong>p&#39;cé‘é’ia‘iis.</strong></span> <span class='ocrx_word' id='word_1_761' title='bbox 2568 5305 2828 5381; x_wconf 67' lang='lat' dir='ltr'><strong>spiqtteg.</strong></span> <span class='ocrx_word' id='word_1_762' title='bbox 2853 5305 2952 5381; x_wconf 77' lang='lat' dir='ltr'><strong>ss.</strong></span> <span class='ocrx_word' id='word_1_763' title='bbox 2983 5307 3297 5381; x_wconf 77' lang='lat' dir='ltr'><strong>PP._._t_om.</strong></span> <span class='ocrx_word' id='word_1_764' title='bbox 3325 5305 3398 5371; x_wconf 91' lang='lat' dir='ltr'><strong>Il,</strong></span> <span class='ocrx_word' id='word_1_765' title='bbox 3430 5322 3486 5377; x_wconf 90' lang='lat' dir='ltr'><strong>p.</strong></span> <span class='ocrx_word' id='word_1_766' title='bbox 3517 5307 3608 5361; x_wconf 86' lang='lat'><strong>22.</strong></span> 
     </span>
    </p>
   </div>
   <div class='ocr_carea' id='block_1_112' title="bbox 2237 5378 3508 5453">
    <p class='ocr_par' dir='ltr' id='par_1_112' title="bbox 2237 5378 3508 5453">
     <span class='ocr_line' id='line_1_112' title="bbox 2237 5378 3508 5453; baseline -0.007 -14"><span class='ocrx_word' id='word_1_767' title='bbox 2237 5378 2324 5453; x_wconf 87' lang='lat'>67)</span> <span class='ocrx_word' id='word_1_768' title='bbox 2357 5380 2524 5453; x_wconf 91' lang='lat' dir='ltr'><strong>Pagi._</strong></span> <span class='ocrx_word' id='word_1_769' title='bbox 2551 5378 2768 5453; x_wconf 62' lang='lat' dir='ltr'><strong>Critia,</strong></span> <span class='ocrx_word' id='word_1_770' title='bbox 2799 5379 2869 5453; x_wconf 77' lang='lat' dir='ltr'><strong>ad</strong></span> <span class='ocrx_word' id='word_1_771' title='bbox 2907 5395 3042 5453; x_wconf 80' lang='lat' dir='ltr'><strong>ann.</strong></span> <span class='ocrx_word' id='word_1_772' title='bbox 3085 5378 3269 5453; x_wconf 48' lang='lat'><strong>407,3</strong></span> <span class='ocrx_word' id='word_1_773' title='bbox 3296 5395 3354 5433; x_wconf 76' lang='grc' dir='ltr'>ιν</span> <span class='ocrx_word' id='word_1_774' title='bbox 3385 5394 3508 5453; x_wconf 71' lang='lat' dir='ltr'><strong>seq.</strong></span> 
     </span>
    </p>
   </div>
   <div class='ocr_carea' id='block_1_113' title="bbox 2213 5386 3589 5524">
    <p class='ocr_par' dir='ltr' id='par_1_113' title="bbox 2213 5386 3589 5524">
     <span class='ocr_line' id='line_1_113' title="bbox 2237 5386 3508 5453; baseline -0.007 -14"><span class='ocrx_word' id='word_1_775' title='bbox 2237 5386 2324 5453; x_wconf 88' lang='lat'>67)</span> <span class='ocrx_word' id='word_1_776' title='bbox 2357 5386 2516 5451; x_wconf 88' lang='lat' dir='ltr'><strong>Pagi.</strong></span> <span class='ocrx_word' id='word_1_777' title='bbox 2551 5386 2768 5443; x_wconf 62' lang='lat' dir='ltr'><strong>Critia,</strong></span> <span class='ocrx_word' id='word_1_778' title='bbox 2799 5386 2869 5433; x_wconf 88' lang='lat' dir='ltr'><strong>ad</strong></span> <span class='ocrx_word' id='word_1_779' title='bbox 2907 5395 3042 5433; x_wconf 88' lang='lat' dir='ltr'><strong>ann.</strong></span> <span class='ocrx_word' id='word_1_780' title='bbox 3085 5386 3208 5446; x_wconf 77' lang='grc'>407,</span> <span class='ocrx_word' id='word_1_781' title='bbox 3241 5386 3354 5445; x_wconf 83' lang='lat' dir='ltr'><strong>§1v</strong></span> <span class='ocrx_word' id='word_1_782' title='bbox 3385 5394 3508 5448; x_wconf 82' lang='lat' dir='ltr'><strong>seq.</strong></span> 
     </span>
     <span class='ocr_line' id='line_1_114' title="bbox 2213 5386 3589 5524; baseline -0.004 -14"><span class='ocrx_word' id='word_1_783' title='bbox 2213 5386 2320 5524; x_wconf 43' lang='lat'>568)</span> <span class='ocrx_word' id='word_1_784' title='bbox 2351 5449 2750 5524; x_wconf 81' lang='lat' dir='ltr'><strong>Lequien_._0r.</strong></span> <span class='ocrx_word' id='word_1_785' title='bbox 2785 5449 3013 5524; x_wconf 53' lang='lat' dir='ltr'><strong>Christ,</strong></span> <span class='ocrx_word' id='word_1_786' title='bbox 3039 5453 3182 5505; x_wconf 90' lang='lat' dir='ltr'><strong>tom.</strong></span> <span class='ocrx_word' id='word_1_787' title='bbox 3220 5448 3431 5524; x_wconf 84' lang='lat' dir='ltr'><strong>l_I,_col.</strong></span> <span class='ocrx_word' id='word_1_788' title='bbox 3462 5450 3589 5505; x_wconf 85' lang='grc'>701.</span> 
     </span>
    </p>
   </div>
   <div class='ocr_carea' id='block_1_114' title="bbox 2215 5519 3786 5598">
    <p class='ocr_par' dir='ltr' id='par_1_114' title="bbox 2215 5519 3786 5598">
     <span class='ocr_line' id='line_1_115' title="bbox 2215 5519 3786 5598; baseline -0.005 -16"><span class='ocrx_word' id='word_1_789' title='bbox 2215 5519 2326 5598; x_wconf 82' lang='grc'>(69)</span> <span class='ocrx_word' id='word_1_790' title='bbox 2357 5519 2547 5598; x_wconf 11' lang='grc' dir='ltr'>Μᾲεὶιιὶ.</span> <span class='ocrx_word' id='word_1_791' title='bbox 2581 5521 2880 5598; x_wconf 67' lang='grc' dir='ltr'><strong>σὴνρῃρρν.</strong></span> <span class='ocrx_word' id='word_1_792' title='bbox 2912 5521 3015 5577; x_wconf 91' lang='lat' dir='ltr'><strong>lib.</strong></span> <span class='ocrx_word' id='word_1_793' title='bbox 3053 5537 3130 5589; x_wconf 79' lang='lat' dir='ltr'><strong>xi,</strong></span> <span class='ocrx_word' id='word_1_794' title='bbox 3164 5521 3274 5576; x_wconf 87' lang='lat' dir='ltr'><strong>sub</strong></span> <span class='ocrx_word' id='word_1_795' title='bbox 3304 5521 3521 5592; x_wconf 85' lang='lat' dir='ltr'><strong>init.,p.</strong></span> <span class='ocrx_word' id='word_1_796' title='bbox 3549 5535 3627 5576; x_wconf 72' lang='grc' dir='ltr'><strong>ιη.</strong></span> <span class='ocrx_word' id='word_1_797' title='bbox 3663 5519 3786 5574; x_wconf 87' lang='grc'>117.</span> 
     </span>
    </p>
   </div>
   <div class='ocr_carea' id='block_1_115' title="bbox 2213 5594 2801 5668">
    <p class='ocr_par' dir='ltr' id='par_1_115' title="bbox 2213 5594 2801 5668">
     <span class='ocr_line' id='line_1_116' title="bbox 2213 5594 2801 5668; baseline -0.012 -17"><span class='ocrx_word' id='word_1_798' title='bbox 2213 5594 2324 5668; x_wconf 83' lang='grc'>(70)</span> <span class='ocrx_word' id='word_1_799' title='bbox 2361 5596 2481 5662; x_wconf 92' lang='lat' dir='ltr'><strong>Dio,</strong></span> <span class='ocrx_word' id='word_1_800' title='bbox 2512 5609 2643 5665; x_wconf 87' lang='lat' dir='ltr'><strong>pag.</strong></span> <span class='ocrx_word' id='word_1_801' title='bbox 2675 5594 2801 5668; x_wconf 90' lang='lat'><strong>782_.</strong></span> 
     </span>
    </p>
   </div>
   <div class='ocr_carea' id='block_1_116' title="bbox 2213 5663 2937 5741">
    <p class='ocr_par' dir='ltr' id='par_1_116' title="bbox 2213 5663 2937 5741">
     <span class='ocr_line' id='line_1_117' title="bbox 2213 5663 2937 5741; baseline 0.001 -24"><span class='ocrx_word' id='word_1_802' title='bbox 2213 5663 2322 5741; x_wconf 76' lang='grc'>(11)</span> <span class='ocrx_word' id='word_1_803' title='bbox 2357 5668 2468 5722; x_wconf 88' lang='lat' dir='ltr'><strong>Act.</strong></span> <span class='ocrx_word' id='word_1_804' title='bbox 2500 5663 2734 5734; x_wconf 85' lang='lat' dir='ltr'><strong>martyr.</strong></span> <span class='ocrx_word' id='word_1_805' title='bbox 2767 5663 2937 5734; x_wconf 88' lang='lat' dir='ltr'><strong>Ignat.</strong></span> 
     </span>
    </p>
   </div>
   <div class='ocr_carea' id='block_1_117' title="bbox 2304 5527 2326 5740">
    <p class='ocr_par' dir='ltr' id='par_1_117' title="bbox 2304 5527 2326 5740">
     <span class='ocr_line' id='line_1_118' title="bbox 2304 5527 2326 5740; baseline 0 0"><span class='ocrx_word' id='word_1_806' title='bbox 2304 5527 2326 5740; x_wconf 68' lang='grc' dir='ltr'>ξ</span> 
     </span>
    </p>
   </div>
  </div>
