4026 6206
187 403 297 465 581
1255 395 1598 457 ANDREIE
1639 396 1897 457 GALLA:

2032 399 2053 458 l
2102 401 2524 463 PROCEMIA.
3477 408 3596 467 582

181 553 414 597 seruere
471 534 582 591 viri
631 531 988 600 doctissimi,
1069 530 1359 597 Usssrius,
1420 530 1831 588 Tillemontius
1862 536 1917 604 Α
1951 533 2149 590 dorum
2180 538 2422 593 Historia
2469 537 2580 609 (80)
2618 535 2949 593 Parthicam
3007 537 3244 610 Trajani
3286 541 3600 611 eXpeditio-

185 635 356 700 atque
408 640 598 697 nuper
653 621 982 688 Corsinius,
1032 638 1184 678 anno
1234 621 1450 677 Christi
1512 621 1639 691 107,
1670 621 1715 676 Τ
1749 637 1838 677 ra-
1953 639 2082 678 nem
2118 641 2270 680 anno
2307 625 2500 681 solum
2559 625 2624 682 U.
2667 626 2729 683 C.
2780 627 2886 681 865
2935 632 3268 699 susceptam
3330 631 3596 700 putavit;

183 719 305 792 jani
335 735 395 783 x,
427 722 486 770 S.
545 713 757 785 lgnatii
808 711 1157 784 martyrium
1209 711 1422 783 illigat,
1473 710 1844 782 sincerisque
1955 714 2454 783 quemadmodum
2517 732 2658 771 sane
2698 715 3600 791 Loydius(81),Fabrettus(82),

185 807 344 865 Actis
378 802 712 876 Ignatianis
745 801 916 856 inniti
954 801 1330 873 potissimum
1364 801 1744 873 comperitur.
1780 801 1842 855 in
1955 800 2224 858 Norisius
2255 804 2390 875 (83),
2455 806 2664 877 Pagius
2693 806 2825 878 (84).
2859 807 3184 875 Basnagius
3244 805 3357 880 (85)
3389 806 3604 880 aliique

191 898 281 954 his
313 896 477 952 enim
520 894 775 966 legimus
805 893 941 964 (72),
995 892 1316 963 Trajanum
1373 892 1638 948 confecto
1697 889 1848 948 bello
1958 891 2198 964 plurimi
2248 892 2585 949 Parthicum
2644 894 2753 950 hoc
2784 896 2898 950 iter
2926 899 3058 966 post
3089 904 3308 950 sextum
3337 897 3602 956 consula-

196 987 430 1055 Dacico,
455 982 682 1056 imperii
734 983 825 1037 sui
851 997 998 1037 anno
1026 997 1107 1051 ιι,
1163 978 1360 1052 ἑννάτῳ
1391 973 1495 1034 ἔτει
1553 982 1652 1044 τῆς
1684 978 1849 1033 αὺτοῦ

2031 998 2109 1047 m,
2142 997 2294 1037 anno
2339 981 2405 1038 U.
2435 984 2496 1038 C.
2531 983 2659 1051 865,
2692 1000 2725 1039 a
2756 984 3006 1054 Traiano
3039 984 3235 1039 Romae
3269 991 3606 1058 susceptum

209 1070 518 1151 βασιλείας,
569 1071 906 1143 festinanter
935 1071 1210 1124 Armeniis
1256 1077 1308 1125 et
1363 1069 1586 1124 Parthis
1651 1070 1852 1124 bellum
1959 1070 2276 1142 contigisse
2306 1072 2687 1128 contendunt.
2721 1071 3146 1130 Tilllemontius
3168 1090 3300 1129 vero
3325 1075 3461 1147 (86),
3493 1093 3607 1147 quo

206 1167 529 1232 ittaturum,
606 1154 977 1226 σπουδάζοντα
1004 1155 1094 1211 ὶπῖ
1151 1155 1438 1231 ’Λρμινέαν
1467 1157 1556 1212 καὶ
1589 1157 1854 1231 Πάρθους,

2023 1165 2115 1216 rte
2146 1176 2320 1216 nemo
2343 1161 2624 1216 subtilius
2655 1166 2832 1233 atque
2853 1163 3185 1218 accuratius
3215 1163 3366 1219 hanc
3396 1169 3616 1236 tempo-

206 1257 309 1311 iter
339 1249 626 1309 orientale
675 1248 1028 1321 suscepisse,
1062 1248 1172 1303 sub
1197 1248 1370 1303 tinem
1395 1248 1618 1304 scilicet
1642 1264 1853 1320 prace-
1965 1265 2093 1304 rum
2114 1258 2737 1321 rerumquegestarum
2766 1250 2976 1305 seriem
3009 1251 3350 1322 exploravit,
3385 1253 3613 1308 Baronii

205 1344 407 1399 dentis
441 1341 586 1397 anni
617 1339 722 1394 406
752 1355 768 1406 ;
803 1337 1094 1408 siquidem
1126 1352 1259 1392 cum
1291 1337 1748 1408 Trajanus,teste
1768 1335 1857 1391 vel
1966 1355 2032 1395 ac
2064 1339 2280 1394 Petavii
2309 1339 2572 1412 vestigiis
2606 1339 2906 1406 insistens,
2942 1339 3267 1395 Parthicam
3302 1341 3449 1397 hanc
3478 1347 3612 1399 Tra-

200 1433 329 1504 ipso
357 1431 593 1487 Joanne
643 1425 846 1484 Malala
882 1426 1015 1497 (73),
1051 1441 1249 1481 mense
1279 1425 1719 1498 Hyperheretaao
1741 1426 1860 1481 sive
1960 1427 2085 1498 jani
2117 1426 2362 1482 Caesaris
2389 1427 2817 1498 expeditionem
2841 1433 3090 1484 exeunte
3135 1445 3288 1484 anno
3318 1433 3387 1484 U.
3419 1433 3480 1484 C.
3511 1431 3614 1484 859

210 1520 441 1578 Octobri
503 1519 677 1574 Roma
738 1517 1042 1589 digressus
1096 1519 1272 1586 esset,
1345 1515 1605 1587 proximo
1664 1518 1856 1570 autem
1968 1516 2281 1587 contigisse
2311 1516 2690 1572 demonstrat.
2725 1515 2796 1571 Ut
2829 1520 3024 1572 autem
3058 1518 3258 1574 omnia
3283 1535 3408 1590 qua:
3439 1537 3470 1575 a
3501 1521 3613 1576 No-

205 1626 406 1668 mense
429 1606 723 1680 Appellaao
757 1607 876 1662 sive
899 1603 1200 1660 Decembri
1225 1603 1548 1660 Seleuciam
1574 1603 1866 1675 pervenis-
1971 1605 2111 1661 riio
2143 1605 2479 1676 caaterisque
2513 1605 2811 1676 proposita
2866 1606 3116 1676 fuerant,
3147 1611 3409 1663 accurate
3435 1609 3607 1681 expli~

211 1707 314 1770 set,
337 1697 712 1755 Antiochiam
746 1696 982 1751 demum
1015 1693 1192 1765 Syriae
1234 1693 1536 1766 ingressu
1591 1697 1680 1750 cst
1731 1691 1866 1765 μηνὶ
1969 1694 2087 1749 cari
2112 1693 2410 1764 simulque
2457 1693 2728 1764 componi
2777 1695 3024 1765 possint,
3049 1695 3458 1752 Tillemontius
3494 1698 3618 1769 ipse

212 1786 522 1860 Αὖδυναίῳ,
578 1789 656 1856 τῷ
722 1784 814 1838 mi
873 1781 1243 1857 Ἰαννουαρίῳ,
1301 1777 1510 1856 ἐϐδόμῃ
1545 1779 1746 1856 ἡμέρᾳ,
1779 1782 1865 1851 εκ,

2023 1783 2302 1839 bservavit
2332 1783 2484 1854 quod
2537 1781 2748 1854 duplex
2793 1784 3029 1854 Trajani
3087 1784 3147 1838 in
3187 1785 3478 1841 Orientem
3512 1787 3613 1842 iter

221 1876 332 1954 ὥρᾳ
358 1852 605 1951 ἡμέρινῇ
631 1852 700 1943 ⁷δ’,
732 1897 760 1925 ‹‹
810 1890 1011 1930 mense
1062 1852 1355 1946 Audjrnmo
1387 1852 1506 1928 sive
1559 1852 1863 1940 Januario,
1898 1852 1943 1918 Β
1973 1871 2258 1943 distingui
2292 1852 2464 1928 debet
2492 1889 2505 1928 :
2535 1876 2598 1926 ut
2622 1852 2686 1926 in
2719 1852 2920 1944 primo
2941 1872 3175 1944 quidem
3209 1875 3620 1946 TrajanusAr-

217 1971 304 2025 die
329 1967 607 2040 septima,
659 1963 802 2020 feria
825 1963 1052 2035 quinta,
1085 1962 1227 2017 hora
1257 1963 1460 2031 quarta
1483 1961 1792 2016 matutina.
1831 1982 1852 2007 ι
1968 1960 2222 2016 meniam
2286 1978 2352 2015 ac
2394 1961 2872 2032 Mesopotamiam
2908 1960 2968 2016 in
2999 1961 3271 2017 Romanae
3303 1955 3609 2035 provincias

216 2060 291 2115 Ex
317 2073 438 2130 quo
501 2054 656 2110 teriaa
689 2051 927 2124 quintae,
967 2068 1099 2106 cum
1158 2052 1396 2122 septima
1458 2051 1550 2105 die
1598 2049 1856 2104 Januarii
1967 2051 2212 2107 formam
2236 2050 2890 2123 redegeritPartheque
2924 2067 3168 2123 regnum
3201 2051 3623 2108 Chrosroireli—

213 2165 363 2204 anno
395 2161 526 2202 tersa
563 2141 902 2198 Christianae
937 2141 1039 2196 107
1078 2139 1499 2207 concurrentis,
1530 2139 1862 2195 charactere
1966 2141 2158 2214 querit
2205 2158 2218 2195 :
2272 2141 2328 2196 in
2391 2142 2646 2196 secundo
2700 2157 2832 2196 vero
2888 2139 3109 2197 Parthis
3161 2141 3323 2211 ipsis,
3384 2142 3623 2214 expulso

216 2235 439 2308 colligit
493 2232 760 2290 Usserius
811 2231 948 2303 (7.5),
984 2231 1088 2286 hoc
1134 2230 1263 2302 ipso
1321 2247 1473 2285 anno
1528 2230 1784 2296 ineunte,
1830 2244 1864 2282 a
1968 2232 2240 2299 Cbosroe,
2276 2247 2469 2303 regem
2504 2231 2680 2286 alium
2709 2231 3079 2287 concesserit.
3115 2252 3143 2279 »

219 2327 472 2397 Trajano
534 2321 846 2377 Antiochiae
879 2320 951 2374 ad
983 2319 1410 2392 expeditionem
1440 2317 1767 2373 Parthicam
1801 2333 1863 2372 se
2046 2325 2124 2377 Ac
2156 2326 2310 2378 certe
2332 2321 2564 2392 quidem
2594 2322 2914 2392 Trajanum
2957 2321 3369 2392 Armeniajam
3403 2323 3627 2393 pridem

217 2419 618 2487 compararim,
675 2412 1014 2466 damnat-0m
1051 2409 1231 2464 Γυίεεθ
1284 2409 1342 2464 S-
1376 2407 1664 2480 Ignalium
1697 2425 1711 2474 ς
1764 2406 1864 2478 qui
1971 2415 2203 2484 recepta
2234 2412 2477 2466 Romam
2512 2410 3109 2482 rediisse,iterumque
3141 2411 3398 2466 Romain
3425 2412 3628 2467 Orien-

218 2505 461 2578 proinde
513 2517 667 2558 anno
719 2500 922 2555 εοάθῐη
953 2498 1204 2565 labente.
1259 2497 1491 2570 imperii
1521 2497 1756 2569 Trajani
1810 2515 1864 2564 Χ,
1971 2507 2082 2558 tem
2114 2501 2432 2572 profectum
2466 2516 2688 2569 esse,ex
2714 2500 2974 2555 nummis
3006 2500 3180 2555 etiam
3207 2501 3438 2556 ostendi
3460 2517 3627 2572 posse

221 2595 307 2651 die
340 2591 682 2650 Decembris
712 2591 803 2657 20,
829 2588 1171 2661 martyrium
1206 2588 1425 2643 subiit:
1459 2588 1720 2659 adeoque
1767 2586 1867 2642 illo
1977 2591 2328 2666 putaverim,
2392 2590 2442 2646 si
2499 2606 2630 2645 cum
2691 2590 2884 2645 Dionis
2948 2591 3186 2646 Historia
3233 2592 3628 2648 conferantur.

223 2685 348 2756 ipso
382 2699 540 2737 anno
591 2681 692 2734 107
745 2683 1016 2733 currente
1066 2679 1396 2748 perscriptae
1439 2677 1510 2731 ab
1542 2692 1607 2732 eo
1654 2675 1872 2731 fuerint
1977 2681 2289 2752 Siquidem
2354 2679 2608 2750 scriptor
2633 2677 2731 2734 ille
2769 2695 2900 2733 cum
2936 2679 3201 2748 dixisset,
3230 2681 3565 2736 Armeniam
3600 2699 3633 2737 a

227 2773 511 2845 epistolae,
582 2775 758 2839 atque
801 2768 1146 2838 insequente
1179 2767 1281 2822 108
1311 2767 1575 2836 ejusdem
1609 2764 1873 2837 martyrii
1979 2769 2228 2839 Trojano
2260 2770 2483 2823 Cmsare
2515 2768 2644 2823 sine
2699 2768 2895 2838 praelia
2927 2773 3220 2840 receptam
3253 2768 3633 2841 Romanoque

227 2865 369 2917 Acta
414 2857 708 2928 evulgata.
762 2857 930 2927 Apud
963 2854 1230 2910 Malalam
1276 2854 1533 2926 quidem,
1593 2853 1709 2909 sive
1749 2855 1874 2924 ejus
1983 2858 2196 2930 populo
2231 2859 2511 2912 tributam
2545 2873 2695 2924 esse,
2719 2872 2852 2911 mox
2876 2858 3073 2912 subdit
3103 2875 3115 2912 :
3163 2858 3451 2926 Ἀπήντων
3484 2857 3634 2930 αὖτῷ

231 2949 471 3005 inscitia
493 2949 612 3000 sive
643 2945 1017 3000 librariorum
1051 2944 1380 3011 oscitantis,
1426 2943 1482 2998 in
1519 2943 1874 2999 notationem

2023 2950 2033 3000 ι
2081 2943 2213 3020 τῇδε
2272 2944 2560 3019 σατράπαι,
2619 2943 2708 2998 καὶ
2768 2939 3016 3007 ϐασιλεῖς
3078 2946 3211 3018 μετᾲ
3271 2943 3483 3020 δώρων.
3522 2990 3534 3003 .
3570 2993 3586 3008 ,
3621 2993 3636 3006 .

233 3045 567 3108 temporum
598 3051 728 3089 cum
760 3034 989 3103 imperii
1018 3032 1251 3103 Trajani
1281 3036 1407 3086 tum
1431 3031 1880 3101 lgnatianimar-

2023 3035 2414 3110 lapeapactpm
2474 3033 2565 3088 τὸν
2617 3035 2917 3108 ’Λρμενίων
3002 3034 3402 3110 ἐτιμωρήσατο.
3489 3037 3639 3093 Ἐπεὶ

229 3126 366 3200 tyrii
404 3125 610 3180 menda
667 3121 954 3178 nonnulla
1007 3121 1316 3192 irrepsisse
1347 3126 1717 3177 noscuntur:
1766 3120 1880 3175 levi

2023 3127 2042 3179 ὲ
2100 3128 2272 3178 πᾶσαν
2332 3124 2432 3192 τήν
2508 3122 2811 3197 ’Λρμενίων
2867 3124 3054 3199 χώραν
3144 3123 3276 3196 εἷλε,
3334 3126 3423 3180 καὶ
3498 3125 3640 3181 πολ-

228 3219 426 3271 tamen
480 3210 711 3282 negotio
741 3227 808 3266 ex
856 3210 930 3265 iis
974 3209 1360 3275 emendanda,
1401 3225 1528 3280 qusi
1586 3208 1877 3276 Usserius,

2023 3212 2127 3275 ,οὺς
2185 3217 2296 3268 τῶν
2358 3209 2627 3286 βασιλέων
2714 3211 2843 3275 τοὺς
2941 3215 3035 3287 μὲν
3136 3211 3500 3277 ὕποπεσόντας
3586 3214 3638 3270 ἒν

229 3302 611 3359 Chilmeadus
641 3300 755 3372 (75)
789 3299 1003 3370 aliique
1056 3305 1406 3354 monuerunt
1441 3315 1454 3353 :
1492 3297 1611 3352 sive
1660 3303 1723 3353 ut
1751 3297 1879 3352 lau-

2023 3307 2106 3364 οἶς
2165 3301 2349 3377 φίλοις
2407 3301 2531 3376 ἦγε,
2587 3300 2712 3364 τοὺς
2771 3299 2828 3356 δὲ
2872 3323 3022 3364 τινας
3107 3305 3195 3358 καὶ
3277 3305 3641 3367 ἀποθανόντας

230 3395 403 3449 datus
421 3389 907 3460 chronographus
931 3387 1036 3443 sibi
1061 3392 1303 3456 constet,
1339 3386 1457 3443 sive
1481 3395 1539 3442 ut
1569 3388 1696 3457 ejus
1727 3387 1881 3441 dicta
1994 3393 2331 3464 (legendum
2374 3398 2510 3464 puto
2543 3391 2800 3459 ἀπόντας,
2836 3398 2898 3448 ut
2926 3393 2987 3447 hi
3021 3395 3299 3465 postremi
3333 3395 3506 3450 veluti
3536 3395 3640 3450 ab-

233 3479 638 3538 monumentis
655 3476 1174 3544 vetustioribus,in
1199 3476 1403 3548 primis
1433 3493 1564 3532 vero
1595 3475 1883 3531 Chronico
1994 3487 2171 3538 sentes
2205 3500 2235 3534 a
2267 3481 2560 3553 prioribus
2593 3481 2693 3553 qui
2727 3483 2980 3552 Trojano
3005 3488 3378 3550 occurrerant,
3427 3483 3642 3538 distin-

233 3571 589 3637 Ensebiano,
613 3568 766 3622 haud
799 3566 1181 3637 repugnantia
1211 3567 1666 3636 comperiantur.

2023 3572 2274 3642 guantur)
2331 3568 2538 3643 ἀμαχεὶ
2599 3567 2902 3644 ἐχειροῦτο·
2970 3570 3095 3623 τάτε
3153 3567 3299 3623 ἄλλα
3352 3569 3641 3645 ἐφἠψῖζετο

301 3669 591 3718 Caeterum
623 3676 737 3732 quo
772 3659 1053 3714 hactenus
1083 3662 1354 3713 enarrata
1384 3657 1626 3728 reliquis
1661 3657 1888 3727 Trajani

2023 3659 2149 3729 ιύτῷ
2204 3656 2396 3712 πολλὰ
2455 3660 2490 3726 ἡ
2549 3655 2750 3731 βούλη,
2832 3658 2921 3711 καὶ
3013 3661 3288 3731 ’Ὀπτιμον
3375 3657 3467 3712 ei't’
3553 3659 3644 3712 οὖν

239 3753 418 3825 gestis
451 3749 512 3804 in
542 3749 776 3805 Oriente
799 3747 959 3819 paria
982 3746 1693 3819 respondeant,duplicem
1729 3747 1799 3800 ab
1823 3762 1888 3801 eo

2024 3752 2273 3821 Αριστον,
2308 3745 2680 3819 ἐπωνόμασεν.
2741 3747 2995 3819 Satrapes
3028 3750 3125 3820 qui
3172 3749 3448 3816 regionem
3497 3755 3644 3803 tene-

244 3840 576 3898 Parthicam
625 3837 1049 3908 expeditionem
1108 3842 1442 3908 susceptam
1486 3835 1894 3892 'I‘illemontius
2005 3839 2153 3903 bant,
2179 3853 2442 3909 regesque
2471 3853 2596 3891 cum
2623 3836 2950 3891 muneribus
2978 3836 3032 3892 ei
3059 3846 3436 3893 occurrerunt.
3475 3878 3485 3890 .
3525 3879 3537 3892 .
3577 3877 3589 3891 .
3627 3877 3644 3894 .

238 3937 368 4007 jure
397 3931 723 4002 conjecisse
751 3931 978 3984 videtur
999 3931 1110 4000 (76)
1140 3947 1161 3992 ;
1187 3931 1356 3999 cujus
1392 3928 1632 4002 proinde
1661 3932 1892 3983 senten-

247 4024 385 4079 tiain
413 4037 607 4092 nuper
631 4021 808 4075 fuisse
832 4018 1136 4091 amplexus
1159 4024 1334 4090 atque
1356 4019 1737 4074 conﬁrmasse
1763 4017 1897 4072 vali-

249 4114 383 4169 dius
435 4111 800 4184 perhibetur,
833 4110 918 4164 vir
949 4108 1316 4181 politioribus
1345 4108 1558 4164 litteris
1618 4114 1897 4178 praestans

246 4202 559 4258 Eduardus
583 4200 885 4255 Corsinius
917 4199 1051 4271 (77).
1087 4201 1148 4255 In
1173 4215 1299 4254 eam
1334 4198 1571 4270 quidem
1618 4196 1894 4253 Disserta~

246 4293 465 4346 tionem
503 4290 903 4346 Corsinianam
925 4289 1121 4356 ,Dubia
1147 4289 1430 4359 proposita
1462 4302 1563 4359 per
1591 4287 1897 4342 Erasmum

249 4379 643 4437 Froelichium
682 4377 1060 4450 elegantioris
1094 4376 1367 4432 doctrina:
1399 4375 1897 4431 consultissimum

247 4472 520 4526 novimus
553 4468 664 4539 (78)
699 4486 710 4522 :
747 4485 876 4539 quae
911 4474 1102 4522 tamen
1156 4465 1434 4522 laudatus
1470 4466 1556 4520 vir
1586 4466 1791 4520 doctus
1838 4464 1899 4519 in

2003 3930 2482 3984 Parthamasirem
2529 3929 2913 3983 Armeniorum
2947 3944 3126 3998 regem
3154 3930 3372 4001 punivit
3405 3945 3420 3996 ;
3460 3936 3647 4000 capta-

2005 4035 2107 4091 que
2136 4020 2395 4074 unioersa
2444 4019 2718 4074 Armeniae
2748 4017 2991 4086 regione,
3025 4035 3174 4090 reges
3197 4021 3295 4091 qui
3322 4018 3651 4075 deditionem

2004 4111 2272 4180 leceront,
2328 4108 2384 4161 in
2443 4109 2749 4162 amicorum
2795 4123 3023 4163 numero
3065 4107 3268 4164 habuit
3312 4125 3326 4177 ;
3387 4107 3650 4179 quosdam

2006 4214 2130 4255 vero
2159 4199 2323 4253 etiam
2374 4197 2618 4252 absentes
2656 4197 2858 4268 absque
2888 4213 3080 4271 pugna
3135 4198 3275 4269 cepit
3309 4213 3321 4252 :
3355 4197 3512 4268 eique
3537 4205 3652 4254 tum

2006 4288 2122 4344 alia
2179 4289 2345 4359 plura
2375 4286 2610 4342 decrevit
2639 4293 2882 4354 senatus,
2934 4296 3050 4343 tum
3105 4291 3409 4359 praesertim
3443 4291 3654 4361 Optimi

2006 4385 2420 4448 cognomentum
2444 4378 2722 4433 concessit.
2783 4377 2984 4449 Itaque
3014 4393 3082 4433 ex
3116 4378 3290 4433 Dione
3320 4383 3375 4433 et
3432 4383 3653 4434 Zonara

2011 4483 2264 4540 quoque,
2301 4466 2500 4538 Optimi
2524 4480 2737 4522 nomen
2765 4469 2903 4521 tunc
2948 4466 3201 4538 primum
3234 4467 3484 4536 Trojano
3533 4469 3652 4521 Ca2-

246 4559 431 4615 altera
463 4557 884 4613 Dissertatione
919 4555 1030 4611 sibi
1075 4555 1354 4611 diluenda
1383 4555 1638 4626 sumpsit
1664 4553 1800 4625 (79).
1833 4553 1902 4608 Et
1936 4611 1975 4626 _
2013 4558 2128 4614 sari
2170 4557 2364 4612 Romae
2399 4571 2744 4611 concessum
2767 4555 2898 4624 fuit,
2932 4571 3065 4612 cum
3097 4555 3149 4611 is
3196 4556 3529 4610 Armeniam
3563 4572 3654 4611 ex-

245 4648 506 4703 virorum
541 4645 877 4701 criticorum
900 4642 1209 4699 arbitratui
1239 4643 1306 4698 de
1331 4641 1437 4697 hac
1459 4642 1688 4698 erudita
1719 4642 1898 4697 disce-

246 4737 507 4809 ptatione
531 4734 759 4806 judicio
811 4733 1030 4798 relicto,
1093 4732 1325 4787 interim
1359 4746 1490 4786 vero
1521 4731 1592 4785 ad
1639 4746 1754 4786 rem
1791 4746 1892 4786 no-

247 4837 429 4882 stram
465 4824 618 4895 quod
647 4822 1205 4892 attinet,ipsummet
1237 4819 1561 4876 Corsinium
1581 4819 1796 4890 juverit
1811 4819 1895 4874 sic

244 4915 580 4987 loquentem
642 4911 880 4968 audire:
915 4932 942 4960 «
970 4909 1347 4974 Vaillantius,
1383 4907 1651 4980 inquitin
1675 4908 1895 4963 Arsaci-

315 5023 434 5100 (Ἰξι)
469 5024 584 5100 Act.
618 5029 851 5100 martyr.
884 5021 1089 5100 [gnat-1,
1121 5034 1248 5090 cap.
1271 5019 1332 5100 2.
1388 5089 1398 5100 .

312 5089 431 5166 (73)
468 5093 662 5149 Malal.
690 5089 996 5162 Chronoqr.
1019 5091 1118 5146 lib.
1144 5089 1224 5156 xi,
1245 5090 1354 5146 sub
1386 5089 1538 5154 init.,
1568 5104 1736 5161 pagg.
1775 5090 1897 5157 115,

245 5168 430 5308 “(67.4)
464 5237 662 5293 Usser.
699 5239 817 5308 not.
849 5236 1267 5308 6,_in_marty_r._
1295 5233 1350 5290 S.
1383 5233 1560 5300 lgnat.

314 5303 433 5380 (75)
478 5307 796 5364 Chilzuead.
857 5305 928 5360 ad
958 5305 1149 5361 Malui.
1179 5303 1312 5359 ιιι).
1370 5321 1446 5359 x1.
1482 5307 1625 5360 nott.
1685 5303 1774 5374 23,
1809 5305 1898 5370 29,

245 5383 703 5523 Ρδὲὀῗὸνίπειιοω.
760 5447 1283 5523 Ηίςιίᾴᾳδῄεηιρενκ
1306 5450 1460 5523 tom.
1505 5446 1580 5516 Il,
1609 5448 1727 5523 not.
1761 5463 1900 5513 xvu,

241 5517 344 5578 sur
400 5517 627 5594 Trajan.
682 5521 1138 5594 pagg.§05r509.
1171 5549 1239 5560 -ο
1265 5518 1348 5575 Id.
1380 5517 1537 5574 Mem.
1568 5517 1724 5584 ecct.,
1761 5525 1900 5572 tom.

241 5597 317 5657 ll.
346 5592 515 5662 pagg.
558 5594 679 5661 195,
702 5595 827 5655 579,
860 5592 989 5645 583.

316 5661 699 5741 (Ἠλείῳ-δίο.
743 5662 974 5741 Δρῲξενι.
1025 5663 1104 5741 de
1135 5661 1354 5717 Hinnis.
1405 5676 1650 5730 numm.,
1709 5675 1839 5732 pag.
1871 5662 1906 5714 6

237 5735 414 5810 seqq.
461 5735 700 5792 Liburni
735 5735 892 5790 1754.

2015 4646 2180 4718 pulso
2228 4643 2715 4700 Parthamasiride
2768 4644 3110 4712 ceterisque
3168 4644 3384 4715 regulis
3413 4644 3651 4700 omnino

2007 4733 2258 4790 sublatis
2289 4736 2633 4803 occupasset
2660 4749 2678 4786 :
2703 4733 2947 4804 ideoque
2970 4748 3101 4788 cum
3143 4733 3201 4787 in
3233 4733 3494 4788 nummis
3525 4733 3651 4805 plu-

2007 4825 2169 4880 ribus
2201 4823 2398 4877 Romae
2457 4823 2750 4894 percussis
2785 4823 2991 4894 Optimi
3026 4839 3237 4880 nomen
3267 4823 3518 4894 Trajano
3551 4824 3655 4879 tri-

2009 4913 2216 4967 butum
2263 4912 2548 4975 occurrat,
2609 4908 2667 4963 in
2713 4910 2927 4980 quibus
2982 4910 3104 4980 ipse
3155 4909 3352 4965 Consul
3392 4927 3424 4965 ν
3481 4928 3650 4969 voca-

2080 5013 2504 5144 (78)§Zoelich.
2535 5015 2675 5070 Dub.
2717 5015 2782 5070 de
2831 5015 3075 5088 Minnis.,
3109 5021 3218 5072 etc.
3251 5016 3487 5073 Viennae
3524 5020 3651 5074 Au-

2008 5095 2115 5146 str.
2141 5093 2301 5144 1754.

2081 5161 2194 5230 (79)
2227 5158 2453 5214 Corsin.
2489 5158 2777 5216 Dissert.in
2809 5175 2917 5230 qua
2949 5163 3112 5225 Dub.,
3145 5163 3252 5215 etc.
3287 5160 3652 5218 Boma31757.

2081 5233 2194 5302 (80)
2225 5230 2499 5302 Vaillant.
2535 5230 2780 5287 Arsacid.
2809 5230 2970 5298 hist.,
3000 5249 3054 5302 p.
3088 5232 3214 5286 305.

2082 5303 2194 5374 (81)
2226 5301 2400 5372 Loyd.
2437 5303 2640 5374 DeAEp.
2675 5303 2851 5374 Ignat.

2083 5372 2196 5446 (82)
2216 5375 2488 5446 Fabi-ett:
2504 5372 2578 5446 De
2599 5372 2709 5446 eoi.
2741 5373 2990 5446 Trajan.,
3022 5390 3083 5443 p.
3103 5374 3230 5430 290.

2083 5442 2193 5516 (83)
2222 5442 2413 5516 Noris.
2448 5443 2621 5516 Epist.
2657 5445 2901 5516 Qqnsut.,
2938 5462 2994 5515 p.
3023 5442 3117 5499 72.

2084 5513 2194 5589 (84)
2226 5515 2361 5589 ξος.
2397 5513 2465 5567 ad
2499 5529 2634 5589 ann.
2671 5513 2803 5589 Chr.
2839 5513 2960 5589 105,
2993 5518 3020 5584 §
3050 5533 3091 5571 II
3122 5533 3248 5589 seq.

2083 5588 2198 5656 (85)
2242 5587 2487 5656 Basnag.
2521 5585 2730 5642 Annal.
2765 5588 2919 5648 ecct..
2949 5585 3026 5643 ad
3061 5585 3345 5645 annftlz.

2086 5655 2197 5729 (86)
2229 5655 2459 5712 Tillem.
2494 5656 2630 5733 dist.
2664 5658 2836 5732 lmpp.
2891 5661 2951 5716 in
2996 5661 3256 5733 Trajan.,
3315 5667 3426 5720 art.
3460 5680 3659 5732 xxvm,

2016 5733 2073 5788 et
2096 5737 2218 5791 not.
2248 5744 2389 5802 xvu,
2414 5745 2471 5800 p.
2506 5730 2635 5794 509.
