4026 6206
491 369 612 429 583

493 512 584 562 tur
605 504 714 576 (87)
748 499 1044 571 ;dubitari
1073 502 1228 555 certe
1276 497 1368 554 vix
1398 497 1626 570 'poterit
1665 498 1807 572 quin
1852 498 2140 570 Trajanus

492 594 826 650 Armeniam
849 591 1164 660 subegerit,
1199 593 1377 661 atque
1411 588 1617 662 Optimi
1645 605 1856 644 nomen
1881 587 2142 644 obtinue-

493 685 566 740 rit
597 687 730 738 ante
755 696 974 736 annum
1011 680 1076 736 U.
1111 680 1175 736 C.
1197 679 1322 746 865,
1359 695 1470 750 quo
1500 687 1719 735 sextum
1767 677 2136 734 consulatum

491 777 688 827 Romae
736 769 1015 840 suscepit.
1079 770 1164 826 Ita
1234 785 1490 841 quoque,
1549 786 1683 825 cum
1745 769 1805 824 in
1881 767 2138 824 nummis

491 861 620 918 aliis
651 861 760 933 (88)
795 861 1012 931 Optimi
1039 859 1246 915 titulus
1273 861 1638 928 observetur,
1674 856 1969 930 simulque
1999 859 2137 912 Pro-

487 953 654 1023 fectio
702 951 937 1019 Augusti
969 955 1323 1005 memoratur
1356 966 1370 1014 ;
1407 947 1572 1004 facile
1631 947 1840 1002 exinde
1897 949 2139 1017 apparet

491 1041 830 1110 Traianum,
891 1039 1059 1093 etiam
1092 1043 1224 1110 post
1255 1038 1508 1094 subacta:
1560 1035 1844 1092 Armenias
1904 1039 2137 1106 tempus

492 1136 666 1201 atque
688 1127 894 1199 Optimi
918 1143 1124 1182 nomen
1157 1126 1269 1196 ipsi
1306 1126 1930 1196 tributum,aliquando
1954 1124 2138 1179 Roma

489 1216 862 1273 discessisse:
890 1216 1043 1287 quod
1071 1215 1192 1270 ﬁeri
1218 1220 1370 1271 certe
1393 1215 1477 1268 vel
1494 1213 1766 1286 explicari
1792 1230 1904 1268 non
1921 1217 2136 1283 posset,

491 1307 538 1361 si
561 1305 738 1361 semel
762 1305 1167 1360 tantummodo
1183 1305 1462 1360 adversus
1486 1303 1794 1358 Armenios
1815 1319 1881 1358 ac
1895 1303 2137 1358 Parthos

489 1411 642 1451 anno
675 1398 741 1450 [Ι.
775 1393 836 1448 C.
869 1394 975 1448 865
1012 1395 1188 1449 Roma
1212 1395 1506 1465 profectus
1531 1392 1590 1447 in
1619 1392 1850 1460 Oriente
1872 1391 2133 1447 obiisset.

563 1507 590 1534 ‹‹
613 1490 745 1540 Haec
776 1484 904 1556 ipsa
934 1500 1163 1555 quoque
1181 1483 1419 1554 Traiani
1443 1483 1729 1554 expeditio
1753 1490 1886 1539 ante
1915 1499 2134 1538 annum

491 1573 556 1630 U.
577 1573 635 1629 Ο.
667 1575 774 1627 865
795 1570 1492 1643 suscepta,pulcherrimo
1516 1571 1878 1627 Antiocheno
1894 1587 2134 1628 nummo

489 1661 822 1716 confirmari
853 1660 1070 1732 poterit
1099 1659 1236 1731 (89),
1268 1659 1328 1715 in
1360 1676 1475 1732 quo
1524 1660 1828 1731 perspicue
1871 1659 2086 1731 legitur
2118 1675 2132 1714 :

489 1748 776 1804 AIIMAPX
835 1750 944 1802 ΕΞ.
1023 1749 1230 1803 ΥΗΑΤ.
1294 1748 1354 1803 E.
1419 1748 1748 1804 Tribuniciz
1824 1750 2132 1819 potestatis,

490 1838 695 1894 Consul
727 1854 775 1891 v.
837 1837 1066 1892 Etenim
1122 1837 1169 1892 si
1206 1851 1486 1892 nummus
1517 1836 1612 1893 ille
1644 1842 1772 1892 tum
1796 1853 1974 1892 cusus
2022 1838 2134 1893 fuit

489 1944 623 1984 cum
668 1927 923 1998 primum
953 1926 1245 1996 Trajanus
1278 1925 1649 1981 Antiochiam
1683 1927 1935 1993 advenit,
1970 1931 2033 1982 ut
2057 1926 2129 1982 cl.

489 2016 678 2071 editor
726 2014 1100 2080 existimavit,
1153 2014 1530 2087 perspicuum
1583 2015 1681 2070 fiet
1725 2017 2031 2085 Trajanum
2071 2015 2131 2070 in

491 2105 785 2162 Orientem
819 2109 953 2159 ante
984 2103 1352 2160 consulatum
1403 2113 1644 2174 sextum,
1693 2105 1952 2174 adeoque
1999 2109 2132 2160 ante

493 2210 713 2249 annum
739 2193 804 2248 U.
831 2193 892 2248 C.
911 2193 1016 2247 865
1045 2193 1446 2249 concessisse:
1480 2193 1972 2264 quemadmodum
1992 2210 2132 2249 sane

489 2281 812 2354 perspicuis
868 2285 1196 2352 temporum
1230 2282 1668 2338 cbaracteribus
1708 2283 1990 2338 adventus
2034 2282 2130 2338 ille

489 2372 853 2428 Antiochiam
917 2372 972 2426 in
1006 2371 1224 2427 Malalea
1273 2373 1528 2429 Historia
1586 2373 1699 2446 (90)
1758 2389 1911 2427 anno
1972 2372 2033 2428 U.
2067 2373 2127 2428 C.

485 2462 590 2517 868
623 2462 901 2517 tribuitur
932 2477 946 2528 ;
980 2466 1154 2532 atque
1187 2463 1244 2516 in
1299 2463 1450 2518 Actis
1481 2467 1537 2516 S.
1597 2462 1805 2533 Ignatii
1863 2463 2130 2535 martyris

488 2551 790 2623 perspicue
820 2551 1147 2622 diserleque
1180 2549 1575 2624 legitur,quod
1611 2559 1830 2624 martyr
1863 2551 1956 2607 ille
1985 2567 2128 2607 nono

486 2641 720 2710 Trajani
777 2638 1121 2710 imperantis
1152 2656 1328 2705 anno,
1361 2640 1504 2695 Sura
1534 2646 1587 2696 et
1611 2640 1906 2705 Senecione
1927 2655 2148 2696 censu--

484 2731 652 2796 libus,
685 2729 792 2785 hoc
823 2734 913 2784 est
959 2746 1111 2785 anno
1141 2730 1267 2795 860,
1301 2730 1536 2787 ineunte
1589 2730 1871 2785 Januario
1907 2747 2125 2797 mense,

482 2821 730 2892 Trajano
761 2818 1079 2873 Antiochia:
1118 2819 1374 2889 degenti,
1407 2823 1582 2890 atque
1614 2819 1672 2873 in
1707 2820 2018 2874 Armenios
2071 2824 2128 2875 et

483 2909 728 2964 Parthos
751 2907 1002 2963 moventi
1025 2909 1258 2963 oblatus
1291 2908 1681 2979 fuit.Denique
1706 2909 1952 2963 eximius
1982 2909 2128 2964 alter

483 2997 717 3065 Trajani
769 3013 1050 3050 nummus
1099 2996 1348 3052 babetur
1377 2996 1490 3069 (9|)
1523 2997 1582 3051 in
1634 3014 1749 3069 quo
1783 2997 1971 3052 Caesar
2000 2998 2125 3070 ipse

481 3084 707 3140 APlCT.
760 3084 912 3138 CEB.
975 3084 1180 3140 I‘EPM.
1229 3088 1384 3140 ΔΑΚ.
1444 3087 1648 3140 ΙΙΑΡΘ.
1713 3085 1959 3156 Optimus
2012 3089 2124 3142 Au-

476 3177 685 3246 gustus,
719 3173 1093 3242 Germanicus,
1129 3175 1378 3246 Daccius,
1436 3177 1725 3232 Parthicus
1770 3177 2120 3248 appellatur,

478 3262 775 3334 simulque
831 3264 1072 3318 decimus
1104 3264 1335 3336 imperii
1368 3265 1558 3336 ipsius
1590 3283 1782 3321 annus
1808 3283 2119 3338 expressus

478 3353 852 3423 conspicitur.
882 3353 1030 3424 Ergo
1054 3369 1206 3408 anno
1238 3353 1303 3410 U.
1337 3354 1397 3414 C.
1428 3356 1551 3423 861,
1578 3359 1633 3409 in
1670 3372 1842 3426 quem
1867 3355 2118 3410 decimus

477 3441 707 3514 imperii
740 3458 930 3497 annus
962 3442 1659 3514 incurrit,Trajanusjam
1690 3445 1917 3515 Optimi,
1948 3451 2121 3516 atque

475 3549 508 3587 a
543 3530 826 3587 militibus
859 3531 1068 3587 saltem
1097 3531 1350 3588 Parthici
1371 3548 1582 3589 nomen
1605 3540 1938 3605 acceperat:
1963 3534 2120 3590 ideo-

476 3637 589 3692 que
620 3620 949 3676 Partbicum
1007 3619 1118 3676 iter
1156 3620 1229 3675 ab
1261 3620 1359 3677 illo
1391 3627 1729 3694 susceptum
1789 3625 1862 3679 ad
1897 3641 2118 3680 annum

472 3713 536 3768 U.
571 3711 633 3766 C.
667 3713 772 3766 869
802 3711 1006 3767 referri
1037 3711 1229 3767 debet.

541 3823 569 3852 ‹‹
605 3804 806 3873 Itaque
840 3818 954 3856 non
1000 3818 1070 3856 ex
1117 3802 1504 3874 scriptoribus
1536 3804 1729 3860 solum
1763 3821 1911 3876 quos
1942 3804 2115 3860 Tille-

470 3890 730 3946 montius
786 3889 1225 3946 accuratissime
1279 3891 1559 3961 exhibuit,
1616 3894 1716 3948 sed
1771 3909 1839 3949 ex
1900 3894 2118 3950 Latinis

542 4034 653 4104 (87)
685 4032 960 4104 Vaillant.
993 4037 1147 4104 tom:
1174 4033 1246 4102 Il,
1279 4049 1415 4104 pag.
1446 4037 1567 4089 121.

543 4103 654 4172 (88)
685 4103 921 4176 Ιὺξάηθι
951 4108 1093 4176 tom.
1129 4103 1172 4166 Ι,
1201 4120 1372 4176 pagg.
1408 4106 1497 4174 47,
1525 4106 1612 4160 49.

472 4172 646 4226 Gesn.
684 4172 804 4226 Ταῦ.
842 4175 886 4237 Ι,
921 4189 978 4228 n.
1013 4175 1101 4226 78.

541 4244 655 4317 (89)
730 4241 997 4317 vaillant.
1031 4248 1172 4317 tom.
1208 4245 1277 4310 ΙΙ,
1313 4261 1446 4317 pag.
1494 4247 1618 4300 127.

547 4313 662 4386 (90)
685 4313 875 4386 Malal.
908 4315 1094 4368 Hister
1116 4315 1217 4371 lib.
1244 4313 1326 4384 χι,
1353 4313 1480 4373 init.

565 4385 656 4455 91)
687 4385 927 4441 Gesner.
970 4387 1102 4441 Tab.
1138 4404 1283 4441 Lxxx
1313 4405 1368 4457 p.
1401 4388 1490 4444 i1.

563 4457 655 4528 92)
710 4461 898 4513 Barat.
962 4457 1215 4530 Disquis.
1282 4459 1474 4516 chron.
1533 4459 1600 4516 de
1642 4475 1870 4517 success.
1904 4463 2120 4534 antiqq.

1560 362 1623 424 S.
1671 361 2055 424 IGNATIUS.
2102 395 2178 408 ——
2220 362 2826 424 PROLEGOMENA.

3713 369 3811 431 58‘

2170 501 2226 568 Α
2255 496 2428 552 etiam
2456 497 2786 568 Graecisque
2831 497 3114 566 nummis,
3149 513 3292 569 quos
3347 514 3408 554 eo
3450 498 3698 559 libentius
3740 504 3817 563 hic

2248 587 2461 658 protuli
2494 591 2558 641 ut
2588 587 2804 642 vexatis
2837 588 2978 641 adeo
3009 588 3223 658 Ignatii
3258 589 3502 660 martyris
3547 591 3681 646 Actis
3707 593 3818 649 hinc

2245 675 2415 730 etiam
2439 675 2718 748 splendor
2740 691 2806 730 ac
2831 676 3169 746 praesidium
3195 678 3699 745 accederet,ostendi
3718 683 3815 751 jam

2246 765 2460 835 poterit
2489 766 2642 837 quod
2694 765 2908 836 duplex
2935 765 3168 835 Trajeni
3195 765 3254 819 in
3286 765 3552 821 Orientem
3585 770 3816 837 profectio

2246 855 2482 927 agnosci
2514 855 2686 910 debet
2716 873 2730 910 :
2791 862 2853 910 ut
2884 856 2942 910 in
2977 855 3161 926 prima
3207 855 3435 926 quidem
3484 859 3691 913 Cbosroi
3730 858 3822 930 pla-

2245 949 2414 1000 catus
2437 945 2674 999 obsides
2699 943 2889 999 aolum
2915 945 2986 999 ab
3010 943 3114 998 illo
3150 945 3442 1016 receperit,
3471 944 3682 1016 solaque
3710 949 3824 1003 urbe

2245 1035 2432 1090 Nisibi
2456 1035 2772 1106 Batnisque
2797 1035 2979 1106 ceptis
3012 1034 3268 1090 Parthici
3300 1051 3495 1091 nomen
3519 1038 3822 1106 obtinuerit;

2245 1123 2304 1178 in
2337 1125 2519 1179 altera
2545 1141 2707 1190 vero,
2769 1140 2902 1179 cum
2937 1124 3225 1180 Cbosroes
3267 1129 3364 1180 aut
3391 1142 3423 1180 a
3452 1125 3656 1180 Parthis
3706 1127 3824 1196 ipsis

2245 1212 2524 1284 expulsus
2557 1214 2730 1282 foret,
2761 1220 2858 1269 aut
2904 1214 3077 1269 ﬁdem
3106 1215 3348 1284 Trojano
3373 1214 3682 1270 obstrictum
3726 1216 3827 1269 vio-

2244 1301 2444 1370 lasset,
2506 1303 2737 1358 Parthis
2766 1303 2912 1374 ipsis
2965 1319 3178 1358 novum
3217 1319 3403 1374 regem
3435 1305 3824 1359 constituerit.»

2245 1391 2538 1448 Hactenus
2561 1393 2650 1446 vir
2682 1391 2777 1446 ille
2799 1391 3200 1447 doctissimus.
3232 1392 3426 1463 Neque
3454 1393 3669 1447 omittas
3691 1392 3828 1447 velim

2245 1499 2371 1553 qua
2402 1482 2803 1538 Pearsonianaa
2837 1482 3142 1538 sententias
3180 1483 3432 1552 patronis
3462 1483 3604 1538 haud
3632 1484 3705 1539 ita
3731 1481 3826 1553 pri-

2246 1573 2377 1625 dem
2409 1570 2684 1642 opposuit
2714 1571 3049 1626 Baraterius
3081 1572 3219 1643 (92).
3254 1573 3309 1626 Si
3341 1571 3487 1627 enim
3510 1588 3572 1627 ea
3598 1588 3712 1627 cum
3739 1570 3831 1624 Til-

2243 1658 2510 1715 lemontii
2572 1669 2628 1716 et
2685 1659 2933 1715 Corsinii
2963 1660 3188 1733 placitis
3239 1665 3658 1732 componantur,
3679 1676 3753 1715 res
3778 1674 3828 1714 eo

2248 1749 2478 1804 tandem
2498 1749 2806 1804 deducitur
2820 1753 2885 1804 ut
2907 1751 3147 1807 omnino
3166 1752 3428 1807 confecta
3447 1767 3567 1807 esse
3585 1751 3831 1813 videatur;

2167 1871 2211 1936 Β
2254 1855 2317 1893 ac
2349 1837 2588 1908 proinde
2633 1854 2804 1894 nemo
2835 1838 2894 1894 in
2929 1844 3228 1911 posterum
3293 1841 3363 1895 de
3393 1843 3644 1895 Actorum
3701 1839 3832 1908 lgna-

2243 1929 2388 1983 tiani
2421 1927 2685 2000 martyrii
2719 1928 3058 1984 sinceritate
3075 1929 3212 2000 jure
3241 1930 3508 1985 dubitare
3535 1929 3720 2000 possit.

2310 2017 2444 2073 Jam
2471 2033 2600 2072 vero
2643 2018 2714 2072 ad
2764 2033 2892 2072 eam
2930 2017 3334 2076 difﬁcultatem
3369 2019 3705 2075 enodandam
3733 2031 3834 2086 qua

2241 2106 2351 2177 peti
2381 2105 2530 2161 solet
2551 2121 2619 2160 ex
2643 2106 2852 2161 iisdem
2886 2107 3070 2174 Actis,
3096 2106 3195 2162 ubi
3219 2108 3282 2163 S.
3319 2107 3522 2180 Ignatii
3552 2105 3837 2176 martyrium

2240 2195 2620 2267 consignatur
2651 2193 3027 2249 ὑπατευόντων
3058 2195 3205 2270 παρὰ
3232 2197 3524 2268 Ῥωμαίοις
3590 2193 3718 2266 Σύρα
3761 2191 3834 2244 καὶ

2241 2283 2491 2338 Σενςκίου
2522 2284 2582 2337 τὸ
2643 2279 2916 2357 δεύτερον,
2971 2287 3116 2342 Cass.
3151 2287 3301 2358 apud
3350 2292 3608 2343 Romanos
3653 2284 3773 2339 Sura
3796 2284 3835 2335 et

2237 2372 2531 2429 Senecione
2576 2390 2637 2438 ιι,
2670 2389 2802 2428 cum
2845 2389 2913 2429 ex
2944 2375 3130 2430 Fastis
3162 2381 3390 2432 constet
3419 2375 3546 2446 (93),
3575 2387 3708 2428 anno
3732 2385 3828 2425 ierat

2237 2461 2586 2517 Christianae
2621 2462 2742 2530 107,
2789 2460 3163 2517 Senecionem
3200 2480 3278 2531 iv,
3311 2464 3581 2519 etSuram
3611 2477 3688 2525 ιιι,
3713 2473 3825 2513 con-

2237 2550 2394 2605 sules
2432 2551 2788 2621 processisse
2821 2567 2834 2614 ;
2870 2551 3034 2621 plura
3078 2557 3288 2623 praeter
3337 2551 3623 2608 Usserium
3654 2546 3834 2620 profert

2237 2640 2721 2696 accuratissimus
2755 2641 3190 2701 ,Tillemontius
3223 2643 3364 2715 (94).
3425 2642 3632 2708 Quibus
3661 2637 3833 2693 addere

2237 2734 2476 2801 praestat
2510 2746 2637 2800 quis
2657 2729 2716 2785 in
2750 2734 3005 2786 veterem
3029 2733 3374 2788 earumdem
3409 2738 3668 2787 Actorum
3696 2728 3837 2781 inter-

2237 2825 2460 2890 pretem
2519 2819 2746 2874 erudite
2821 2820 3154 2876 observavit
3210 2822 3424 2893 praesul
3482 2817 3834 2891 amplissimus

2237 2907 2580 2962 Franciscns
2611 2906 2989 2962 Blanchinius
3013 2910 3146 2980 (95).
3201 2909 3418 2966 Verum
3451 2909 3510 2964 in
3541 2909 3628 2963 bis
3659 2903 3838 2959 diutius

2234 2997 2554 3063 immorari,
2588 2997 2836 3052 instituti
2864 2998 3048 3053 nostri
3079 2998 3224 3054 ratio
3261 3017 3373 3056 non
3411 3000 3642 3071 patitur.

2305 3086 2409 3142 Hic
2459 3093 2685 3141 tantum
2748 3086 3021 3142 lectorem
3075 3089 3368 3145 monitum
3437 3087 3706 3150 volumus,
3755 3095 3836 3134 nos

2236 3175 2468 3247 quidem
2495 3175 2804 3231 sententiae
2828 3193 2860 3230 a
2891 3176 3200 3234 Pearsonio
3233 3178 3485 3250 aliisque
3510 3174 3833 3248 propugnalm

2232 3265 2490 3336 primum
2524 3263 2864 3332 adhaesisse,
2899 3283 3052 3322 anno
3105 3268 3207 3323 116
3238 3267 3517 3339 epistolas
3548 3261 3833 3333 Ignatianas

2226 3353 2689 3424 illigantes,dum
2712 3353 2845 3410 illas
2881 3355 3033 3426 typis
3067 3359 3440 3412 excudendas
3481 3355 3831 3410 curabamus:

2226 3445 2331 3502 sed
2362 3462 2423 3500 re
2454 3445 2734 3516 deinceps
2791 3448 3074 3502 attentius
3105 3449 3393 3519 inspecta,
3453 3462 3603 3501 nunc
3631 3445 3830 3499 demum

2227 3535 2469 3591 alteram
2493 3535 2850 3604 sequendam
2883 3536 3174 3607 ducimus,
3209 3536 3675 3609 quandoquidem
3726 3528 3836 3584 vali-

2227 3623 2491 3680 dioribus
2507 3624 2872 3695 argumentis
2891 3625 3237 3681 conﬁrmata
3260 3643 3390 3682 esse
3411 3625 3575 3681 nobis
3602 3621 3800 3677 videtur
3824 3633 3835 3680 ;

2226 3718 2292 3769 ut
2323 3711 2567 3775 proinde
2625 3730 2778 3768 anno
2811 3719 3082 3770 currente
3116 3716 3218 3769 107
3253 3716 3490 3771 easdem
3542 3708 3788 3783 epistola
3814 3719 3839 3757 a

2227 3804 2286 3860 S.
2328 3803 2549 3875 Ignatio
2573 3804 3207 3874 perscriptas,ejusque
3245 3810 3388 3860 Acta
3425 3799 3674 3874 martyrii
3713 3809 3837 3853 anno

2228 3891 2573 3962 insequente
2609 3892 2707 3945 108
2737 3889 2948 3946 litteris
2977 3892 3256 3948 mandata
3277 3892 3686 3948 existimemus.

2228 4036 2513 4108 EpiscOpp.
2548 4039 2783 4108 Romm.,
2817 4053 2943 4108 cap.
2973 4037 3030 4104 7,
3061 4039 3088 4105 §
3120 4038 3176 4107 4,
3211 4054 3346 4108 pag.
3383 4038 3453 4092 84
3486 4050 3641 4106 seqq.

2300 4107 2409 4180 (93)
2441 4106 2720 4180 Alipelov.
2747 4106 3086 4180 Easticoss.,
3113 4126 3166 4180 p.
3207 4106 3333 4175 132‘,
3370 4110 3492 4164 alii.

2297 4176 2412 4250 (94)
2441 4177 2682 4253 Tinam.
2715 4179 2855 4253 Hist.
2888 4179 2979 4236 de:
3011 4176 3258 4253 Emper.,
3293 4186 3437 4236 tom.
3473 4180 3544 4244 II,
3566 4176 3702 4231 nott.
3732 4181 3842 4229 XVII.

2227 4264 2345 4314 ιιι,
2380 4265 2553 4319 pagg.
2583 4251 2711 4315 506,
2741 4251 2868 4306 510.

2230 4393 2252 4446 Ι
2299 4316 2433 4460 (ἑῇ)
2460 4316 2767 4377 Ηῐαιιοὶιὶιι.
2800 4325 3025 4395 praefat.
3069 4324 3139 4379 ad
3179 4325 3378 4381 Anast.
3415 4319 3694 4384 Biblioth.,
3723 4316 3839 4366 tom.

2262 4432 2276 4459 ,
2439 4431 2453 4445 .

2262 4431 2453 4459 νδινο
