  <div class='ocr_page' id='page_1' title='image "/cluster/home/n/w/nwhite01/storage/ocr_20150623/5/hvd.32044073501272/304.png"; bbox 0 0 4060 6206; ppageno 0'>
   <div class='ocr_carea' id='block_1_1' title="bbox 225 374 336 435">
    <p class='ocr_par' dir='ltr' id='par_1_1' title="bbox 225 374 336 435">
     <span class='ocr_line' id='line_1_1' title="bbox 225 374 336 435; baseline -0.036 1"><span class='ocrx_word' id='word_1_1' title='bbox 225 374 336 435; x_wconf 78' lang='grc'>589</span> 
     </span>
    </p>
   </div>
   <div class='ocr_carea' id='block_1_2' title="bbox 1415 365 2434 431">
    <p class='ocr_par' dir='ltr' id='par_1_2' title="bbox 1415 365 2434 431">
     <span class='ocr_line' id='line_1_2' title="bbox 1415 365 2434 431; baseline 0.001 -2"><span class='ocrx_word' id='word_1_2' title='bbox 1415 369 1517 429; x_wconf 82' lang='lat' dir='ltr'>DE</span> <span class='ocrx_word' id='word_1_3' title='bbox 1561 365 1949 429; x_wconf 78' lang='lat' dir='ltr'>DOCTRINA</span> <span class='ocrx_word' id='word_1_4' title='bbox 1995 366 2059 427; x_wconf 86' lang='lat' dir='ltr'>S.</span> <span class='ocrx_word' id='word_1_5' title='bbox 2104 365 2434 431; x_wconf 81' lang='lat' dir='ltr'>lGNATIl.</span> 
     </span>
    </p>
   </div>
   <div class='ocr_carea' id='block_1_3' title="bbox 3518 370 3637 433">
    <p class='ocr_par' dir='ltr' id='par_1_3' title="bbox 3518 370 3637 433">
     <span class='ocr_line' id='line_1_3' title="bbox 3518 370 3637 433; baseline 0 -1"><span class='ocrx_word' id='word_1_6' title='bbox 3518 370 3637 433; x_wconf 76' lang='lat'>590</span> 
     </span>
    </p>
   </div>
   <div class='ocr_carea' id='block_1_4' title="bbox 225 495 3641 580">
    <p class='ocr_par' dir='ltr' id='par_1_4' title="bbox 225 495 3641 580">
     <span class='ocr_line' id='line_1_4' title="bbox 225 495 3641 580; baseline 0 -17"><span class='ocrx_word' id='word_1_7' title='bbox 225 495 332 578; x_wconf 85' lang='grc'>(22)</span> <span class='ocrx_word' id='word_1_8' title='bbox 364 505 437 562; x_wconf 92' lang='lat' dir='ltr'>ad</span> <span class='ocrx_word' id='word_1_9' title='bbox 468 522 592 560; x_wconf 90' lang='lat' dir='ltr'>rem</span> <span class='ocrx_word' id='word_1_10' title='bbox 621 501 1023 560; x_wconf 82' lang='lat' dir='ltr'>deliniendam</span> <span class='ocrx_word' id='word_1_11' title='bbox 1056 503 1394 576; x_wconf 73' lang='lat' dir='ltr'>cogebatur,</span> <span class='ocrx_word' id='word_1_12' title='bbox 1427 502 1587 574; x_wconf 90' lang='lat' dir='ltr'>quod</span> <span class='ocrx_word' id='word_1_13' title='bbox 1636 507 1764 556; x_wconf 91' lang='lat' dir='ltr'>erat</span> <span class='ocrx_word' id='word_1_14' title='bbox 1793 501 1864 555; x_wconf 75' lang='lat' dir='ltr'>ab</span> <span class='ocrx_word' id='word_1_15' title='bbox 1902 503 1947 564; x_wconf 73' lang='grc' dir='ltr'>Α</span> <span class='ocrx_word' id='word_1_16' title='bbox 1975 500 2623 572; x_wconf 89' lang='lat' dir='ltr'>ministeriiparticipes</span> <span class='ocrx_word' id='word_1_17' title='bbox 2637 506 2858 567; x_wconf 87' lang='lat' dir='ltr'>essent,</span> <span class='ocrx_word' id='word_1_18' title='bbox 2888 519 3063 574; x_wconf 88' lang='lat' dir='ltr'>puras</span> <span class='ocrx_word' id='word_1_19' title='bbox 3086 519 3184 560; x_wconf 89' lang='lat' dir='ltr'>eas</span> <span class='ocrx_word' id='word_1_20' title='bbox 3200 522 3447 579; x_wconf 89' lang='lat' dir='ltr'>corpore</span> <span class='ocrx_word' id='word_1_21' title='bbox 3477 525 3641 580; x_wconf 63' lang='lat' dir='ltr'>aeque</span> 
     </span>
    </p>
   </div>
   <div class='ocr_carea' id='block_1_5' title="bbox 227 591 1885 669">
    <p class='ocr_par' dir='ltr' id='par_1_5' title="bbox 227 591 1885 669">
     <span class='ocr_line' id='line_1_5' title="bbox 227 591 1885 669; baseline -0.005 -15"><span class='ocrx_word' id='word_1_22' title='bbox 227 597 520 669; x_wconf 88' lang='lat' dir='ltr'>episc0pis</span> <span class='ocrx_word' id='word_1_23' title='bbox 553 595 800 666; x_wconf 81' lang='lat' dir='ltr'>singulis</span> <span class='ocrx_word' id='word_1_24' title='bbox 831 595 891 648; x_wconf 92' lang='lat' dir='ltr'>in</span> <span class='ocrx_word' id='word_1_25' title='bbox 925 593 1205 649; x_wconf 88' lang='lat' dir='ltr'>Ecclesiis</span> <span class='ocrx_word' id='word_1_26' title='bbox 1237 594 1362 648; x_wconf 84' lang='lat' dir='ltr'>suis</span> <span class='ocrx_word' id='word_1_27' title='bbox 1411 591 1885 647; x_wconf 90' lang='lat' dir='ltr'>convocandum.</span> 
     </span>
    </p>
   </div>
   <div class='ocr_carea' id='block_1_6' title="bbox 227 681 1879 755">
    <p class='ocr_par' dir='ltr' id='par_1_6' title="bbox 227 681 1879 755">
     <span class='ocr_line' id='line_1_6' title="bbox 227 681 1879 755; baseline -0.004 -15"><span class='ocrx_word' id='word_1_28' title='bbox 227 685 457 741; x_wconf 82' lang='lat' dir='ltr'>Fideles</span> <span class='ocrx_word' id='word_1_29' title='bbox 480 700 688 739; x_wconf 91' lang='lat' dir='ltr'>omnes</span> <span class='ocrx_word' id='word_1_30' title='bbox 711 689 889 754; x_wconf 90' lang='lat' dir='ltr'>atque</span> <span class='ocrx_word' id='word_1_31' title='bbox 916 683 1026 755; x_wconf 85' lang='lat' dir='ltr'>ipsi</span> <span class='ocrx_word' id='word_1_32' title='bbox 1058 681 1389 754; x_wconf 73' lang='lat' dir='ltr'>presbyteri</span> <span class='ocrx_word' id='word_1_33' title='bbox 1421 684 1530 752; x_wconf 82' lang='lat'>(23)</span> <span class='ocrx_word' id='word_1_34' title='bbox 1553 688 1612 737; x_wconf 90' lang='lat' dir='ltr'>et</span> <span class='ocrx_word' id='word_1_35' title='bbox 1646 681 1879 736; x_wconf 88' lang='lat' dir='ltr'>diaconi</span> 
     </span>
    </p>
   </div>
   <div class='ocr_carea' id='block_1_7' title="bbox 228 769 1878 846">
    <p class='ocr_par' dir='ltr' id='par_1_7' title="bbox 228 769 1878 846">
     <span class='ocr_line' id='line_1_7' title="bbox 228 769 1878 846; baseline -0.004 -16"><span class='ocrx_word' id='word_1_36' title='bbox 228 776 505 846; x_wconf 78' lang='lat' dir='ltr'>episcopo</span> <span class='ocrx_word' id='word_1_37' title='bbox 541 773 758 828; x_wconf 78' lang='lat' dir='ltr'>subditi</span> <span class='ocrx_word' id='word_1_38' title='bbox 793 778 984 836; x_wconf 88' lang='lat' dir='ltr'>erant,</span> <span class='ocrx_word' id='word_1_39' title='bbox 1044 771 1252 842; x_wconf 85' lang='lat' dir='ltr'>illique</span> <span class='ocrx_word' id='word_1_40' title='bbox 1305 787 1512 842; x_wconf 89' lang='lat' dir='ltr'>parere</span> <span class='ocrx_word' id='word_1_41' title='bbox 1562 769 1878 825; x_wconf 84' lang='lat' dir='ltr'>debebant.</span> 
     </span>
    </p>
   </div>
   <div class='ocr_carea' id='block_1_8' title="bbox 236 859 1883 934">
    <p class='ocr_par' dir='ltr' id='par_1_8' title="bbox 236 859 1883 934">
     <span class='ocr_line' id='line_1_8' title="bbox 236 859 1883 934; baseline -0.003 -15"><span class='ocrx_word' id='word_1_42' title='bbox 236 862 573 934; x_wconf 76' lang='lat' dir='ltr'>Presbyteri</span> <span class='ocrx_word' id='word_1_43' title='bbox 607 863 716 933; x_wconf 77' lang='grc'>(24)</span> <span class='ocrx_word' id='word_1_44' title='bbox 749 879 782 916; x_wconf 90' lang='lat' dir='ltr'>a</span> <span class='ocrx_word' id='word_1_45' title='bbox 813 861 1043 915; x_wconf 76' lang='lat' dir='ltr'>Christo</span> <span class='ocrx_word' id='word_1_46' title='bbox 1075 861 1330 914; x_wconf 73' lang='lat' dir='ltr'>instituti</span> <span class='ocrx_word' id='word_1_47' title='bbox 1362 865 1502 915; x_wconf 90' lang='lat' dir='ltr'>sunt</span> <span class='ocrx_word' id='word_1_48' title='bbox 1531 859 1603 915; x_wconf 91' lang='lat' dir='ltr'>ad</span> <span class='ocrx_word' id='word_1_49' title='bbox 1653 865 1883 932; x_wconf 86' lang='lat' dir='ltr'>aposto-</span> 
     </span>
    </p>
   </div>
   <div class='ocr_carea' id='block_1_9' title="bbox 231 949 1883 1023">
    <p class='ocr_par' dir='ltr' id='par_1_9' title="bbox 231 949 1883 1023">
     <span class='ocr_line' id='line_1_9' title="bbox 231 949 1883 1023; baseline -0.005 -13"><span class='ocrx_word' id='word_1_50' title='bbox 231 955 421 1010; x_wconf 82' lang='lat' dir='ltr'>lorum</span> <span class='ocrx_word' id='word_1_51' title='bbox 443 951 758 1023; x_wconf 83' lang='lat' dir='ltr'>collegium</span> <span class='ocrx_word' id='word_1_52' title='bbox 783 949 1354 1022; x_wconf 70' lang='lat' dir='ltr'>reprmsentandum,</span> <span class='ocrx_word' id='word_1_53' title='bbox 1379 949 1596 1020; x_wconf 87' lang='lat' dir='ltr'>quibus</span> <span class='ocrx_word' id='word_1_54' title='bbox 1619 965 1737 1003; x_wconf 91' lang='lat' dir='ltr'>non</span> <span class='ocrx_word' id='word_1_55' title='bbox 1765 965 1883 1003; x_wconf 91' lang='lat' dir='ltr'>mo-</span> 
     </span>
    </p>
   </div>
   <div class='ocr_carea' id='block_1_10' title="bbox 233 1039 1880 1112">
    <p class='ocr_par' dir='ltr' id='par_1_10' title="bbox 233 1039 1880 1112">
     <span class='ocr_line' id='line_1_10' title="bbox 233 1039 1880 1112; baseline -0.004 -14"><span class='ocrx_word' id='word_1_56' title='bbox 233 1045 300 1098; x_wconf 89' lang='lat' dir='ltr'>do</span> <span class='ocrx_word' id='word_1_57' title='bbox 338 1042 550 1097; x_wconf 83' lang='lat' dir='ltr'>ﬁdeles</span> <span class='ocrx_word' id='word_1_58' title='bbox 583 1040 694 1112; x_wconf 81' lang='lat'>(25)</span> <span class='ocrx_word' id='word_1_59' title='bbox 727 1039 1022 1110; x_wconf 90' lang='lat' dir='ltr'>quoslibet</span> <span class='ocrx_word' id='word_1_60' title='bbox 1048 1040 1234 1110; x_wconf 82' lang='lat' dir='ltr'>vulgo,</span> <span class='ocrx_word' id='word_1_61' title='bbox 1269 1039 1372 1093; x_wconf 92' lang='lat' dir='ltr'>sed</span> <span class='ocrx_word' id='word_1_62' title='bbox 1396 1045 1452 1092; x_wconf 91' lang='lat' dir='ltr'>et</span> <span class='ocrx_word' id='word_1_63' title='bbox 1472 1039 1753 1094; x_wconf 86' lang='lat' dir='ltr'>diaconos</span> <span class='ocrx_word' id='word_1_64' title='bbox 1774 1040 1880 1107; x_wconf 88' lang='lat'>(26)</span> 
     </span>
    </p>
   </div>
   <div class='ocr_carea' id='block_1_11' title="bbox 230 1128 1880 1202">
    <p class='ocr_par' dir='ltr' id='par_1_11' title="bbox 230 1128 1880 1202">
     <span class='ocr_line' id='line_1_11' title="bbox 230 1128 1880 1202; baseline -0.002 -16"><span class='ocrx_word' id='word_1_65' title='bbox 230 1132 531 1202; x_wconf 84' lang='lat' dir='ltr'>subjectos</span> <span class='ocrx_word' id='word_1_66' title='bbox 561 1145 689 1184; x_wconf 91' lang='lat' dir='ltr'>esse</span> <span class='ocrx_word' id='word_1_67' title='bbox 718 1133 969 1200; x_wconf 85' lang='lat' dir='ltr'>oportet.</span> <span class='ocrx_word' id='word_1_68' title='bbox 1009 1129 1079 1182; x_wconf 92' lang='lat' dir='ltr'>In</span> <span class='ocrx_word' id='word_1_69' title='bbox 1111 1128 1363 1198; x_wconf 91' lang='lat' dir='ltr'>epistola</span> <span class='ocrx_word' id='word_1_70' title='bbox 1391 1128 1466 1182; x_wconf 92' lang='lat' dir='ltr'>ad</span> <span class='ocrx_word' id='word_1_71' title='bbox 1494 1128 1880 1198; x_wconf 88' lang='lat' dir='ltr'>Polycarpum</span> 
     </span>
    </p>
   </div>
   <div class='ocr_carea' id='block_1_12' title="bbox 229 1218 1881 1291">
    <p class='ocr_par' dir='ltr' id='par_1_12' title="bbox 229 1218 1881 1291">
     <span class='ocr_line' id='line_1_12' title="bbox 229 1218 1881 1291; baseline 0.001 -19"><span class='ocrx_word' id='word_1_72' title='bbox 229 1222 391 1276; x_wconf 86' lang='lat' dir='ltr'>varia</span> <span class='ocrx_word' id='word_1_73' title='bbox 422 1222 670 1291; x_wconf 82' lang='lat' dir='ltr'>insuper</span> <span class='ocrx_word' id='word_1_74' title='bbox 702 1219 841 1274; x_wconf 90' lang='lat' dir='ltr'>boni</span> <span class='ocrx_word' id='word_1_75' title='bbox 867 1218 1126 1290; x_wconf 89' lang='lat' dir='ltr'>episcopi</span> <span class='ocrx_word' id='word_1_76' title='bbox 1149 1218 1348 1272; x_wconf 82' lang='lat' dir='ltr'>officia</span> <span class='ocrx_word' id='word_1_77' title='bbox 1368 1224 1660 1279; x_wconf 85' lang='lat' dir='ltr'>recenset.</span> <span class='ocrx_word' id='word_1_78' title='bbox 1692 1234 1881 1290; x_wconf 88' lang='lat' dir='ltr'>eaque</span> 
     </span>
    </p>
   </div>
   <div class='ocr_carea' id='block_1_13' title="bbox 225 1306 1875 1381">
    <p class='ocr_par' dir='ltr' id='par_1_13' title="bbox 225 1306 1875 1381">
     <span class='ocr_line' id='line_1_13' title="bbox 225 1306 1875 1381; baseline -0.001 -17"><span class='ocrx_word' id='word_1_79' title='bbox 225 1311 336 1365; x_wconf 88' lang='lat' dir='ltr'>sibi</span> <span class='ocrx_word' id='word_1_80' title='bbox 374 1325 735 1381; x_wconf 79' lang='lat' dir='ltr'>magnopere</span> <span class='ocrx_word' id='word_1_81' title='bbox 767 1307 1187 1363; x_wconf 88' lang='lat' dir='ltr'>commendata</span> <span class='ocrx_word' id='word_1_82' title='bbox 1217 1306 1457 1375; x_wconf 88' lang='lat' dir='ltr'>habere,</span> <span class='ocrx_word' id='word_1_83' title='bbox 1485 1306 1875 1378; x_wconf 86' lang='lat' dir='ltr'>Polycarpum</span> 
     </span>
    </p>
   </div>
   <div class='ocr_carea' id='block_1_14' title="bbox 231 1397 1880 1469">
    <p class='ocr_par' dir='ltr' id='par_1_14' title="bbox 231 1397 1880 1469">
     <span class='ocr_line' id='line_1_14' title="bbox 231 1397 1880 1469; baseline -0.001 -15"><span class='ocrx_word' id='word_1_84' title='bbox 231 1407 379 1455; x_wconf 86' lang='lat' dir='ltr'>orat.</span> <span class='ocrx_word' id='word_1_85' title='bbox 415 1402 495 1454; x_wconf 85' lang='lat' dir='ltr'>Ne</span> <span class='ocrx_word' id='word_1_86' title='bbox 527 1399 733 1454; x_wconf 90' lang='lat' dir='ltr'>eadem</span> <span class='ocrx_word' id='word_1_87' title='bbox 767 1398 856 1453; x_wconf 92' lang='lat' dir='ltr'>bis</span> <span class='ocrx_word' id='word_1_88' title='bbox 886 1402 1174 1469; x_wconf 82' lang='lat' dir='ltr'>repetam,</span> <span class='ocrx_word' id='word_1_89' title='bbox 1206 1397 1449 1453; x_wconf 87' lang='lat' dir='ltr'>consule</span> <span class='ocrx_word' id='word_1_90' title='bbox 1481 1397 1752 1469; x_wconf 87' lang='lat' dir='ltr'>analysin</span> <span class='ocrx_word' id='word_1_91' title='bbox 1775 1415 1880 1453; x_wconf 86' lang='lat' dir='ltr'>no-</span> 
     </span>
    </p>
   </div>
   <div class='ocr_carea' id='block_1_15' title="bbox 224 1487 1273 1559">
    <p class='ocr_par' dir='ltr' id='par_1_15' title="bbox 224 1487 1273 1559">
     <span class='ocr_line' id='line_1_15' title="bbox 224 1487 1273 1559; baseline -0.001 -15"><span class='ocrx_word' id='word_1_92' title='bbox 224 1496 414 1544; x_wconf 84' lang='lat' dir='ltr'>s’ram</span> <span class='ocrx_word' id='word_1_93' title='bbox 451 1487 717 1559; x_wconf 63' lang='lat' dir='ltr'>epistolas</span> <span class='ocrx_word' id='word_1_94' title='bbox 751 1487 824 1542; x_wconf 90' lang='lat' dir='ltr'>ad</span> <span class='ocrx_word' id='word_1_95' title='bbox 862 1487 1273 1559; x_wconf 88' lang='lat' dir='ltr'>Polycarpum.</span> 
     </span>
    </p>
   </div>
   <div class='ocr_carea' id='block_1_16' title="bbox 290 1575 1880 1648">
    <p class='ocr_par' dir='ltr' id='par_1_16' title="bbox 290 1575 1880 1648">
     <span class='ocr_line' id='line_1_16' title="bbox 290 1575 1880 1648; baseline 0 -16"><span class='ocrx_word' id='word_1_96' title='bbox 290 1578 444 1643; x_wconf 84' lang='lat' dir='ltr'>Quid</span> <span class='ocrx_word' id='word_1_97' title='bbox 464 1577 534 1632; x_wconf 89' lang='lat' dir='ltr'>de</span> <span class='ocrx_word' id='word_1_98' title='bbox 561 1579 840 1632; x_wconf 76' lang='lat' dir='ltr'>Romanae</span> <span class='ocrx_word' id='word_1_99' title='bbox 863 1575 1132 1630; x_wconf 66' lang='lat' dir='ltr'>Ecclesia)</span> <span class='ocrx_word' id='word_1_100' title='bbox 1157 1576 1556 1648; x_wconf 65' lang='lat' dir='ltr'>praecellentia</span> <span class='ocrx_word' id='word_1_101' title='bbox 1577 1578 1880 1632; x_wconf 90' lang='lat' dir='ltr'>censuerit</span> 
     </span>
    </p>
   </div>
   <div class='ocr_carea' id='block_1_17' title="bbox 231 1665 1880 1738">
    <p class='ocr_par' dir='ltr' id='par_1_17' title="bbox 231 1665 1880 1738">
     <span class='ocr_line' id='line_1_17' title="bbox 231 1665 1880 1738; baseline -0.002 -17"><span class='ocrx_word' id='word_1_102' title='bbox 231 1670 262 1721; x_wconf 84' lang='lat' dir='ltr'>S</span> <span class='ocrx_word' id='word_1_103' title='bbox 319 1666 604 1738; x_wconf 83' lang='lat' dir='ltr'>lgnatius,</span> <span class='ocrx_word' id='word_1_104' title='bbox 633 1666 797 1733; x_wconf 87' lang='lat' dir='ltr'>satis,</span> <span class='ocrx_word' id='word_1_105' title='bbox 833 1665 892 1719; x_wconf 94' lang='lat' dir='ltr'>ni</span> <span class='ocrx_word' id='word_1_106' title='bbox 951 1665 1146 1729; x_wconf 87' lang='lat' dir='ltr'>fallor,</span> <span class='ocrx_word' id='word_1_107' title='bbox 1199 1665 1465 1720; x_wconf 88' lang='lat' dir='ltr'>indicant</span> <span class='ocrx_word' id='word_1_108' title='bbox 1512 1669 1597 1718; x_wconf 88' lang='lat' dir='ltr'>tot</span> <span class='ocrx_word' id='word_1_109' title='bbox 1643 1680 1711 1719; x_wconf 88' lang='lat' dir='ltr'>ac</span> <span class='ocrx_word' id='word_1_110' title='bbox 1761 1670 1880 1718; x_wconf 91' lang='lat' dir='ltr'>tam</span> 
     </span>
    </p>
   </div>
   <div class='ocr_carea' id='block_1_18' title="bbox 232 1753 1882 1824">
    <p class='ocr_par' dir='ltr' id='par_1_18' title="bbox 232 1753 1882 1824">
     <span class='ocr_line' id='line_1_18' title="bbox 232 1753 1882 1824; baseline -0.001 -14"><span class='ocrx_word' id='word_1_111' title='bbox 232 1755 530 1822; x_wconf 73' lang='lat' dir='ltr'>magnifici</span> <span class='ocrx_word' id='word_1_112' title='bbox 565 1754 738 1818; x_wconf 90' lang='lat' dir='ltr'>tituli,</span> <span class='ocrx_word' id='word_1_113' title='bbox 767 1770 916 1824; x_wconf 90' lang='lat' dir='ltr'>quos</span> <span class='ocrx_word' id='word_1_114' title='bbox 938 1755 997 1808; x_wconf 93' lang='lat' dir='ltr'>in</span> <span class='ocrx_word' id='word_1_115' title='bbox 1026 1753 1323 1809; x_wconf 79' lang='lat' dir='ltr'>laudatam</span> <span class='ocrx_word' id='word_1_116' title='bbox 1347 1753 1668 1809; x_wconf 89' lang='lat' dir='ltr'>Ecclesiam</span> <span class='ocrx_word' id='word_1_117' title='bbox 1691 1754 1750 1806; x_wconf 94' lang='lat' dir='ltr'>in</span> <span class='ocrx_word' id='word_1_118' title='bbox 1775 1769 1882 1809; x_wconf 88' lang='lat' dir='ltr'>sua</span> 
     </span>
    </p>
   </div>
   <div class='ocr_carea' id='block_1_19' title="bbox 232 1841 1881 1914">
    <p class='ocr_par' dir='ltr' id='par_1_19' title="bbox 232 1841 1881 1914">
     <span class='ocr_line' id='line_1_19' title="bbox 232 1841 1881 1914; baseline -0.001 -16"><span class='ocrx_word' id='word_1_119' title='bbox 232 1845 303 1898; x_wconf 91' lang='lat' dir='ltr'>ad</span> <span class='ocrx_word' id='word_1_120' title='bbox 334 1847 634 1899; x_wconf 80' lang='lat' dir='ltr'>Romanos</span> <span class='ocrx_word' id='word_1_121' title='bbox 655 1843 909 1914; x_wconf 89' lang='lat' dir='ltr'>epistola</span> <span class='ocrx_word' id='word_1_122' title='bbox 929 1843 1194 1913; x_wconf 86' lang='lat' dir='ltr'>congerit</span> <span class='ocrx_word' id='word_1_123' title='bbox 1221 1847 1356 1911; x_wconf 87' lang='lat'>(27).</span> <span class='ocrx_word' id='word_1_124' title='bbox 1386 1845 1544 1898; x_wconf 86' lang='lat' dir='ltr'>Hanc</span> <span class='ocrx_word' id='word_1_125' title='bbox 1562 1841 1881 1914; x_wconf 71' lang='lat' dir='ltr'>prmsidere</span> 
     </span>
    </p>
   </div>
   <div class='ocr_carea' id='block_1_20' title="bbox 232 1931 1887 2004">
    <p class='ocr_par' dir='ltr' id='par_1_20' title="bbox 232 1931 1887 2004">
     <span class='ocr_line' id='line_1_20' title="bbox 232 1931 1887 2004; baseline -0.001 -16"><span class='ocrx_word' id='word_1_126' title='bbox 232 1934 412 2004; x_wconf 90' lang='lat' dir='ltr'>(haud</span> <span class='ocrx_word' id='word_1_127' title='bbox 437 1933 614 1987; x_wconf 91' lang='lat' dir='ltr'>dubie</span> <span class='ocrx_word' id='word_1_128' title='bbox 637 1932 916 1986; x_wconf 90' lang='lat' dir='ltr'>omnibus</span> <span class='ocrx_word' id='word_1_129' title='bbox 940 1931 1234 2000; x_wconf 82' lang='lat' dir='ltr'>fidelibus)</span> <span class='ocrx_word' id='word_1_130' title='bbox 1259 1932 1317 1986; x_wconf 92' lang='lat' dir='ltr'>in</span> <span class='ocrx_word' id='word_1_131' title='bbox 1335 1932 1445 1986; x_wconf 81' lang='lat' dir='ltr'>hoc</span> <span class='ocrx_word' id='word_1_132' title='bbox 1467 1931 1674 1987; x_wconf 91' lang='lat' dir='ltr'>eodem</span> <span class='ocrx_word' id='word_1_133' title='bbox 1702 1948 1887 2003; x_wconf 71' lang='lat' dir='ltr'>prom—</span> 
     </span>
    </p>
   </div>
   <div class='ocr_carea' id='block_1_21' title="bbox 234 2020 1886 2092">
    <p class='ocr_par' dir='ltr' id='par_1_21' title="bbox 234 2020 1886 2092">
     <span class='ocr_line' id='line_1_21' title="bbox 234 2020 1886 2092; baseline -0.001 -15"><span class='ocrx_word' id='word_1_134' title='bbox 234 2025 346 2078; x_wconf 87' lang='lat' dir='ltr'>mio</span> <span class='ocrx_word' id='word_1_135' title='bbox 382 2023 473 2076; x_wconf 90' lang='lat' dir='ltr'>bis</span> <span class='ocrx_word' id='word_1_136' title='bbox 505 2021 789 2080; x_wconf 83' lang='lat' dir='ltr'>affirmat.</span> <span class='ocrx_word' id='word_1_137' title='bbox 827 2020 983 2092; x_wconf 91' lang='lat' dir='ltr'>quod</span> <span class='ocrx_word' id='word_1_138' title='bbox 1021 2021 1092 2074; x_wconf 91' lang='lat' dir='ltr'>de</span> <span class='ocrx_word' id='word_1_139' title='bbox 1133 2021 1291 2076; x_wconf 89' lang='lat' dir='ltr'>nulla</span> <span class='ocrx_word' id='word_1_140' title='bbox 1341 2021 1457 2076; x_wconf 89' lang='lat' dir='ltr'>alia</span> <span class='ocrx_word' id='word_1_141' title='bbox 1509 2022 1768 2077; x_wconf 88' lang='lat' dir='ltr'>Ecclesia</span> <span class='ocrx_word' id='word_1_142' title='bbox 1814 2037 1886 2076; x_wconf 89' lang='lat' dir='ltr'>ex</span> 
     </span>
    </p>
   </div>
   <div class='ocr_carea' id='block_1_22' title="bbox 242 2109 1446 2180">
    <p class='ocr_par' dir='ltr' id='par_1_22' title="bbox 242 2109 1446 2180">
     <span class='ocr_line' id='line_1_22' title="bbox 242 2109 1446 2180; baseline -0.001 -16"><span class='ocrx_word' id='word_1_143' title='bbox 242 2112 312 2166; x_wconf 90' lang='lat' dir='ltr'>iis</span> <span class='ocrx_word' id='word_1_144' title='bbox 338 2111 412 2164; x_wconf 89' lang='lat' dir='ltr'>ad</span> <span class='ocrx_word' id='word_1_145' title='bbox 441 2126 591 2180; x_wconf 90' lang='lat' dir='ltr'>quas</span> <span class='ocrx_word' id='word_1_146' title='bbox 622 2109 849 2174; x_wconf 79' lang='lat' dir='ltr'>scribit,</span> <span class='ocrx_word' id='word_1_147' title='bbox 879 2109 1101 2164; x_wconf 85' lang='lat' dir='ltr'>dixisse</span> <span class='ocrx_word' id='word_1_148' title='bbox 1133 2109 1446 2180; x_wconf 91' lang='lat' dir='ltr'>reperitur.</span> 
     </span>
    </p>
   </div>
   <div class='ocr_carea' id='block_1_23' title="bbox 299 2199 1888 2270">
    <p class='ocr_par' dir='ltr' id='par_1_23' title="bbox 299 2199 1888 2270">
     <span class='ocr_line' id='line_1_23' title="bbox 299 2199 1888 2270; baseline -0.001 -16"><span class='ocrx_word' id='word_1_149' title='bbox 299 2202 365 2254; x_wconf 87' lang='lat' dir='ltr'>In</span> <span class='ocrx_word' id='word_1_150' title='bbox 398 2199 862 2254; x_wconf 87' lang='lat' dir='ltr'>salutationibus</span> <span class='ocrx_word' id='word_1_151' title='bbox 893 2199 1186 2269; x_wconf 88' lang='lat' dir='ltr'>virginum</span> <span class='ocrx_word' id='word_1_152' title='bbox 1220 2199 1494 2254; x_wconf 90' lang='lat' dir='ltr'>meminit</span> <span class='ocrx_word' id='word_1_153' title='bbox 1517 2200 1629 2270; x_wconf 88' lang='lat'>(28)</span> <span class='ocrx_word' id='word_1_154' title='bbox 1653 2215 1784 2270; x_wconf 74' lang='lat' dir='ltr'>quae</span> <span class='ocrx_word' id='word_1_155' title='bbox 1815 2199 1888 2253; x_wconf 87' lang='lat' dir='ltr'>vi-</span> 
     </span>
    </p>
   </div>
   <div class='ocr_carea' id='block_1_24' title="bbox 233 2287 1888 2359">
    <p class='ocr_par' dir='ltr' id='par_1_24' title="bbox 233 2287 1888 2359">
     <span class='ocr_line' id='line_1_24' title="bbox 233 2287 1888 2359; baseline 0.001 -16"><span class='ocrx_word' id='word_1_156' title='bbox 233 2290 358 2343; x_wconf 65' lang='lat' dir='ltr'>dua:</span> <span class='ocrx_word' id='word_1_157' title='bbox 409 2288 793 2343; x_wconf 81' lang='lat' dir='ltr'>vocabantur.</span> <span class='ocrx_word' id='word_1_158' title='bbox 849 2290 1030 2344; x_wconf 85' lang='lat' dir='ltr'>Erant</span> <span class='ocrx_word' id='word_1_159' title='bbox 1094 2289 1184 2343; x_wconf 76' lang='lat' dir='ltr'>hae</span> <span class='ocrx_word' id='word_1_160' title='bbox 1242 2287 1614 2355; x_wconf 76' lang='lat' dir='ltr'>diaconissaa,</span> <span class='ocrx_word' id='word_1_161' title='bbox 1673 2288 1888 2359; x_wconf 89' lang='lat' dir='ltr'>quibus</span> 
     </span>
    </p>
   </div>
   <div class='ocr_carea' id='block_1_25' title="bbox 231 2377 1888 2449">
    <p class='ocr_par' dir='ltr' id='par_1_25' title="bbox 231 2377 1888 2449">
     <span class='ocr_line' id='line_1_25' title="bbox 231 2377 1888 2449; baseline -0.001 -16"><span class='ocrx_word' id='word_1_162' title='bbox 231 2395 469 2449; x_wconf 81' lang='lat' dir='ltr'>semper</span> <span class='ocrx_word' id='word_1_163' title='bbox 498 2377 814 2432; x_wconf 89' lang='lat' dir='ltr'>viduarum</span> <span class='ocrx_word' id='word_1_164' title='bbox 848 2393 1066 2432; x_wconf 89' lang='lat' dir='ltr'>nomen</span> <span class='ocrx_word' id='word_1_165' title='bbox 1101 2377 1355 2431; x_wconf 86' lang='lat' dir='ltr'>inditum</span> <span class='ocrx_word' id='word_1_166' title='bbox 1387 2377 1519 2442; x_wconf 90' lang='lat' dir='ltr'>fuit,</span> <span class='ocrx_word' id='word_1_167' title='bbox 1571 2394 1674 2432; x_wconf 90' lang='lat' dir='ltr'>seu</span> <span class='ocrx_word' id='word_1_168' title='bbox 1729 2378 1888 2449; x_wconf 92' lang='lat' dir='ltr'>quod</span> 
     </span>
    </p>
   </div>
   <div class='ocr_carea' id='block_1_26' title="bbox 233 2466 1890 2539">
    <p class='ocr_par' dir='ltr' id='par_1_26' title="bbox 233 2466 1890 2539">
     <span class='ocr_line' id='line_1_26' title="bbox 233 2466 1890 2539; baseline 0.001 -18"><span class='ocrx_word' id='word_1_169' title='bbox 233 2468 590 2539; x_wconf 89' lang='lat' dir='ltr'>plerumque</span> <span class='ocrx_word' id='word_1_170' title='bbox 624 2483 827 2520; x_wconf 85' lang='lat' dir='ltr'>revera</span> <span class='ocrx_word' id='word_1_171' title='bbox 859 2466 1047 2520; x_wconf 76' lang='lat' dir='ltr'>vidum</span> <span class='ocrx_word' id='word_1_172' title='bbox 1079 2472 1295 2526; x_wconf 75' lang='lat' dir='ltr'>essent.</span> <span class='ocrx_word' id='word_1_173' title='bbox 1331 2483 1435 2520; x_wconf 91' lang='lat' dir='ltr'>seu</span> <span class='ocrx_word' id='word_1_174' title='bbox 1468 2466 1624 2536; x_wconf 92' lang='lat' dir='ltr'>quod</span> <span class='ocrx_word' id='word_1_175' title='bbox 1657 2483 1756 2522; x_wconf 87' lang='lat' dir='ltr'>eas</span> <span class='ocrx_word' id='word_1_176' title='bbox 1808 2469 1890 2522; x_wconf 90' lang='lat' dir='ltr'>ita</span> 
     </span>
    </p>
   </div>
   <div class='ocr_carea' id='block_1_27' title="bbox 234 2553 1890 2627">
    <p class='ocr_par' dir='ltr' id='par_1_27' title="bbox 234 2553 1890 2627">
     <span class='ocr_line' id='line_1_27' title="bbox 234 2553 1890 2627; baseline -0.001 -16"><span class='ocrx_word' id='word_1_177' title='bbox 234 2555 580 2627; x_wconf 86' lang='lat' dir='ltr'>appellandi</span> <span class='ocrx_word' id='word_1_178' title='bbox 606 2555 867 2623; x_wconf 89' lang='lat' dir='ltr'>mosjam</span> <span class='ocrx_word' id='word_1_179' title='bbox 884 2554 1444 2626; x_wconf 80' lang='lat' dir='ltr'>obtinuisset,idque</span> <span class='ocrx_word' id='word_1_180' title='bbox 1462 2553 1602 2609; x_wconf 91' lang='lat' dir='ltr'>inde</span> <span class='ocrx_word' id='word_1_181' title='bbox 1624 2555 1890 2611; x_wconf 82' lang='lat' dir='ltr'>fortassis</span> 
     </span>
    </p>
   </div>
   <div class='ocr_carea' id='block_1_28' title="bbox 235 2643 1887 2717">
    <p class='ocr_par' dir='ltr' id='par_1_28' title="bbox 235 2643 1887 2717">
     <span class='ocr_line' id='line_1_28' title="bbox 235 2643 1887 2717; baseline 0.001 -19"><span class='ocrx_word' id='word_1_182' title='bbox 235 2646 570 2717; x_wconf 86' lang='lat' dir='ltr'>profectum</span> <span class='ocrx_word' id='word_1_183' title='bbox 602 2650 709 2710; x_wconf 89' lang='lat' dir='ltr'>est,</span> <span class='ocrx_word' id='word_1_184' title='bbox 747 2644 906 2714; x_wconf 90' lang='lat' dir='ltr'>quod</span> <span class='ocrx_word' id='word_1_185' title='bbox 937 2661 1071 2698; x_wconf 92' lang='lat' dir='ltr'>cum</span> <span class='ocrx_word' id='word_1_186' title='bbox 1093 2643 1288 2715; x_wconf 88' lang='lat' dir='ltr'>aliquo</span> <span class='ocrx_word' id='word_1_187' title='bbox 1307 2650 1476 2716; x_wconf 92' lang='lat' dir='ltr'>pacto</span> <span class='ocrx_word' id='word_1_188' title='bbox 1503 2645 1887 2700; x_wconf 87' lang='lat' dir='ltr'>ecclesiastici</span> 
     </span>
    </p>
   </div>
   <div class='ocr_carea' id='block_1_29' title="bbox 311 2769 1896 2843">
    <p class='ocr_par' dir='ltr' id='par_1_29' title="bbox 311 2769 1896 2843">
     <span class='ocr_line' id='line_1_29' title="bbox 311 2769 1896 2843; baseline 0.002 -19"><span class='ocrx_word' id='word_1_189' title='bbox 311 2773 428 2843; x_wconf 74' lang='lat'>(2&#39;2)</span> <span class='ocrx_word' id='word_1_190' title='bbox 451 2796 476 2819; x_wconf 87' lang='grc'><strong><em>‹‹</em></strong></span> <span class='ocrx_word' id='word_1_191' title='bbox 505 2769 1015 2836; x_wconf 89' lang='lat' dir='ltr'>Quemadmodum</span> <span class='ocrx_word' id='word_1_192' title='bbox 1040 2770 1474 2842; x_wconf 67' lang='lat' dir='ltr'>Ecclesiae,quaa</span> <span class='ocrx_word' id='word_1_193' title='bbox 1488 2771 1815 2826; x_wconf 69' lang='lat' dir='ltr'>Antiochia:</span> <span class='ocrx_word' id='word_1_194' title='bbox 1834 2772 1896 2827; x_wconf 91' lang='lat' dir='ltr'>in</span> 
     </span>
    </p>
   </div>
   <div class='ocr_carea' id='block_1_30' title="bbox 243 2843 1896 2915">
    <p class='ocr_par' dir='ltr' id='par_1_30' title="bbox 243 2843 1896 2915">
     <span class='ocr_line' id='line_1_30' title="bbox 243 2843 1896 2915; baseline 0.001 -18"><span class='ocrx_word' id='word_1_195' title='bbox 243 2845 410 2915; x_wconf 78' lang='lat' dir='ltr'>Syria</span> <span class='ocrx_word' id='word_1_196' title='bbox 435 2849 544 2908; x_wconf 89' lang='lat' dir='ltr'>est,</span> <span class='ocrx_word' id='word_1_197' title='bbox 575 2859 777 2914; x_wconf 90' lang='lat' dir='ltr'>pacem</span> <span class='ocrx_word' id='word_1_198' title='bbox 803 2849 1016 2915; x_wconf 87' lang='lat' dir='ltr'>nacta;</span> <span class='ocrx_word' id='word_1_199' title='bbox 1144 2843 1311 2897; x_wconf 81' lang='lat' dir='ltr'>decet</span> <span class='ocrx_word' id='word_1_200' title='bbox 1342 2844 1401 2896; x_wconf 92' lang='lat' dir='ltr'>in</span> <span class='ocrx_word' id='word_1_201' title='bbox 1437 2859 1526 2909; x_wconf 91' lang='lat' dir='ltr'>eo,</span> <span class='ocrx_word' id='word_1_202' title='bbox 1556 2843 1896 2898; x_wconf 84' lang='lat' dir='ltr'>beatissime</span> 
     </span>
    </p>
   </div>
   <div class='ocr_carea' id='block_1_31' title="bbox 240 2914 1894 2986">
    <p class='ocr_par' dir='ltr' id='par_1_31' title="bbox 240 2914 1894 2986">
     <span class='ocr_line' id='line_1_31' title="bbox 240 2914 1894 2986; baseline 0.001 -17"><span class='ocrx_word' id='word_1_203' title='bbox 240 2914 567 2985; x_wconf 79' lang='lat' dir='ltr'>Polycarpe</span> <span class='ocrx_word' id='word_1_204' title='bbox 596 2915 607 2968; x_wconf 74' lang='grc' dir='ltr'><strong><em>ε</em></strong></span> <span class='ocrx_word' id='word_1_205' title='bbox 643 2914 964 2968; x_wconf 91' lang='lat' dir='ltr'>concilium</span> <span class='ocrx_word' id='word_1_206' title='bbox 995 2928 1202 2986; x_wconf 89' lang='lat' dir='ltr'>cogere</span> <span class='ocrx_word' id='word_1_207' title='bbox 1236 2916 1351 2986; x_wconf 81' lang='lat' dir='ltr'>Deo</span> <span class='ocrx_word' id='word_1_208' title='bbox 1383 2915 1894 2979; x_wconf 88' lang='lat' dir='ltr'>decentissimum,</span> 
     </span>
    </p>
   </div>
   <div class='ocr_carea' id='block_1_32' title="bbox 238 2985 1897 3057">
    <p class='ocr_par' dir='ltr' id='par_1_32' title="bbox 238 2985 1897 3057">
     <span class='ocr_line' id='line_1_32' title="bbox 238 2985 1897 3057; baseline 0.001 -17"><span class='ocrx_word' id='word_1_209' title='bbox 238 2995 292 3040; x_wconf 90' lang='lat' dir='ltr'>et</span> <span class='ocrx_word' id='word_1_210' title='bbox 316 2987 558 3057; x_wconf 82' lang='lat' dir='ltr'>eligere,</span> <span class='ocrx_word' id='word_1_211' title='bbox 592 2987 639 3039; x_wconf 89' lang='lat' dir='ltr'>si</span> <span class='ocrx_word' id='word_1_212' title='bbox 665 3002 842 3054; x_wconf 90' lang='lat' dir='ltr'>quem</span> <span class='ocrx_word' id='word_1_213' title='bbox 868 2985 1250 3040; x_wconf 86' lang='lat' dir='ltr'>vehementer</span> <span class='ocrx_word' id='word_1_214' title='bbox 1270 2985 1550 3040; x_wconf 90' lang='lat' dir='ltr'>dilectum</span> <span class='ocrx_word' id='word_1_215' title='bbox 1575 2986 1805 3041; x_wconf 85' lang='lat' dir='ltr'>habetis</span> <span class='ocrx_word' id='word_1_216' title='bbox 1829 3004 1897 3042; x_wconf 92' lang='lat' dir='ltr'>ac</span> 
     </span>
    </p>
   </div>
   <div class='ocr_carea' id='block_1_33' title="bbox 239 3057 1894 3130">
    <p class='ocr_par' dir='ltr' id='par_1_33' title="bbox 239 3057 1894 3130">
     <span class='ocr_line' id='line_1_33' title="bbox 239 3057 1894 3130; baseline 0.001 -18"><span class='ocrx_word' id='word_1_217' title='bbox 239 3060 582 3130; x_wconf 84' lang='lat' dir='ltr'>impigrum,</span> <span class='ocrx_word' id='word_1_218' title='bbox 635 3057 732 3130; x_wconf 87' lang='lat' dir='ltr'>qui</span> <span class='ocrx_word' id='word_1_219' title='bbox 787 3059 1005 3130; x_wconf 84' lang='lat' dir='ltr'>poterit</span> <span class='ocrx_word' id='word_1_220' title='bbox 1051 3057 1282 3112; x_wconf 86' lang='lat' dir='ltr'>divinus</span> <span class='ocrx_word' id='word_1_221' title='bbox 1335 3058 1620 3130; x_wconf 88' lang='lat' dir='ltr'>appellari</span> <span class='ocrx_word' id='word_1_222' title='bbox 1651 3076 1894 3130; x_wconf 82' lang='lat' dir='ltr'>cursor,</span> 
     </span>
    </p>
   </div>
   <div class='ocr_carea' id='block_1_34' title="bbox 238 3128 1894 3200">
    <p class='ocr_par' dir='ltr' id='par_1_34' title="bbox 238 3128 1894 3200">
     <span class='ocr_line' id='line_1_34' title="bbox 238 3128 1894 3200; baseline 0.001 -17"><span class='ocrx_word' id='word_1_223' title='bbox 238 3128 531 3199; x_wconf 77' lang='lat' dir='ltr'>illumque</span> <span class='ocrx_word' id='word_1_224' title='bbox 556 3145 622 3183; x_wconf 90' lang='lat' dir='ltr'>eo</span> <span class='ocrx_word' id='word_1_225' title='bbox 645 3128 873 3199; x_wconf 84' lang='lat' dir='ltr'>dignari</span> <span class='ocrx_word' id='word_1_226' title='bbox 898 3128 1142 3194; x_wconf 77' lang='lat' dir='ltr'>honore,</span> <span class='ocrx_word' id='word_1_227' title='bbox 1159 3136 1222 3183; x_wconf 93' lang='lat' dir='ltr'>ut</span> <span class='ocrx_word' id='word_1_228' title='bbox 1246 3129 1546 3198; x_wconf 88' lang='lat' dir='ltr'>profectus</span> <span class='ocrx_word' id='word_1_229' title='bbox 1566 3129 1626 3183; x_wconf 93' lang='lat' dir='ltr'>in</span> <span class='ocrx_word' id='word_1_230' title='bbox 1643 3129 1894 3200; x_wconf 86' lang='lat' dir='ltr'>Syriam,</span> 
     </span>
    </p>
   </div>
   <div class='ocr_carea' id='block_1_35' title="bbox 235 3200 1900 3272">
    <p class='ocr_par' dir='ltr' id='par_1_35' title="bbox 235 3200 1900 3272">
     <span class='ocr_line' id='line_1_35' title="bbox 235 3200 1900 3272; baseline 0.002 -18"><span class='ocrx_word' id='word_1_231' title='bbox 235 3200 876 3272; x_wconf 10' lang='lat' dir='ltr'>gloriticetiimpigram</span> <span class='ocrx_word' id='word_1_232' title='bbox 901 3200 1248 3255; x_wconf 88' lang='lat' dir='ltr'>charitatem</span> <span class='ocrx_word' id='word_1_233' title='bbox 1275 3207 1524 3255; x_wconf 86' lang='lat' dir='ltr'>vestram</span> <span class='ocrx_word' id='word_1_234' title='bbox 1557 3200 1629 3255; x_wconf 89' lang='lat' dir='ltr'>ad</span> <span class='ocrx_word' id='word_1_235' title='bbox 1652 3201 1900 3272; x_wconf 84' lang='lat' dir='ltr'>gloriam</span> 
     </span>
    </p>
   </div>
   <div class='ocr_carea' id='block_1_36' title="bbox 238 3271 1127 3342">
    <p class='ocr_par' dir='ltr' id='par_1_36' title="bbox 238 3271 1127 3342">
     <span class='ocr_line' id='line_1_36' title="bbox 238 3271 1127 3342; baseline -0.004 -14"><span class='ocrx_word' id='word_1_236' title='bbox 238 3275 372 3328; x_wconf 92' lang='lat' dir='ltr'>Dei-</span> <span class='ocrx_word' id='word_1_237' title='bbox 416 3294 440 3319; x_wconf 86' lang='grc'><strong>››</strong></span> <span class='ocrx_word' id='word_1_238' title='bbox 478 3271 560 3325; x_wconf 83' lang='lat' dir='ltr'>Ad</span> <span class='ocrx_word' id='word_1_239' title='bbox 594 3271 924 3342; x_wconf 87' lang='lat' dir='ltr'>Polycarp.,</span> <span class='ocrx_word' id='word_1_240' title='bbox 957 3288 1007 3325; x_wconf 93' lang='lat' dir='ltr'>c.</span> <span class='ocrx_word' id='word_1_241' title='bbox 1044 3276 1127 3325; x_wconf 83' lang='lat'>7‘7.</span> 
     </span>
    </p>
   </div>
   <div class='ocr_carea' id='block_1_37' title="bbox 317 3343 1902 3414">
    <p class='ocr_par' dir='ltr' id='par_1_37' title="bbox 317 3343 1902 3414">
     <span class='ocr_line' id='line_1_37' title="bbox 317 3343 1902 3414; baseline 0.001 -17"><span class='ocrx_word' id='word_1_242' title='bbox 317 3345 435 3412; x_wconf 69' lang='lat'>«&#39;23)</span> <span class='ocrx_word' id='word_1_243' title='bbox 491 3366 517 3391; x_wconf 86' lang='lat'><strong><em>«</em></strong></span> <span class='ocrx_word' id='word_1_244' title='bbox 551 3344 770 3397; x_wconf 90' lang='lat' dir='ltr'>Omnes</span> <span class='ocrx_word' id='word_1_245' title='bbox 824 3344 1167 3414; x_wconf 83' lang='lat' dir='ltr'>episcopum</span> <span class='ocrx_word' id='word_1_246' title='bbox 1223 3343 1564 3413; x_wconf 90' lang='lat' dir='ltr'>sequimini,</span> <span class='ocrx_word' id='word_1_247' title='bbox 1622 3349 1686 3398; x_wconf 90' lang='lat' dir='ltr'>ut</span> <span class='ocrx_word' id='word_1_248' title='bbox 1734 3345 1902 3400; x_wconf 85' lang='lat' dir='ltr'>Jesus</span> 
     </span>
    </p>
   </div>
   <div class='ocr_carea' id='block_1_38' title="bbox 242 3415 1903 3486">
    <p class='ocr_par' dir='ltr' id='par_1_38' title="bbox 242 3415 1903 3486">
     <span class='ocr_line' id='line_1_38' title="bbox 242 3415 1903 3486; baseline 0 -16"><span class='ocrx_word' id='word_1_249' title='bbox 242 3416 520 3471; x_wconf 87' lang='lat' dir='ltr'>Christus</span> <span class='ocrx_word' id='word_1_250' title='bbox 540 3417 795 3468; x_wconf 90' lang='lat' dir='ltr'>Patrem.</span> <span class='ocrx_word' id='word_1_251' title='bbox 826 3436 849 3466; x_wconf 72' lang='grc' dir='ltr'><strong>ο</strong></span> <span class='ocrx_word' id='word_1_252' title='bbox 877 3415 956 3469; x_wconf 85' lang='lat' dir='ltr'>Ad</span> <span class='ocrx_word' id='word_1_253' title='bbox 988 3417 1244 3486; x_wconf 87' lang='lat' dir='ltr'>Smyrn.,</span> <span class='ocrx_word' id='word_1_254' title='bbox 1277 3432 1325 3468; x_wconf 92' lang='lat' dir='ltr'>c.</span> <span class='ocrx_word' id='word_1_255' title='bbox 1360 3416 1412 3470; x_wconf 90' lang='lat'>8.</span> <span class='ocrx_word' id='word_1_256' title='bbox 1442 3446 1508 3454; x_wconf 97' lang='lat'><strong>—</strong></span> <span class='ocrx_word' id='word_1_257' title='bbox 1536 3436 1563 3486; x_wconf 68' lang='grc' dir='ltr'>‹ς</span> <span class='ocrx_word' id='word_1_258' title='bbox 1599 3415 1775 3470; x_wconf 88' lang='lat' dir='ltr'>Decet</span> <span class='ocrx_word' id='word_1_259' title='bbox 1804 3433 1903 3470; x_wconf 91' lang='lat' dir='ltr'>vos</span> 
     </span>
    </p>
   </div>
   <div class='ocr_carea' id='block_1_39' title="bbox 242 3485 1898 3557">
    <p class='ocr_par' dir='ltr' id='par_1_39' title="bbox 242 3485 1898 3557">
     <span class='ocr_line' id='line_1_39' title="bbox 242 3485 1898 3557; baseline -0.001 -15"><span class='ocrx_word' id='word_1_260' title='bbox 242 3489 302 3542; x_wconf 91' lang='lat' dir='ltr'>in</span> <span class='ocrx_word' id='word_1_261' title='bbox 341 3487 606 3557; x_wconf 88' lang='lat' dir='ltr'>episcopi</span> <span class='ocrx_word' id='word_1_262' title='bbox 632 3486 992 3540; x_wconf 91' lang='lat' dir='ltr'>sententiam</span> <span class='ocrx_word' id='word_1_263' title='bbox 1016 3485 1390 3557; x_wconf 83' lang='lat' dir='ltr'>concurrere,</span> <span class='ocrx_word' id='word_1_264' title='bbox 1411 3485 1568 3556; x_wconf 88' lang='lat' dir='ltr'>quod</span> <span class='ocrx_word' id='word_1_265' title='bbox 1592 3493 1650 3540; x_wconf 91' lang='lat' dir='ltr'>et</span> <span class='ocrx_word' id='word_1_266' title='bbox 1669 3487 1898 3552; x_wconf 85' lang='lat' dir='ltr'>facitis;</span> 
     </span>
    </p>
   </div>
   <div class='ocr_carea' id='block_1_40' title="bbox 246 3556 1900 3640">
    <p class='ocr_par' dir='ltr' id='par_1_40' title="bbox 246 3556 1900 3640">
     <span class='ocr_line' id='line_1_40' title="bbox 246 3556 1900 3640; baseline 0 -28"><span class='ocrx_word' id='word_1_267' title='bbox 246 3556 394 3639; x_wconf 77' lang='lat' dir='ltr'>nam</span> <span class='ocrx_word' id='word_1_268' title='bbox 416 3556 800 3611; x_wconf 86' lang='lat' dir='ltr'>memorabile</span> <span class='ocrx_word' id='word_1_269' title='bbox 813 3563 1070 3639; x_wconf 65' lang='lat' dir='ltr'>vestrum</span> <span class='ocrx_word' id='word_1_270' title='bbox 1089 3556 1518 3640; x_wconf 62' lang='lat' dir='ltr'>presbyterium</span> <span class='ocrx_word' id='word_1_271' title='bbox 1533 3557 1775 3640; x_wconf 81' lang='lat' dir='ltr'>dignum</span> <span class='ocrx_word' id='word_1_272' title='bbox 1786 3559 1900 3612; x_wconf 91' lang='lat' dir='ltr'>Deo</span> 
     </span>
    </p>
   </div>
   <div class='ocr_carea' id='block_1_41' title="bbox 247 3629 1898 3700">
    <p class='ocr_par' dir='ltr' id='par_1_41' title="bbox 247 3629 1898 3700">
     <span class='ocr_line' id='line_1_41' title="bbox 247 3629 1898 3700; baseline -0.003 -17"><span class='ocrx_word' id='word_1_273' title='bbox 247 3631 331 3684; x_wconf 88' lang='lat' dir='ltr'>ita</span> <span class='ocrx_word' id='word_1_274' title='bbox 365 3634 704 3699; x_wconf 92' lang='lat' dir='ltr'>coaptatum</span> <span class='ocrx_word' id='word_1_275' title='bbox 736 3635 824 3682; x_wconf 91' lang='lat' dir='ltr'>est</span> <span class='ocrx_word' id='word_1_276' title='bbox 854 3629 1154 3700; x_wconf 90' lang='lat' dir='ltr'>episcopo,</span> <span class='ocrx_word' id='word_1_277' title='bbox 1185 3634 1252 3682; x_wconf 88' lang='lat' dir='ltr'>ut</span> <span class='ocrx_word' id='word_1_278' title='bbox 1291 3629 1525 3683; x_wconf 65' lang='lat' dir='ltr'>chordas</span> <span class='ocrx_word' id='word_1_279' title='bbox 1574 3629 1836 3684; x_wconf 75' lang='lat' dir='ltr'>citharm.</span> <span class='ocrx_word' id='word_1_280' title='bbox 1872 3651 1898 3678; x_wconf 86' lang='grc'><strong>››</strong></span> 
     </span>
    </p>
   </div>
   <div class='ocr_carea' id='block_1_42' title="bbox 250 3700 1900 3770">
    <p class='ocr_par' dir='ltr' id='par_1_42' title="bbox 250 3700 1900 3770">
     <span class='ocr_line' id='line_1_42' title="bbox 250 3700 1900 3770; baseline 0 -15"><span class='ocrx_word' id='word_1_281' title='bbox 250 3701 337 3755; x_wconf 79' lang='lat' dir='ltr'>Ad</span> <span class='ocrx_word' id='word_1_282' title='bbox 375 3701 609 3770; x_wconf 86' lang='lat' dir='ltr'>Ephes..</span> <span class='ocrx_word' id='word_1_283' title='bbox 641 3717 692 3756; x_wconf 92' lang='lat' dir='ltr'>c.</span> <span class='ocrx_word' id='word_1_284' title='bbox 725 3702 776 3755; x_wconf 80' lang='grc'>4.</span> <span class='ocrx_word' id='word_1_285' title='bbox 810 3729 874 3741; x_wconf 85' lang='lat'><strong>-</strong></span> <span class='ocrx_word' id='word_1_286' title='bbox 909 3722 936 3749; x_wconf 89' lang='grc'>‹‹</span> <span class='ocrx_word' id='word_1_287' title='bbox 962 3702 1254 3755; x_wconf 90' lang='lat' dir='ltr'>Decetvos</span> <span class='ocrx_word' id='word_1_288' title='bbox 1276 3700 1601 3755; x_wconf 90' lang='lat' dir='ltr'>secundum</span> <span class='ocrx_word' id='word_1_289' title='bbox 1626 3701 1900 3755; x_wconf 89' lang='lat' dir='ltr'>virtutem</span> 
     </span>
    </p>
   </div>
   <div class='ocr_carea' id='block_1_43' title="bbox 248 3771 1897 3843">
    <p class='ocr_par' dir='ltr' id='par_1_43' title="bbox 248 3771 1897 3843">
     <span class='ocr_line' id='line_1_43' title="bbox 248 3771 1897 3843; baseline -0.001 -16"><span class='ocrx_word' id='word_1_290' title='bbox 248 3773 352 3827; x_wconf 87' lang='lat' dir='ltr'>Dei</span> <span class='ocrx_word' id='word_1_291' title='bbox 384 3772 574 3843; x_wconf 83' lang='lat' dir='ltr'>Patris</span> <span class='ocrx_word' id='word_1_292' title='bbox 599 3788 836 3843; x_wconf 90' lang='lat' dir='ltr'>omnem</span> <span class='ocrx_word' id='word_1_293' title='bbox 861 3771 1150 3842; x_wconf 83' lang='lat' dir='ltr'>impertiri</span> <span class='ocrx_word' id='word_1_294' title='bbox 1170 3772 1445 3843; x_wconf 88' lang='lat' dir='ltr'>episcopo</span> <span class='ocrx_word' id='word_1_295' title='bbox 1470 3772 1858 3843; x_wconf 84' lang='lat' dir='ltr'>reverentiam</span> <span class='ocrx_word' id='word_1_296' title='bbox 1885 3789 1897 3837; x_wconf 93' lang='lat'>;</span> 
     </span>
    </p>
   </div>
   <div class='ocr_carea' id='block_1_44' title="bbox 246 3841 1898 3923">
    <p class='ocr_par' dir='ltr' id='par_1_44' title="bbox 246 3841 1898 3923">
     <span class='ocr_line' id='line_1_44' title="bbox 246 3841 1898 3923; baseline -0.001 -25"><span class='ocrx_word' id='word_1_297' title='bbox 246 3841 758 3923; x_wconf 72' lang='lat' dir='ltr'>quemadmodum</span> <span class='ocrx_word' id='word_1_298' title='bbox 791 3843 923 3923; x_wconf 71' lang='lat' dir='ltr'>novi</span> <span class='ocrx_word' id='word_1_299' title='bbox 950 3841 1222 3898; x_wconf 15' lang='lat' dir='ltr'>isanctos‘</span> <span class='ocrx_word' id='word_1_300' title='bbox 1257 3841 1448 3923; x_wconf 82' lang='lat' dir='ltr'>facere</span> <span class='ocrx_word' id='word_1_301' title='bbox 1501 3842 1898 3923; x_wconf 68' lang='lat' dir='ltr'>presbyteros,</span> 
     </span>
    </p>
   </div>
   <div class='ocr_carea' id='block_1_45' title="bbox 245 3913 1900 3985">
    <p class='ocr_par' dir='ltr' id='par_1_45' title="bbox 245 3913 1900 3985">
     <span class='ocr_line' id='line_1_45' title="bbox 245 3913 1900 3985; baseline -0.001 -16"><span class='ocrx_word' id='word_1_302' title='bbox 245 3913 373 3969; x_wconf 82' lang='lat' dir='ltr'>non</span> <span class='ocrx_word' id='word_1_303' title='bbox 407 3914 789 3985; x_wconf 87' lang='lat' dir='ltr'>respicientes</span> <span class='ocrx_word' id='word_1_304' title='bbox 821 3914 893 3968; x_wconf 88' lang='lat' dir='ltr'>ad</span> <span class='ocrx_word' id='word_1_305' title='bbox 924 3913 1639 3985; x_wconf 86' lang='lat' dir='ltr'>apparentemjuvenilem</span> <span class='ocrx_word' id='word_1_306' title='bbox 1662 3913 1900 3968; x_wconf 81' lang='lat' dir='ltr'>ordina-</span> 
     </span>
    </p>
   </div>
   <div class='ocr_carea' id='block_1_46' title="bbox 243 3985 1900 4055">
    <p class='ocr_par' dir='ltr' id='par_1_46' title="bbox 243 3985 1900 4055">
     <span class='ocr_line' id='line_1_46' title="bbox 243 3985 1900 4055; baseline -0.001 -15"><span class='ocrx_word' id='word_1_307' title='bbox 243 3989 497 4043; x_wconf 86' lang='lat' dir='ltr'>tionem.</span> <span class='ocrx_word' id='word_1_308' title='bbox 522 3985 625 4039; x_wconf 91' lang='lat' dir='ltr'>sed</span> <span class='ocrx_word' id='word_1_309' title='bbox 646 3991 712 4039; x_wconf 92' lang='lat' dir='ltr'>ut</span> <span class='ocrx_word' id='word_1_310' title='bbox 734 3985 1054 4054; x_wconf 83' lang='lat' dir='ltr'>prudentes</span> <span class='ocrx_word' id='word_1_311' title='bbox 1078 3986 1138 4038; x_wconf 94' lang='lat' dir='ltr'>in</span> <span class='ocrx_word' id='word_1_312' title='bbox 1163 3987 1279 4039; x_wconf 86' lang='lat' dir='ltr'>Deo</span> <span class='ocrx_word' id='word_1_313' title='bbox 1303 3985 1582 4039; x_wconf 89' lang='lat' dir='ltr'>cedentes</span> <span class='ocrx_word' id='word_1_314' title='bbox 1614 3986 1747 4055; x_wconf 91' lang='lat' dir='ltr'>ipsi,</span> <span class='ocrx_word' id='word_1_315' title='bbox 1781 4002 1900 4039; x_wconf 91' lang='lat' dir='ltr'>non</span> 
     </span>
    </p>
   </div>
   <div class='ocr_carea' id='block_1_47' title="bbox 243 4057 1902 4128">
    <p class='ocr_par' dir='ltr' id='par_1_47' title="bbox 243 4057 1902 4128">
     <span class='ocr_line' id='line_1_47' title="bbox 243 4057 1902 4128; baseline -0.001 -17"><span class='ocrx_word' id='word_1_316' title='bbox 243 4059 361 4128; x_wconf 90' lang='lat' dir='ltr'>ipsi</span> <span class='ocrx_word' id='word_1_317' title='bbox 396 4063 617 4120; x_wconf 88' lang='lat' dir='ltr'>autem,</span> <span class='ocrx_word' id='word_1_318' title='bbox 667 4057 770 4110; x_wconf 91' lang='lat' dir='ltr'>sed</span> <span class='ocrx_word' id='word_1_319' title='bbox 802 4057 959 4111; x_wconf 83' lang='lat' dir='ltr'>Patri</span> <span class='ocrx_word' id='word_1_320' title='bbox 1003 4059 1140 4110; x_wconf 87' lang='lat' dir='ltr'>Jesu</span> <span class='ocrx_word' id='word_1_321' title='bbox 1188 4057 1403 4110; x_wconf 88' lang='lat' dir='ltr'>Christi</span> <span class='ocrx_word' id='word_1_322' title='bbox 1463 4058 1732 4111; x_wconf 89' lang='lat' dir='ltr'>omnium</span> <span class='ocrx_word' id='word_1_323' title='bbox 1783 4057 1902 4126; x_wconf 81' lang='lat' dir='ltr'>epi-</span> 
     </span>
    </p>
   </div>
   <div class='ocr_carea' id='block_1_48' title="bbox 243 4128 1901 4198">
    <p class='ocr_par' dir='ltr' id='par_1_48' title="bbox 243 4128 1901 4198">
     <span class='ocr_line' id='line_1_48' title="bbox 243 4128 1901 4198; baseline -0.001 -14"><span class='ocrx_word' id='word_1_324' title='bbox 243 4146 450 4198; x_wconf 83' lang='lat' dir='ltr'>scopo.</span> <span class='ocrx_word' id='word_1_325' title='bbox 477 4151 502 4176; x_wconf 86' lang='grc'><strong>››</strong></span> <span class='ocrx_word' id='word_1_326' title='bbox 526 4128 610 4182; x_wconf 79' lang='lat' dir='ltr'>Ad</span> <span class='ocrx_word' id='word_1_327' title='bbox 633 4129 908 4198; x_wconf 56' lang='lat' dir='ltr'>Magnes,</span> <span class='ocrx_word' id='word_1_328' title='bbox 939 4145 988 4182; x_wconf 91' lang='lat' dir='ltr'>c.</span> <span class='ocrx_word' id='word_1_329' title='bbox 1014 4130 1064 4181; x_wconf 91' lang='grc'>3.</span> <span class='ocrx_word' id='word_1_330' title='bbox 1082 4158 1147 4166; x_wconf 87' lang='lat'>---</span> <span class='ocrx_word' id='word_1_331' title='bbox 1172 4129 1345 4198; x_wconf 84' lang='lat' dir='ltr'>Decet</span> <span class='ocrx_word' id='word_1_332' title='bbox 1364 4128 1630 4196; x_wconf 84' lang='lat' dir='ltr'>singulos</span> <span class='ocrx_word' id='word_1_333' title='bbox 1645 4134 1901 4182; x_wconf 87' lang='lat' dir='ltr'>vestrum</span> 
     </span>
    </p>
   </div>
   <div class='ocr_carea' id='block_1_49' title="bbox 245 4197 1900 4270">
    <p class='ocr_par' dir='ltr' id='par_1_49' title="bbox 245 4197 1900 4270">
     <span class='ocr_line' id='line_1_49' title="bbox 245 4197 1900 4270; baseline 0 -16"><span class='ocrx_word' id='word_1_334' title='bbox 245 4208 304 4254; x_wconf 82' lang='lat' dir='ltr'>et</span> <span class='ocrx_word' id='word_1_335' title='bbox 339 4197 640 4270; x_wconf 62' lang='lat' dir='ltr'>praecipue</span> <span class='ocrx_word' id='word_1_336' title='bbox 673 4197 1048 4270; x_wconf 84' lang='lat' dir='ltr'>presbyteros</span> <span class='ocrx_word' id='word_1_337' title='bbox 1100 4197 1429 4253; x_wconf 88' lang='lat' dir='ltr'>refocillare</span> <span class='ocrx_word' id='word_1_338' title='bbox 1461 4200 1802 4270; x_wconf 89' lang='lat' dir='ltr'>episcopum</span> <span class='ocrx_word' id='word_1_339' title='bbox 1840 4200 1900 4254; x_wconf 92' lang='lat' dir='ltr'>in</span> 
     </span>
    </p>
   </div>
   <div class='ocr_carea' id='block_1_50' title="bbox 245 4271 1900 4342">
    <p class='ocr_par' dir='ltr' id='par_1_50' title="bbox 245 4271 1900 4342">
     <span class='ocr_line' id='line_1_50' title="bbox 245 4271 1900 4342; baseline -0.001 -16"><span class='ocrx_word' id='word_1_340' title='bbox 245 4275 542 4326; x_wconf 89' lang='lat' dir='ltr'>honorem</span> <span class='ocrx_word' id='word_1_341' title='bbox 579 4271 764 4324; x_wconf 87' lang='lat' dir='ltr'>Patris</span> <span class='ocrx_word' id='word_1_342' title='bbox 793 4272 930 4325; x_wconf 83' lang='lat' dir='ltr'>Jesu</span> <span class='ocrx_word' id='word_1_343' title='bbox 952 4271 1188 4335; x_wconf 90' lang='lat' dir='ltr'>Christi,</span> <span class='ocrx_word' id='word_1_344' title='bbox 1219 4276 1276 4325; x_wconf 87' lang='lat' dir='ltr'>et</span> <span class='ocrx_word' id='word_1_345' title='bbox 1295 4271 1720 4342; x_wconf 88' lang='lat' dir='ltr'>apostolorum.</span> <span class='ocrx_word' id='word_1_346' title='bbox 1759 4294 1784 4319; x_wconf 85' lang='lat'><strong>»</strong></span> <span class='ocrx_word' id='word_1_347' title='bbox 1815 4271 1900 4325; x_wconf 77' lang='lat' dir='ltr'>Ad</span> 
     </span>
    </p>
   </div>
   <div class='ocr_carea' id='block_1_51' title="bbox 248 4343 665 4408">
    <p class='ocr_par' dir='ltr' id='par_1_51' title="bbox 248 4343 665 4408">
     <span class='ocr_line' id='line_1_51' title="bbox 248 4343 665 4408; baseline -0.012 -10"><span class='ocrx_word' id='word_1_348' title='bbox 248 4343 456 4408; x_wconf 87' lang='lat' dir='ltr'>Trall.,</span> <span class='ocrx_word' id='word_1_349' title='bbox 493 4359 543 4397; x_wconf 94' lang='lat' dir='ltr'>c.</span> <span class='ocrx_word' id='word_1_350' title='bbox 581 4345 665 4394; x_wconf 86' lang='lat' dir='ltr'>l2.</span> 
     </span>
    </p>
   </div>
   <div class='ocr_carea' id='block_1_52' title="bbox 321 4412 1900 4485">
    <p class='ocr_par' dir='ltr' id='par_1_52' title="bbox 321 4412 1900 4485">
     <span class='ocr_line' id='line_1_52' title="bbox 321 4412 1900 4485; baseline -0.001 -17"><span class='ocrx_word' id='word_1_351' title='bbox 321 4417 433 4481; x_wconf 76' lang='grc'>(24)</span> <span class='ocrx_word' id='word_1_352' title='bbox 470 4436 498 4463; x_wconf 91' lang='grc'>‹‹</span> <span class='ocrx_word' id='word_1_353' title='bbox 533 4413 794 4485; x_wconf 88' lang='lat' dir='ltr'>Ignatius</span> <span class='ocrx_word' id='word_1_354' title='bbox 827 4412 1174 4485; x_wconf 65' lang='lat' dir='ltr'>Ecclesia...</span> <span class='ocrx_word' id='word_1_355' title='bbox 1209 4430 1340 4482; x_wconf 66' lang='lat' dir='ltr'>quas</span> <span class='ocrx_word' id='word_1_356' title='bbox 1359 4419 1448 4467; x_wconf 89' lang='lat' dir='ltr'>est</span> <span class='ocrx_word' id='word_1_357' title='bbox 1476 4412 1900 4483; x_wconf 61' lang='lat' dir='ltr'>Philadelphia;</span> 
     </span>
    </p>
   </div>
   <div class='ocr_carea' id='block_1_53' title="bbox 1993 590 2912 662">
    <p class='ocr_par' dir='ltr' id='par_1_53' title="bbox 1993 590 2912 662">
     <span class='ocr_line' id='line_1_53' title="bbox 1993 590 2912 662; baseline 0.003 -19"><span class='ocrx_word' id='word_1_358' title='bbox 1993 594 2171 659; x_wconf 90' lang='lat' dir='ltr'>atque</span> <span class='ocrx_word' id='word_1_359' title='bbox 2202 590 2401 645; x_wconf 91' lang='lat' dir='ltr'>animo</span> <span class='ocrx_word' id='word_1_360' title='bbox 2434 607 2562 646; x_wconf 90' lang='lat' dir='ltr'>esse</span> <span class='ocrx_word' id='word_1_361' title='bbox 2594 597 2912 662; x_wconf 87' lang='lat' dir='ltr'>oporteret.</span> 
     </span>
    </p>
   </div>
   <div class='ocr_carea' id='block_1_54' title="bbox 2066 693 3643 766">
    <p class='ocr_par' dir='ltr' id='par_1_54' title="bbox 2066 693 3643 766">
     <span class='ocr_line' id='line_1_54' title="bbox 2066 693 3643 766; baseline 0.009 -19"><span class='ocrx_word' id='word_1_362' title='bbox 2066 693 2121 747; x_wconf 91' lang='lat' dir='ltr'>S.</span> <span class='ocrx_word' id='word_1_363' title='bbox 2158 695 2416 766; x_wconf 85' lang='lat' dir='ltr'>Ignatius</span> <span class='ocrx_word' id='word_1_364' title='bbox 2447 701 2735 766; x_wconf 88' lang='lat' dir='ltr'>quantum</span> <span class='ocrx_word' id='word_1_365' title='bbox 2766 710 2800 752; x_wconf 86' lang='lat' dir='ltr'>a</span> <span class='ocrx_word' id='word_1_366' title='bbox 2831 698 3146 754; x_wconf 88' lang='lat' dir='ltr'>schismate</span> <span class='ocrx_word' id='word_1_367' title='bbox 3180 705 3238 755; x_wconf 91' lang='lat' dir='ltr'>et</span> <span class='ocrx_word' id='word_1_368' title='bbox 3265 701 3477 758; x_wconf 62' lang='lat' dir='ltr'>haeresi</span> <span class='ocrx_word' id='word_1_369' title='bbox 3533 704 3643 760; x_wconf 74' lang='lat' dir='ltr'>ab-</span> 
     </span>
    </p>
   </div>
   <div class='ocr_carea' id='block_1_55' title="bbox 1992 781 3639 860">
    <p class='ocr_par' dir='ltr' id='par_1_55' title="bbox 1992 781 3639 860">
     <span class='ocr_line' id='line_1_55' title="bbox 1992 781 3639 860; baseline 0.007 -24"><span class='ocrx_word' id='word_1_370' title='bbox 1992 781 2282 850; x_wconf 88' lang='lat' dir='ltr'>horreret,</span> <span class='ocrx_word' id='word_1_371' title='bbox 2316 784 2577 854; x_wconf 88' lang='lat' dir='ltr'>apertius</span> <span class='ocrx_word' id='word_1_372' title='bbox 2608 785 2902 856; x_wconf 90' lang='lat' dir='ltr'>explicare</span> <span class='ocrx_word' id='word_1_373' title='bbox 2934 803 3052 841; x_wconf 91' lang='lat' dir='ltr'>non</span> <span class='ocrx_word' id='word_1_374' title='bbox 3084 793 3317 858; x_wconf 90' lang='lat' dir='ltr'>poterat</span> <span class='ocrx_word' id='word_1_375' title='bbox 3357 807 3534 860; x_wconf 89' lang='lat' dir='ltr'>quam</span> <span class='ocrx_word' id='word_1_376' title='bbox 3566 792 3639 848; x_wconf 92' lang='lat' dir='ltr'>ab</span> 
     </span>
    </p>
   </div>
   <div class='ocr_carea' id='block_1_56' title="bbox 1994 870 3642 948">
    <p class='ocr_par' dir='ltr' id='par_1_56' title="bbox 1994 870 3642 948">
     <span class='ocr_line' id='line_1_56' title="bbox 1994 870 3642 948; baseline 0.008 -24"><span class='ocrx_word' id='word_1_377' title='bbox 1994 870 2092 925; x_wconf 90' lang='lat' dir='ltr'>illo</span> <span class='ocrx_word' id='word_1_378' title='bbox 2123 871 2254 926; x_wconf 91' lang='lat' dir='ltr'>istis</span> <span class='ocrx_word' id='word_1_379' title='bbox 2284 873 2481 927; x_wconf 91' lang='lat' dir='ltr'>verbie</span> <span class='ocrx_word' id='word_1_380' title='bbox 2503 875 2833 944; x_wconf 72' lang='lat' dir='ltr'>praastitum</span> <span class='ocrx_word' id='word_1_381' title='bbox 2856 880 2946 930; x_wconf 92' lang='lat' dir='ltr'>est</span> <span class='ocrx_word' id='word_1_382' title='bbox 2966 878 3094 945; x_wconf 88' lang='lat'>(29).</span> <span class='ocrx_word' id='word_1_383' title='bbox 3128 877 3185 931; x_wconf 92' lang='lat' dir='ltr'>Si</span> <span class='ocrx_word' id='word_1_384' title='bbox 3217 878 3350 948; x_wconf 89' lang='lat' dir='ltr'>quis</span> <span class='ocrx_word' id='word_1_385' title='bbox 3383 879 3642 937; x_wconf 88' lang='lat' dir='ltr'>schisma</span> 
     </span>
    </p>
   </div>
   <div class='ocr_carea' id='block_1_57' title="bbox 1991 959 3642 1030">
    <p class='ocr_par' dir='ltr' id='par_1_57' title="bbox 1991 959 3642 1030">
     <span class='ocr_line' id='line_1_57' title="bbox 1991 959 3642 1030; baseline 0.008 -18"><span class='ocrx_word' id='word_1_386' title='bbox 1991 959 2309 1015; x_wconf 87' lang='lat' dir='ltr'>facientem</span> <span class='ocrx_word' id='word_1_387' title='bbox 2334 963 2782 1030; x_wconf 78' lang='lat' dir='ltr'>sectatur,regni</span> <span class='ocrx_word' id='word_1_388' title='bbox 2807 963 2905 1017; x_wconf 90' lang='lat' dir='ltr'>Dei</span> <span class='ocrx_word' id='word_1_389' title='bbox 2928 964 3335 1022; x_wconf 74' lang='lat' dir='ltr'>hmreditatem</span> <span class='ocrx_word' id='word_1_390' title='bbox 3359 984 3478 1023; x_wconf 90' lang='lat' dir='ltr'>non</span> <span class='ocrx_word' id='word_1_391' title='bbox 3500 985 3642 1024; x_wconf 85' lang='lat' dir='ltr'>con-</span> 
     </span>
    </p>
   </div>
   <div class='ocr_carea' id='block_1_58' title="bbox 1993 1050 3639 1123">
    <p class='ocr_par' dir='ltr' id='par_1_58' title="bbox 1993 1050 3639 1123">
     <span class='ocr_line' id='line_1_58' title="bbox 1993 1050 3639 1123; baseline 0.007 -21"><span class='ocrx_word' id='word_1_392' title='bbox 1993 1050 2297 1119; x_wconf 84' lang='lat' dir='ltr'>sequitur;</span> <span class='ocrx_word' id='word_1_393' title='bbox 2331 1050 2376 1103; x_wconf 92' lang='lat' dir='ltr'>si</span> <span class='ocrx_word' id='word_1_394' title='bbox 2411 1051 2544 1120; x_wconf 91' lang='lat' dir='ltr'>quis</span> <span class='ocrx_word' id='word_1_395' title='bbox 2575 1051 2635 1104; x_wconf 90' lang='lat' dir='ltr'>in</span> <span class='ocrx_word' id='word_1_396' title='bbox 2669 1051 2866 1106; x_wconf 88' lang='lat' dir='ltr'>aliena</span> <span class='ocrx_word' id='word_1_397' title='bbox 2895 1055 3188 1108; x_wconf 86' lang='lat' dir='ltr'>sententia</span> <span class='ocrx_word' id='word_1_398' title='bbox 3213 1055 3498 1123; x_wconf 87' lang='lat' dir='ltr'>ambulat,</span> <span class='ocrx_word' id='word_1_399' title='bbox 3528 1058 3639 1114; x_wconf 90' lang='lat' dir='ltr'>iste</span> 
     </span>
    </p>
   </div>
   <div class='ocr_carea' id='block_1_59' title="bbox 1990 1137 3641 1216">
    <p class='ocr_par' dir='ltr' id='par_1_59' title="bbox 1990 1137 3641 1216">
     <span class='ocr_line' id='line_1_59' title="bbox 1990 1137 3641 1216; baseline 0.005 -24"><span class='ocrx_word' id='word_1_400' title='bbox 1990 1137 2250 1208; x_wconf 90' lang='lat' dir='ltr'>passioni</span> <span class='ocrx_word' id='word_1_401' title='bbox 2274 1155 2392 1193; x_wconf 93' lang='lat' dir='ltr'>non</span> <span class='ocrx_word' id='word_1_402' title='bbox 2415 1140 2729 1194; x_wconf 89' lang='lat' dir='ltr'>consentit.</span> <span class='ocrx_word' id='word_1_403' title='bbox 2763 1140 2892 1195; x_wconf 79' lang='lat' dir='ltr'>Alio</span> <span class='ocrx_word' id='word_1_404' title='bbox 2925 1140 3054 1196; x_wconf 92' lang='lat' dir='ltr'>loco</span> <span class='ocrx_word' id='word_1_405' title='bbox 3088 1141 3343 1198; x_wconf 70' lang='lat' dir='ltr'>hmresin</span> <span class='ocrx_word' id='word_1_406' title='bbox 3372 1147 3486 1216; x_wconf 92' lang='lat'>(30)</span> <span class='ocrx_word' id='word_1_407' title='bbox 3516 1163 3641 1202; x_wconf 84' lang='lat' dir='ltr'>ma-</span> 
     </span>
    </p>
   </div>
   <div class='ocr_carea' id='block_1_60' title="bbox 1993 1227 3641 1302">
    <p class='ocr_par' dir='ltr' id='par_1_60' title="bbox 1993 1227 3641 1302">
     <span class='ocr_line' id='line_1_60' title="bbox 1993 1227 3641 1302; baseline 0.006 -22"><span class='ocrx_word' id='word_1_408' title='bbox 1993 1227 2168 1280; x_wconf 89' lang='lat' dir='ltr'>ximis</span> <span class='ocrx_word' id='word_1_409' title='bbox 2193 1227 2545 1282; x_wconf 87' lang='lat' dir='ltr'>criminibus</span> <span class='ocrx_word' id='word_1_410' title='bbox 2567 1229 2814 1297; x_wconf 86' lang='lat' dir='ltr'>confert,</span> <span class='ocrx_word' id='word_1_411' title='bbox 2837 1230 3036 1300; x_wconf 91' lang='lat' dir='ltr'>aitque</span> <span class='ocrx_word' id='word_1_412' title='bbox 3061 1247 3218 1297; x_wconf 92' lang='lat' dir='ltr'>eum,</span> <span class='ocrx_word' id='word_1_413' title='bbox 3245 1233 3344 1302; x_wconf 91' lang='lat' dir='ltr'>qui</span> <span class='ocrx_word' id='word_1_414' title='bbox 3364 1234 3641 1290; x_wconf 68' lang='lat' dir='ltr'>Ecclesiae</span> 
     </span>
    </p>
   </div>
   <div class='ocr_carea' id='block_1_61' title="bbox 1993 1314 3642 1394">
    <p class='ocr_par' dir='ltr' id='par_1_61' title="bbox 1993 1314 3642 1394">
     <span class='ocr_line' id='line_1_61' title="bbox 1993 1314 3642 1394; baseline 0.007 -25"><span class='ocrx_word' id='word_1_415' title='bbox 1993 1314 2173 1370; x_wconf 82' lang='lat' dir='ltr'>fidem</span> <span class='ocrx_word' id='word_1_416' title='bbox 2204 1317 2553 1388; x_wconf 91' lang='lat' dir='ltr'>corrumpit,</span> <span class='ocrx_word' id='word_1_417' title='bbox 2591 1317 2751 1372; x_wconf 90' lang='lat' dir='ltr'>velut</span> <span class='ocrx_word' id='word_1_418' title='bbox 2781 1335 2914 1373; x_wconf 88' lang='lat' dir='ltr'>eum</span> <span class='ocrx_word' id='word_1_419' title='bbox 2948 1320 3048 1389; x_wconf 89' lang='lat' dir='ltr'>qui</span> <span class='ocrx_word' id='word_1_420' title='bbox 3080 1325 3420 1377; x_wconf 90' lang='lat' dir='ltr'>novatorem</span> <span class='ocrx_word' id='word_1_421' title='bbox 3458 1324 3642 1394; x_wconf 88' lang='lat' dir='ltr'>audit,</span> 
     </span>
    </p>
   </div>
   <div class='ocr_carea' id='block_1_62' title="bbox 2001 1405 3642 1475">
    <p class='ocr_par' dir='ltr' id='par_1_62' title="bbox 2001 1405 3642 1475">
     <span class='ocr_line' id='line_1_62' title="bbox 2001 1405 3642 1475; baseline 0.006 -18"><span class='ocrx_word' id='word_1_422' title='bbox 2001 1405 2242 1459; x_wconf 55' lang='lat' dir='ltr'>aeternis</span> <span class='ocrx_word' id='word_1_423' title='bbox 2275 1405 2510 1475; x_wconf 86' lang='lat' dir='ltr'>ignibus</span> <span class='ocrx_word' id='word_1_424' title='bbox 2537 1421 2664 1460; x_wconf 91' lang='lat' dir='ltr'>esse</span> <span class='ocrx_word' id='word_1_425' title='bbox 2697 1407 3181 1464; x_wconf 85' lang='lat' dir='ltr'>excruciandum.</span> <span class='ocrx_word' id='word_1_426' title='bbox 3216 1410 3280 1463; x_wconf 89' lang='lat' dir='ltr'>In</span> <span class='ocrx_word' id='word_1_427' title='bbox 3331 1426 3399 1465; x_wconf 89' lang='lat' dir='ltr'>ea</span> <span class='ocrx_word' id='word_1_428' title='bbox 3443 1416 3642 1468; x_wconf 89' lang='lat' dir='ltr'>tamen</span> 
     </span>
    </p>
   </div>
   <div class='ocr_carea' id='block_1_63' title="bbox 1993 1493 3646 1579">
    <p class='ocr_par' dir='ltr' id='par_1_63' title="bbox 1993 1493 3646 1579">
     <span class='ocr_line' id='line_1_63' title="bbox 1993 1493 3646 1579; baseline 0.005 -33"><span class='ocrx_word' id='word_1_429' title='bbox 1993 1493 2273 1563; x_wconf 90' lang='lat' dir='ltr'>opinione</span> <span class='ocrx_word' id='word_1_430' title='bbox 2288 1511 2405 1548; x_wconf 92' lang='lat' dir='ltr'>non</span> <span class='ocrx_word' id='word_1_431' title='bbox 2431 1495 2925 1560; x_wconf 84' lang='lat' dir='ltr'>erat,schismatis</span> <span class='ocrx_word' id='word_1_432' title='bbox 2941 1502 2998 1551; x_wconf 90' lang='lat' dir='ltr'>et</span> <span class='ocrx_word' id='word_1_433' title='bbox 3020 1497 3584 1570; x_wconf 65' lang='lat' dir='ltr'>heeresispeccata(3</span> <span class='ocrx_word' id='word_1_434' title='bbox 3597 1505 3646 1579; x_wconf 87' lang='grc'>1)</span> 
     </span>
    </p>
   </div>
   <div class='ocr_carea' id='block_1_64' title="bbox 1993 1581 3646 1656">
    <p class='ocr_par' dir='ltr' id='par_1_64' title="bbox 1993 1581 3646 1656">
     <span class='ocr_line' id='line_1_64' title="bbox 1993 1581 3646 1656; baseline 0.007 -22"><span class='ocrx_word' id='word_1_435' title='bbox 1993 1581 2214 1635; x_wconf 89' lang='lat' dir='ltr'>remitti</span> <span class='ocrx_word' id='word_1_436' title='bbox 2247 1599 2366 1636; x_wconf 92' lang='lat' dir='ltr'>non</span> <span class='ocrx_word' id='word_1_437' title='bbox 2399 1599 2590 1654; x_wconf 90' lang='lat' dir='ltr'>posse,</span> <span class='ocrx_word' id='word_1_438' title='bbox 2627 1582 2959 1654; x_wconf 85' lang='lat' dir='ltr'>fateturque</span> <span class='ocrx_word' id='word_1_439' title='bbox 2986 1585 3048 1639; x_wconf 90' lang='lat' dir='ltr'>in</span> <span class='ocrx_word' id='word_1_440' title='bbox 3070 1587 3438 1656; x_wconf 89' lang='lat' dir='ltr'>universum,</span> <span class='ocrx_word' id='word_1_441' title='bbox 3459 1591 3646 1645; x_wconf 89' lang='lat' dir='ltr'>Deum</span> 
     </span>
    </p>
   </div>
   <div class='ocr_carea' id='block_1_65' title="bbox 1994 1669 3744 1749">
    <p class='ocr_par' dir='ltr' id='par_1_65' title="bbox 1994 1669 3744 1749">
     <span class='ocr_line' id='line_1_65' title="bbox 1994 1669 3744 1749; baseline 0.006 -27"><span class='ocrx_word' id='word_1_442' title='bbox 1994 1669 2106 1741; x_wconf 90' lang='lat'>(32)</span> <span class='ocrx_word' id='word_1_443' title='bbox 2143 1670 2216 1725; x_wconf 86' lang='lat' dir='ltr'>iis</span> <span class='ocrx_word' id='word_1_444' title='bbox 2243 1670 2520 1725; x_wconf 89' lang='lat' dir='ltr'>omnibus</span> <span class='ocrx_word' id='word_1_445' title='bbox 2551 1688 2813 1742; x_wconf 89' lang='lat' dir='ltr'>parcere,</span> <span class='ocrx_word' id='word_1_446' title='bbox 2847 1674 2946 1743; x_wconf 89' lang='lat' dir='ltr'>qui</span> <span class='ocrx_word' id='word_1_447' title='bbox 2980 1691 3085 1744; x_wconf 91' lang='lat' dir='ltr'>per</span> <span class='ocrx_word' id='word_1_448' title='bbox 3133 1675 3425 1732; x_wconf 88' lang='lat' dir='ltr'>sinceram</span> <span class='ocrx_word' id='word_1_449' title='bbox 3457 1681 3647 1749; x_wconf 75' lang='lat' dir='ltr'>poeni-</span> <span class='ocrx_word' id='word_1_450' title='bbox 3739 1703 3744 1708; x_wconf 84' lang='lat'><strong><em>-</em></strong></span> 
     </span>
    </p>
   </div>
   <div class='ocr_carea' id='block_1_66' title="bbox 1997 1758 3645 1840">
    <p class='ocr_par' dir='ltr' id='par_1_66' title="bbox 1997 1758 3645 1840">
     <span class='ocr_line' id='line_1_66' title="bbox 1997 1758 3645 1840; baseline 0.007 -30"><span class='ocrx_word' id='word_1_451' title='bbox 1997 1758 2242 1812; x_wconf 90' lang='lat' dir='ltr'>tentiam</span> <span class='ocrx_word' id='word_1_452' title='bbox 2278 1759 2653 1829; x_wconf 91' lang='lat' dir='ltr'>resipiscant,</span> <span class='ocrx_word' id='word_1_453' title='bbox 2711 1765 2886 1830; x_wconf 85' lang='lat' dir='ltr'>atque</span> <span class='ocrx_word' id='word_1_454' title='bbox 2943 1762 3016 1816; x_wconf 89' lang='lat' dir='ltr'>ad</span> <span class='ocrx_word' id='word_1_455' title='bbox 3060 1763 3336 1820; x_wconf 73' lang='lat' dir='ltr'>Ecclesize</span> <span class='ocrx_word' id='word_1_456' title='bbox 3384 1768 3645 1840; x_wconf 89' lang='lat' dir='ltr'>episcopi</span> 
     </span>
    </p>
   </div>
   <div class='ocr_carea' id='block_1_67' title="bbox 1919 1847 2778 1943">
    <p class='ocr_par' dir='ltr' id='par_1_67' title="bbox 1919 1847 2778 1943">
     <span class='ocr_line' id='line_1_67' title="bbox 1919 1847 2778 1943; baseline 0.002 -44"><span class='ocrx_word' id='word_1_457' title='bbox 1919 1880 1961 1943; x_wconf 79' lang='grc' dir='ltr'><strong>Β</strong></span> <span class='ocrx_word' id='word_1_458' title='bbox 1993 1847 2478 1901; x_wconf 89' lang='lat' dir='ltr'>communionem</span> <span class='ocrx_word' id='word_1_459' title='bbox 2512 1847 2778 1902; x_wconf 85' lang='lat' dir='ltr'>redeant.</span> 
     </span>
    </p>
   </div>
   <div class='ocr_carea' id='block_1_68' title="bbox 2067 1935 3644 2008">
    <p class='ocr_par' dir='ltr' id='par_1_68' title="bbox 2067 1935 3644 2008">
     <span class='ocr_line' id='line_1_68' title="bbox 2067 1935 3644 2008; baseline 0.008 -21"><span class='ocrx_word' id='word_1_460' title='bbox 2067 1935 2165 1988; x_wconf 82' lang='lat' dir='ltr'>Ait</span> <span class='ocrx_word' id='word_1_461' title='bbox 2194 1941 2482 2006; x_wconf 70' lang='lat' dir='ltr'>praeterea</span> <span class='ocrx_word' id='word_1_462' title='bbox 2512 1938 2622 2004; x_wconf 90' lang='lat'>(33.</span> <span class='ocrx_word' id='word_1_463' title='bbox 2685 1937 2739 1989; x_wconf 92' lang='lat' dir='ltr'>S.</span> <span class='ocrx_word' id='word_1_464' title='bbox 2800 1938 3058 2008; x_wconf 85' lang='lat' dir='ltr'>Ignatius</span> <span class='ocrx_word' id='word_1_465' title='bbox 3100 1940 3298 1994; x_wconf 83' lang='lat' dir='ltr'>Jesum</span> <span class='ocrx_word' id='word_1_466' title='bbox 3347 1942 3644 2000; x_wconf 89' lang='lat' dir='ltr'>Christum</span> 
     </span>
    </p>
   </div>
   <div class='ocr_carea' id='block_1_69' title="bbox 1996 2023 3645 2103">
    <p class='ocr_par' dir='ltr' id='par_1_69' title="bbox 1996 2023 3645 2103">
     <span class='ocr_line' id='line_1_69' title="bbox 1996 2023 3645 2103; baseline 0.006 -27"><span class='ocrx_word' id='word_1_467' title='bbox 1996 2023 2316 2094; x_wconf 89' lang='lat' dir='ltr'>prophetas</span> <span class='ocrx_word' id='word_1_468' title='bbox 2356 2041 2389 2078; x_wconf 92' lang='lat' dir='ltr'>a</span> <span class='ocrx_word' id='word_1_469' title='bbox 2420 2025 2670 2080; x_wconf 91' lang='lat' dir='ltr'>mortuis</span> <span class='ocrx_word' id='word_1_470' title='bbox 2701 2026 3041 2093; x_wconf 91' lang='lat' dir='ltr'>suscitasse,</span> <span class='ocrx_word' id='word_1_471' title='bbox 3074 2028 3232 2097; x_wconf 91' lang='lat' dir='ltr'>quod</span> <span class='ocrx_word' id='word_1_472' title='bbox 3263 2045 3399 2084; x_wconf 91' lang='lat' dir='ltr'>eum</span> <span class='ocrx_word' id='word_1_473' title='bbox 3430 2031 3490 2086; x_wconf 92' lang='lat' dir='ltr'>in</span> <span class='ocrx_word' id='word_1_474' title='bbox 3523 2033 3645 2103; x_wconf 90' lang='lat' dir='ltr'>spi-</span> 
     </span>
    </p>
   </div>
   <div class='ocr_carea' id='block_1_70' title="bbox 1995 2113 3648 2193">
    <p class='ocr_par' dir='ltr' id='par_1_70' title="bbox 1995 2113 3648 2193">
     <span class='ocr_line' id='line_1_70' title="bbox 1995 2113 3648 2193; baseline 0.006 -27"><span class='ocrx_word' id='word_1_475' title='bbox 1995 2113 2114 2168; x_wconf 88' lang='lat' dir='ltr'>ritu</span> <span class='ocrx_word' id='word_1_476' title='bbox 2145 2119 2610 2184; x_wconf 86' lang='lat' dir='ltr'>exspectassent,</span> <span class='ocrx_word' id='word_1_477' title='bbox 2643 2120 2819 2184; x_wconf 87' lang='lat' dir='ltr'>atque</span> <span class='ocrx_word' id='word_1_478' title='bbox 2853 2115 3010 2170; x_wconf 90' lang='lat' dir='ltr'>velut</span> <span class='ocrx_word' id='word_1_479' title='bbox 3041 2117 3341 2174; x_wconf 89' lang='lat' dir='ltr'>doctorem</span> <span class='ocrx_word' id='word_1_480' title='bbox 3374 2125 3432 2174; x_wconf 90' lang='lat' dir='ltr'>et</span> <span class='ocrx_word' id='word_1_481' title='bbox 3461 2122 3648 2193; x_wconf 88' lang='lat' dir='ltr'>magi-</span> 
     </span>
    </p>
   </div>
   <div class='ocr_carea' id='block_1_71' title="bbox 1997 2203 3646 2282">
    <p class='ocr_par' dir='ltr' id='par_1_71' title="bbox 1997 2203 3646 2282">
     <span class='ocr_line' id='line_1_71' title="bbox 1997 2203 3646 2282; baseline 0.007 -27"><span class='ocrx_word' id='word_1_482' title='bbox 1997 2207 2184 2256; x_wconf 91' lang='lat' dir='ltr'>strum</span> <span class='ocrx_word' id='word_1_483' title='bbox 2203 2219 2376 2257; x_wconf 91' lang='lat' dir='ltr'>suum</span> <span class='ocrx_word' id='word_1_484' title='bbox 2402 2203 2776 2269; x_wconf 86' lang='lat' dir='ltr'>habuissent;</span> <span class='ocrx_word' id='word_1_485' title='bbox 2805 2205 3346 2276; x_wconf 87' lang='lat' dir='ltr'>eumdemjanuam</span> <span class='ocrx_word' id='word_1_486' title='bbox 3365 2226 3515 2278; x_wconf 87' lang='lat' dir='ltr'>esse,</span> <span class='ocrx_word' id='word_1_487' title='bbox 3541 2229 3646 2282; x_wconf 90' lang='lat' dir='ltr'>per</span> 
     </span>
    </p>
   </div>
   <div class='ocr_carea' id='block_1_72' title="bbox 1999 2291 3644 2368">
    <p class='ocr_par' dir='ltr' id='par_1_72' title="bbox 1999 2291 3644 2368">
     <span class='ocr_line' id='line_1_72' title="bbox 1999 2291 3644 2368; baseline 0.007 -25"><span class='ocrx_word' id='word_1_488' title='bbox 1999 2307 2176 2361; x_wconf 88' lang='lat' dir='ltr'>quam</span> <span class='ocrx_word' id='word_1_489' title='bbox 2207 2291 2316 2361; x_wconf 77' lang='grc'>(34)</span> <span class='ocrx_word' id='word_1_490' title='bbox 2352 2291 2471 2345; x_wconf 90' lang='lat' dir='ltr'>itur</span> <span class='ocrx_word' id='word_1_491' title='bbox 2500 2291 2573 2346; x_wconf 92' lang='lat' dir='ltr'>ad</span> <span class='ocrx_word' id='word_1_492' title='bbox 2601 2293 2858 2360; x_wconf 90' lang='lat' dir='ltr'>Patrem,</span> <span class='ocrx_word' id='word_1_493' title='bbox 2889 2298 2947 2346; x_wconf 93' lang='lat' dir='ltr'>et</span> <span class='ocrx_word' id='word_1_494' title='bbox 2965 2310 3071 2364; x_wconf 89' lang='lat' dir='ltr'>per</span> <span class='ocrx_word' id='word_1_495' title='bbox 3092 2312 3268 2365; x_wconf 86' lang='lat' dir='ltr'>quam</span> <span class='ocrx_word' id='word_1_496' title='bbox 3290 2298 3644 2368; x_wconf 61' lang='lat' dir='ltr'>patriarchas</span> 
     </span>
    </p>
   </div>
   <div class='ocr_carea' id='block_1_73' title="bbox 1999 2380 3652 2459">
    <p class='ocr_par' dir='ltr' id='par_1_73' title="bbox 1999 2380 3652 2459">
     <span class='ocr_line' id='line_1_73' title="bbox 1999 2380 3652 2459; baseline 0.006 -25"><span class='ocrx_word' id='word_1_497' title='bbox 1999 2385 2058 2434; x_wconf 91' lang='lat' dir='ltr'>et</span> <span class='ocrx_word' id='word_1_498' title='bbox 2087 2380 2388 2450; x_wconf 66' lang='lat' dir='ltr'>prophetas</span> <span class='ocrx_word' id='word_1_499' title='bbox 2422 2380 2762 2446; x_wconf 90' lang='lat' dir='ltr'>subierunt,</span> <span class='ocrx_word' id='word_1_500' title='bbox 2793 2387 2853 2435; x_wconf 87' lang='lat' dir='ltr'>et</span> <span class='ocrx_word' id='word_1_501' title='bbox 2881 2398 3066 2437; x_wconf 86' lang='lat' dir='ltr'>unum</span> <span class='ocrx_word' id='word_1_502' title='bbox 3096 2401 3310 2456; x_wconf 87' lang='lat' dir='ltr'>corpus</span> <span class='ocrx_word' id='word_1_503' title='bbox 3356 2405 3461 2456; x_wconf 88' lang='lat' dir='ltr'>per</span> <span class='ocrx_word' id='word_1_504' title='bbox 3489 2389 3652 2459; x_wconf 86' lang='lat' dir='ltr'>ejus-</span> 
     </span>
    </p>
   </div>
   <div class='ocr_carea' id='block_1_74' title="bbox 1999 2469 3649 2549">
    <p class='ocr_par' dir='ltr' id='par_1_74' title="bbox 1999 2469 3649 2549">
     <span class='ocr_line' id='line_1_74' title="bbox 1999 2469 3649 2549; baseline 0.006 -27"><span class='ocrx_word' id='word_1_505' title='bbox 1999 2469 2134 2523; x_wconf 89' lang='lat' dir='ltr'>dem</span> <span class='ocrx_word' id='word_1_506' title='bbox 2153 2469 2291 2523; x_wconf 83' lang='lat' dir='ltr'>fidei</span> <span class='ocrx_word' id='word_1_507' title='bbox 2308 2469 2594 2524; x_wconf 86' lang='lat' dir='ltr'>unitatem</span> <span class='ocrx_word' id='word_1_508' title='bbox 2614 2474 3264 2543; x_wconf 90' lang='lat' dir='ltr'>componerent.lpsum</span> <span class='ocrx_word' id='word_1_509' title='bbox 3285 2493 3522 2546; x_wconf 88' lang='lat' dir='ltr'>quoque</span> <span class='ocrx_word' id='word_1_510' title='bbox 3537 2480 3649 2549; x_wconf 79' lang='lat'>(35)</span> 
     </span>
    </p>
   </div>
   <div class='ocr_carea' id='block_1_75' title="bbox 2002 2559 3647 2629">
    <p class='ocr_par' dir='ltr' id='par_1_75' title="bbox 2002 2559 3647 2629">
     <span class='ocr_line' id='line_1_75' title="bbox 2002 2559 3647 2629; baseline 0.004 -17"><span class='ocrx_word' id='word_1_511' title='bbox 2002 2559 2261 2625; x_wconf 83' lang='lat' dir='ltr'>efﬁcere,</span> <span class='ocrx_word' id='word_1_512' title='bbox 2283 2565 2346 2612; x_wconf 90' lang='lat' dir='ltr'>ut</span> <span class='ocrx_word' id='word_1_513' title='bbox 2366 2559 2639 2613; x_wconf 92' lang='lat' dir='ltr'>homines</span> <span class='ocrx_word' id='word_1_514' title='bbox 2658 2561 2916 2629; x_wconf 88' lang='lat' dir='ltr'>peccatis</span> <span class='ocrx_word' id='word_1_515' title='bbox 2939 2561 3176 2615; x_wconf 85' lang='lat' dir='ltr'>obnoxii</span> <span class='ocrx_word' id='word_1_516' title='bbox 3209 2572 3647 2621; x_wconf 88' lang='lat' dir='ltr'>convertantur.</span> 
     </span>
    </p>
   </div>
   <div class='ocr_carea' id='block_1_76' title="bbox 2011 2647 3651 2720">
    <p class='ocr_par' dir='ltr' id='par_1_76' title="bbox 2011 2647 3651 2720">
     <span class='ocr_line' id='line_1_76' title="bbox 2011 2647 3651 2720; baseline 0.004 -19"><span class='ocrx_word' id='word_1_517' title='bbox 2011 2647 2257 2702; x_wconf 88' lang='lat' dir='ltr'>Videtur</span> <span class='ocrx_word' id='word_1_518' title='bbox 2287 2665 2525 2718; x_wconf 87' lang='lat' dir='ltr'>quoque</span> <span class='ocrx_word' id='word_1_519' title='bbox 2557 2649 2610 2702; x_wconf 94' lang='lat' dir='ltr'>S.</span> <span class='ocrx_word' id='word_1_520' title='bbox 2646 2655 2870 2720; x_wconf 88' lang='lat' dir='ltr'>martyr</span> <span class='ocrx_word' id='word_1_521' title='bbox 2890 2650 3281 2719; x_wconf 90' lang='lat' dir='ltr'>existimasse,</span> <span class='ocrx_word' id='word_1_522' title='bbox 3313 2660 3651 2710; x_wconf 89' lang='lat' dir='ltr'>sanctarum</span> 
     </span>
    </p>
   </div>
   <div class='ocr_carea' id='block_1_77' title="bbox 2006 2773 3655 2856">
    <p class='ocr_par' dir='ltr' id='par_1_77' title="bbox 2006 2773 3655 2856">
     <span class='ocr_line' id='line_1_77' title="bbox 2006 2773 3655 2856; baseline 0.008 -31"><span class='ocrx_word' id='word_1_523' title='bbox 2006 2773 2184 2856; x_wconf 74' lang='lat' dir='ltr'>digna</span> <span class='ocrx_word' id='word_1_524' title='bbox 2215 2773 2450 2856; x_wconf 78' lang='lat' dir='ltr'>decore,</span> <span class='ocrx_word' id='word_1_525' title='bbox 2484 2773 2682 2845; x_wconf 90' lang='lat' dir='ltr'>digna,</span> <span class='ocrx_word' id='word_1_526' title='bbox 2717 2792 2848 2856; x_wconf 68' lang='lat' dir='ltr'>quae</span> <span class='ocrx_word' id='word_1_527' title='bbox 2878 2775 3049 2832; x_wconf 90' lang='lat' dir='ltr'>beata</span> <span class='ocrx_word' id='word_1_528' title='bbox 3070 2777 3444 2856; x_wconf 72' lang='lat' dir='ltr'>praedieetur,</span> <span class='ocrx_word' id='word_1_529' title='bbox 3477 2782 3655 2853; x_wconf 87' lang='lat' dir='ltr'>digna</span> 
     </span>
    </p>
   </div>
   <div class='ocr_carea' id='block_1_78' title="bbox 2007 2844 3650 2929">
    <p class='ocr_par' dir='ltr' id='par_1_78' title="bbox 2007 2844 3650 2929">
     <span class='ocr_line' id='line_1_78' title="bbox 2007 2844 3650 2929; baseline 0.006 -31"><span class='ocrx_word' id='word_1_530' title='bbox 2007 2844 2202 2929; x_wconf 77' lang='lat' dir='ltr'>laude,</span> <span class='ocrx_word' id='word_1_531' title='bbox 2239 2845 2437 2929; x_wconf 80' lang='lat' dir='ltr'>digna,</span> <span class='ocrx_word' id='word_1_532' title='bbox 2475 2844 2607 2929; x_wconf 68' lang='lat' dir='ltr'>qua:</span> <span class='ocrx_word' id='word_1_533' title='bbox 2640 2844 3190 2929; x_wconf 37' lang='lat' dir='ltr'>votiﬁcomposhflat,</span> <span class='ocrx_word' id='word_1_534' title='bbox 3243 2851 3416 2929; x_wconf 88' lang='lat' dir='ltr'>digne</span> <span class='ocrx_word' id='word_1_535' title='bbox 3469 2844 3650 2929; x_wconf 70' lang='lat' dir='ltr'>casta,</span> 
     </span>
    </p>
   </div>
   <div class='ocr_carea' id='block_1_79' title="bbox 2007 2917 3652 2986">
    <p class='ocr_par' dir='ltr' id='par_1_79' title="bbox 2007 2917 3652 2986">
     <span class='ocr_line' id='line_1_79' title="bbox 2007 2917 3652 2986; baseline 0.005 -14"><span class='ocrx_word' id='word_1_536' title='bbox 2007 2918 2292 2972; x_wconf 90' lang='lat' dir='ltr'>charitate</span> <span class='ocrx_word' id='word_1_537' title='bbox 2325 2917 2695 2986; x_wconf 71' lang='lat' dir='ltr'>praecellens,</span> <span class='ocrx_word' id='word_1_538' title='bbox 2730 2917 2944 2972; x_wconf 85' lang='lat' dir='ltr'>Christi</span> <span class='ocrx_word' id='word_1_539' title='bbox 2965 2921 3226 2975; x_wconf 89' lang='lat' dir='ltr'>etPatris</span> <span class='ocrx_word' id='word_1_540' title='bbox 3244 2917 3484 2978; x_wconf 58' lang='lat' dir='ltr'>no&#39;mine</span> <span class='ocrx_word' id='word_1_541' title='bbox 3508 2917 3652 2980; x_wconf 57' lang='lat' dir='ltr'>insi;</span> 
     </span>
    </p>
   </div>
   <div class='ocr_carea' id='block_1_80' title="bbox 2027 2989 3653 3060">
    <p class='ocr_par' dir='ltr' id='par_1_80' title="bbox 2027 2989 3653 3060">
     <span class='ocr_line' id='line_1_80' title="bbox 2027 2989 3653 3060; baseline 0.007 -19"><span class='ocrx_word' id='word_1_542' title='bbox 2027 2989 2208 3055; x_wconf 68' lang='lat' dir='ltr'>gnita;</span> <span class='ocrx_word' id='word_1_543' title='bbox 2243 3006 2418 3058; x_wconf 82' lang='lat' dir='ltr'>quam</span> <span class='ocrx_word' id='word_1_544' title='bbox 2448 2995 2505 3042; x_wconf 89' lang='lat' dir='ltr'>et</span> <span class='ocrx_word' id='word_1_545' title='bbox 2541 2989 2863 3060; x_wconf 90' lang='lat' dir='ltr'>amplector</span> <span class='ocrx_word' id='word_1_546' title='bbox 2910 2991 2970 3044; x_wconf 91' lang='lat' dir='ltr'>in</span> <span class='ocrx_word' id='word_1_547' title='bbox 3005 2992 3244 3046; x_wconf 91' lang='lat' dir='ltr'>nomine</span> <span class='ocrx_word' id='word_1_548' title='bbox 3273 2995 3408 3049; x_wconf 85' lang='lat' dir='ltr'>Jesu</span> <span class='ocrx_word' id='word_1_549' title='bbox 3439 2997 3653 3053; x_wconf 85' lang='lat' dir='ltr'>Christi</span> 
     </span>
    </p>
   </div>
   <div class='ocr_carea' id='block_1_81' title="bbox 2055 3060 3241 3131">
    <p class='ocr_par' dir='ltr' id='par_1_81' title="bbox 2055 3060 3241 3131">
     <span class='ocr_line' id='line_1_81' title="bbox 2055 3060 3241 3131; baseline 0.003 -17"><span class='ocrx_word' id='word_1_550' title='bbox 2055 3060 2139 3114; x_wconf 90' lang='lat' dir='ltr'>ilii</span> <span class='ocrx_word' id='word_1_551' title='bbox 2173 3061 2429 3131; x_wconf 56' lang='lat' dir='ltr'>Patris...</span> <span class='ocrx_word' id='word_1_552' title='bbox 2465 3083 2491 3108; x_wconf 89' lang='grc'>››</span> <span class='ocrx_word' id='word_1_553' title='bbox 2531 3062 2658 3114; x_wconf 88' lang='lat' dir='ltr'>lnit.</span> <span class='ocrx_word' id='word_1_554' title='bbox 2693 3062 2860 3131; x_wconf 88' lang='lat' dir='ltr'>epist.</span> <span class='ocrx_word' id='word_1_555' title='bbox 2899 3062 2972 3117; x_wconf 90' lang='lat' dir='ltr'>ad</span> <span class='ocrx_word' id='word_1_556' title='bbox 2997 3064 3241 3120; x_wconf 81' lang='lat' dir='ltr'>Roman.</span> 
     </span>
    </p>
   </div>
   <div class='ocr_carea' id='block_1_82' title="bbox 2081 3130 3653 3204">
    <p class='ocr_par' dir='ltr' id='par_1_82' title="bbox 2081 3130 3653 3204">
     <span class='ocr_line' id='line_1_82' title="bbox 2081 3130 3653 3204; baseline 0.007 -20"><span class='ocrx_word' id='word_1_557' title='bbox 2081 3133 2189 3200; x_wconf 82' lang='lat'>(&#39;28)</span> <span class='ocrx_word' id='word_1_558' title='bbox 2239 3154 2264 3180; x_wconf 91' lang='grc'><em>‹‹</em></span> <span class='ocrx_word' id='word_1_559' title='bbox 2300 3130 2612 3186; x_wconf 90' lang='lat' dir='ltr'>Saluto.....</span> <span class='ocrx_word' id='word_1_560' title='bbox 2679 3130 2927 3204; x_wconf 80' lang='lat' dir='ltr'>virgines</span> <span class='ocrx_word' id='word_1_561' title='bbox 2978 3141 3208 3190; x_wconf 85' lang='lat' dir='ltr'>vocatas</span> <span class='ocrx_word' id='word_1_562' title='bbox 3256 3136 3536 3193; x_wconf 76' lang='lat' dir='ltr'>viduas.»</span> <span class='ocrx_word' id='word_1_563' title='bbox 3569 3141 3653 3195; x_wconf 85' lang='lat' dir='ltr'>Ad</span> 
     </span>
    </p>
   </div>
   <div class='ocr_carea' id='block_1_83' title="bbox 2012 3204 2471 3273">
    <p class='ocr_par' dir='ltr' id='par_1_83' title="bbox 2012 3204 2471 3273">
     <span class='ocr_line' id='line_1_83' title="bbox 2012 3204 2471 3273; baseline -0.007 -15"><span class='ocrx_word' id='word_1_564' title='bbox 2012 3205 2266 3273; x_wconf 89' lang='lat' dir='ltr'>Smyrn.,</span> <span class='ocrx_word' id='word_1_565' title='bbox 2300 3220 2349 3258; x_wconf 89' lang='lat' dir='ltr'>c.</span> <span class='ocrx_word' id='word_1_566' title='bbox 2387 3204 2471 3273; x_wconf 84' lang='lat' dir='ltr'>l3.</span> 
     </span>
    </p>
   </div>
   <div class='ocr_carea' id='block_1_84' title="bbox 2080 3272 2902 3344">
    <p class='ocr_par' dir='ltr' id='par_1_84' title="bbox 2080 3272 2902 3344">
     <span class='ocr_line' id='line_1_84' title="bbox 2080 3272 2902 3344; baseline 0.004 -18"><span class='ocrx_word' id='word_1_567' title='bbox 2080 3272 2190 3342; x_wconf 82' lang='lat'>(29)</span> <span class='ocrx_word' id='word_1_568' title='bbox 2223 3273 2309 3328; x_wconf 85' lang='lat' dir='ltr'>Ad</span> <span class='ocrx_word' id='word_1_569' title='bbox 2341 3272 2730 3344; x_wconf 89' lang='lat' dir='ltr'>Philadelph.,</span> <span class='ocrx_word' id='word_1_570' title='bbox 2765 3290 2795 3328; x_wconf 93' lang='lat' dir='ltr'>c</span> <span class='ocrx_word' id='word_1_571' title='bbox 2851 3276 2902 3330; x_wconf 91' lang='lat'>3.</span> 
     </span>
    </p>
   </div>
   <div class='ocr_carea' id='block_1_85' title="bbox 2079 3344 3657 3415">
    <p class='ocr_par' dir='ltr' id='par_1_85' title="bbox 2079 3344 3657 3415">
     <span class='ocr_line' id='line_1_85' title="bbox 2079 3344 3657 3415; baseline 0.006 -15"><span class='ocrx_word' id='word_1_572' title='bbox 2079 3349 2192 3415; x_wconf 82' lang='lat'>(30)</span> <span class='ocrx_word' id='word_1_573' title='bbox 2221 3368 2248 3393; x_wconf 84' lang='lat'><strong><em>«</em></strong></span> <span class='ocrx_word' id='word_1_574' title='bbox 2286 3347 2362 3399; x_wconf 71' lang='lat' dir='ltr'>Ne</span> <span class='ocrx_word' id='word_1_575' title='bbox 2396 3345 2628 3402; x_wconf 89' lang='lat' dir='ltr'>erretis.</span> <span class='ocrx_word' id='word_1_576' title='bbox 2671 3344 2882 3398; x_wconf 85' lang='lat' dir='ltr'>fratres</span> <span class='ocrx_word' id='word_1_577' title='bbox 2913 3347 3049 3408; x_wconf 90' lang='lat' dir='ltr'>mei,</span> <span class='ocrx_word' id='word_1_578' title='bbox 3082 3347 3437 3406; x_wconf 87' lang='lat' dir='ltr'>feminarum</span> <span class='ocrx_word' id='word_1_579' title='bbox 3463 3370 3657 3409; x_wconf 86' lang='lat' dir='ltr'>corru-</span> 
     </span>
    </p>
   </div>
   <div class='ocr_carea' id='block_1_86' title="bbox 2009 3415 3653 3488">
    <p class='ocr_par' dir='ltr' id='par_1_86' title="bbox 2009 3415 3653 3488">
     <span class='ocr_line' id='line_1_86' title="bbox 2009 3415 3653 3488; baseline 0.006 -18"><span class='ocrx_word' id='word_1_580' title='bbox 2009 3422 2207 3488; x_wconf 84' lang='lat' dir='ltr'>plores</span> <span class='ocrx_word' id='word_1_581' title='bbox 2239 3433 2485 3488; x_wconf 86' lang='lat' dir='ltr'>regnum</span> <span class='ocrx_word' id='word_1_582' title='bbox 2520 3415 2619 3469; x_wconf 89' lang='lat' dir='ltr'>Dei</span> <span class='ocrx_word' id='word_1_583' title='bbox 2654 3433 2772 3488; x_wconf 87' lang='lat' dir='ltr'>non</span> <span class='ocrx_word' id='word_1_584' title='bbox 2806 3416 3259 3476; x_wconf 66' lang='lat' dir='ltr'>haereditabunt.</span> <span class='ocrx_word' id='word_1_585' title='bbox 3294 3423 3348 3476; x_wconf 67' lang='lat' dir='ltr'>Si</span> <span class='ocrx_word' id='word_1_586' title='bbox 3385 3431 3579 3479; x_wconf 91' lang='lat' dir='ltr'>autem</span> <span class='ocrx_word' id='word_1_587' title='bbox 3613 3426 3653 3480; x_wconf 93' lang='lat' dir='ltr'>ii</span> 
     </span>
    </p>
   </div>
   <div class='ocr_carea' id='block_1_87' title="bbox 2009 3487 3656 3568">
    <p class='ocr_par' dir='ltr' id='par_1_87' title="bbox 2009 3487 3656 3568">
     <span class='ocr_line' id='line_1_87' title="bbox 2009 3487 3656 3568; baseline 0.007 -29"><span class='ocrx_word' id='word_1_588' title='bbox 2009 3487 2108 3568; x_wconf 61' lang='lat' dir='ltr'>qui</span> <span class='ocrx_word' id='word_1_589' title='bbox 2133 3487 2458 3568; x_wconf 78' lang='lat' dir='ltr'>secundum</span> <span class='ocrx_word' id='word_1_590' title='bbox 2481 3503 2720 3568; x_wconf 84' lang='lat' dir='ltr'>carnem</span> <span class='ocrx_word' id='word_1_591' title='bbox 2741 3487 2864 3568; x_wconf 58' lang='lat' dir='ltr'>haec</span> <span class='ocrx_word' id='word_1_592' title='bbox 2893 3491 3115 3568; x_wconf 68' lang='lat' dir='ltr'>operati</span> <span class='ocrx_word' id='word_1_593' title='bbox 3142 3497 3499 3568; x_wconf 72' lang='lat' dir='ltr'>sunt,_morte</span> <span class='ocrx_word' id='word_1_594' title='bbox 3518 3503 3656 3550; x_wconf 92' lang='lat' dir='ltr'>sunt</span> 
     </span>
    </p>
   </div>
   <div class='ocr_carea' id='block_1_88' title="bbox 2009 3559 3653 3634">
    <p class='ocr_par' dir='ltr' id='par_1_88' title="bbox 2009 3559 3653 3634">
     <span class='ocr_line' id='line_1_88' title="bbox 2009 3559 3653 3634; baseline 0.004 -20"><span class='ocrx_word' id='word_1_595' title='bbox 2009 3560 2202 3634; x_wconf 82' lang='lat' dir='ltr'>affecti</span> <span class='ocrx_word' id='word_1_596' title='bbox 2230 3576 2243 3626; x_wconf 94' lang='lat'>;</span> <span class='ocrx_word' id='word_1_597' title='bbox 2279 3565 2498 3630; x_wconf 88' lang='lat' dir='ltr'>quanto</span> <span class='ocrx_word' id='word_1_598' title='bbox 2531 3559 2738 3629; x_wconf 88' lang='lat' dir='ltr'>magis,</span> <span class='ocrx_word' id='word_1_599' title='bbox 2770 3559 2817 3612; x_wconf 90' lang='lat' dir='ltr'>si</span> <span class='ocrx_word' id='word_1_600' title='bbox 2845 3559 2976 3634; x_wconf 75' lang='lat' dir='ltr'>quis</span> <span class='ocrx_word' id='word_1_601' title='bbox 3008 3560 3197 3634; x_wconf 12' lang='lat' dir='ltr'>ﬁdem,</span> <span class='ocrx_word' id='word_1_602' title='bbox 3220 3564 3318 3616; x_wconf 90' lang='lat' dir='ltr'>Dei</span> <span class='ocrx_word' id='word_1_603' title='bbox 3352 3581 3527 3634; x_wconf 88' lang='lat' dir='ltr'>prava</span> <span class='ocrx_word' id='word_1_604' title='bbox 3556 3569 3653 3621; x_wconf 89' lang='lat' dir='ltr'>do-</span> 
     </span>
    </p>
   </div>
   <div class='ocr_carea' id='block_1_89' title="bbox 2009 3631 3652 3700">
    <p class='ocr_par' dir='ltr' id='par_1_89' title="bbox 2009 3631 3652 3700">
     <span class='ocr_line' id='line_1_89' title="bbox 2009 3631 3652 3700; baseline 0.005 -16"><span class='ocrx_word' id='word_1_605' title='bbox 2009 3631 2200 3685; x_wconf 90' lang='lat' dir='ltr'>ctrina</span> <span class='ocrx_word' id='word_1_606' title='bbox 2229 3636 2586 3699; x_wconf 87' lang='lat' dir='ltr'>corrumpat,</span> <span class='ocrx_word' id='word_1_607' title='bbox 2617 3646 2722 3700; x_wconf 91' lang='lat' dir='ltr'>pro</span> <span class='ocrx_word' id='word_1_608' title='bbox 2765 3646 2881 3695; x_wconf 83' lang='lat' dir='ltr'>qua</span> <span class='ocrx_word' id='word_1_609' title='bbox 2926 3631 3093 3685; x_wconf 83' lang='lat' dir='ltr'>Jesus</span> <span class='ocrx_word' id='word_1_610' title='bbox 3142 3631 3409 3689; x_wconf 81' lang='lat' dir='ltr'>Christus</span> <span class='ocrx_word' id='word_1_611' title='bbox 3458 3638 3652 3691; x_wconf 91' lang='lat' dir='ltr'>cruci-</span> 
     </span>
    </p>
   </div>
   <div class='ocr_carea' id='block_1_90' title="bbox 2010 3700 3653 3773">
    <p class='ocr_par' dir='ltr' id='par_1_90' title="bbox 2010 3700 3653 3773">
     <span class='ocr_line' id='line_1_90' title="bbox 2010 3700 3653 3773; baseline 0.004 -17"><span class='ocrx_word' id='word_1_612' title='bbox 2010 3703 2159 3756; x_wconf 81' lang='lat' dir='ltr'>ﬁxus</span> <span class='ocrx_word' id='word_1_613' title='bbox 2183 3702 2308 3756; x_wconf 75' lang='lat' dir='ltr'>est?</span> <span class='ocrx_word' id='word_1_614' title='bbox 2327 3701 2472 3773; x_wconf 80' lang='lat' dir='ltr'>talis</span> <span class='ocrx_word' id='word_1_615' title='bbox 2494 3700 2838 3773; x_wconf 81' lang='lat' dir='ltr'>inquinatus</span> <span class='ocrx_word' id='word_1_616' title='bbox 2864 3700 3052 3773; x_wconf 90' lang='lat' dir='ltr'>factus</span> <span class='ocrx_word' id='word_1_617' title='bbox 3075 3703 3134 3756; x_wconf 94' lang='lat' dir='ltr'>in</span> <span class='ocrx_word' id='word_1_618' title='bbox 3159 3702 3350 3773; x_wconf 85' lang='lat' dir='ltr'>ignem</span> <span class='ocrx_word' id='word_1_619' title='bbox 3371 3707 3653 3762; x_wconf 87' lang='lat' dir='ltr'>inexstin-</span> 
     </span>
    </p>
   </div>
   <div class='ocr_carea' id='block_1_91' title="bbox 2007 3770 3652 3896">
    <p class='ocr_par' dir='ltr' id='par_1_91' title="bbox 2007 3770 3652 3896">
     <span class='ocr_line' id='line_1_91' title="bbox 2007 3770 3652 3845; baseline 0.005 -18"><span class='ocrx_word' id='word_1_620' title='bbox 2007 3773 2286 3838; x_wconf 77' lang='lat' dir='ltr'>guibilem</span> <span class='ocrx_word' id='word_1_621' title='bbox 2321 3772 2464 3835; x_wconf 88' lang='lat' dir='ltr'>ibit;</span> <span class='ocrx_word' id='word_1_622' title='bbox 2499 3770 2774 3825; x_wconf 91' lang='lat' dir='ltr'>similiter</span> <span class='ocrx_word' id='word_1_623' title='bbox 2799 3777 2857 3823; x_wconf 91' lang='lat' dir='ltr'>et</span> <span class='ocrx_word' id='word_1_624' title='bbox 2888 3772 2986 3841; x_wconf 92' lang='lat' dir='ltr'>qui</span> <span class='ocrx_word' id='word_1_625' title='bbox 3038 3770 3206 3827; x_wconf 81' lang='lat' dir='ltr'>audit</span> <span class='ocrx_word' id='word_1_626' title='bbox 3253 3776 3466 3845; x_wconf 90' lang='lat' dir='ltr'>ipsum.</span> <span class='ocrx_word' id='word_1_627' title='bbox 3506 3801 3532 3827; x_wconf 75' lang='grc' dir='ltr'><strong>η</strong></span> <span class='ocrx_word' id='word_1_628' title='bbox 3565 3780 3652 3834; x_wconf 84' lang='lat' dir='ltr'>Ad</span> 
     </span>
     <span class='ocr_line' id='line_1_92' title="bbox 2008 3844 2447 3896; baseline -0.002 0"><span class='ocrx_word' id='word_1_629' title='bbox 2008 3844 2244 3896; x_wconf 87' lang='lat' dir='ltr'>Enhes..</span> <span class='ocrx_word' id='word_1_630' title='bbox 2277 3859 2328 3896; x_wconf 91' lang='lat' dir='ltr'>c.</span> <span class='ocrx_word' id='word_1_631' title='bbox 2365 3845 2447 3896; x_wconf 86' lang='lat' dir='ltr'>l6.</span> 
     </span>
    </p>
   </div>
   <div class='ocr_carea' id='block_1_92' title="bbox 2008 3845 2447 3897">
    <p class='ocr_par' dir='ltr' id='par_1_92' title="bbox 2008 3845 2447 3897">
     <span class='ocr_line' id='line_1_93' title="bbox 2008 3845 2447 3897; baseline -0.002 -1"><span class='ocrx_word' id='word_1_632' title='bbox 2008 3845 2244 3897; x_wconf 87' lang='lat' dir='ltr'>Enhes..</span> <span class='ocrx_word' id='word_1_633' title='bbox 2277 3859 2328 3897; x_wconf 90' lang='lat' dir='ltr'>c.</span> <span class='ocrx_word' id='word_1_634' title='bbox 2365 3845 2447 3896; x_wconf 86' lang='lat' dir='ltr'>l6.</span> 
     </span>
    </p>
   </div>
   <div class='ocr_carea' id='block_1_93' title="bbox 2055 3861 3651 3984">
    <p class='ocr_par' dir='ltr' id='par_1_93' title="bbox 2055 3861 3651 3984">
     <span class='ocr_line' id='line_1_94' title="bbox 2099 3861 2447 3897; baseline -0.003 -1"><span class='ocrx_word' id='word_1_635' title='bbox 2099 3861 2218 3897; x_wconf 91' lang='lat' dir='ltr'>nes.</span> <span class='ocrx_word' id='word_1_636' title='bbox 2277 3861 2328 3897; x_wconf 92' lang='lat' dir='ltr'>c.</span> <span class='ocrx_word' id='word_1_637' title='bbox 2365 3861 2447 3896; x_wconf 85' lang='grc' dir='ltr'>ιο.</span> 
     </span>
     <span class='ocr_line' id='line_1_95' title="bbox 2055 3861 3651 3984; baseline 0.006 -16"><span class='ocrx_word' id='word_1_638' title='bbox 2055 3861 2184 3984; x_wconf 86' lang='lat' dir='ltr'>p(3-l)</span> <span class='ocrx_word' id='word_1_639' title='bbox 2217 3885 2244 3962; x_wconf 59' lang='grc' dir='ltr'><em>ἆ</em></span> <span class='ocrx_word' id='word_1_640' title='bbox 2272 3911 2608 3967; x_wconf 71' lang='lat' dir='ltr'>Praamunio</span> <span class='ocrx_word' id='word_1_641' title='bbox 2640 3929 2739 3966; x_wconf 88' lang='lat' dir='ltr'>vos</span> <span class='ocrx_word' id='word_1_642' title='bbox 2769 3917 2978 3984; x_wconf 89' lang='lat' dir='ltr'>contra</span> <span class='ocrx_word' id='word_1_643' title='bbox 3007 3913 3160 3970; x_wconf 88' lang='lat' dir='ltr'>feras</span> <span class='ocrx_word' id='word_1_644' title='bbox 3183 3916 3504 3976; x_wconf 91' lang='lat' dir='ltr'>humanam</span> <span class='ocrx_word' id='word_1_645' title='bbox 3531 3921 3651 3976; x_wconf 86' lang='lat' dir='ltr'>for-</span> 
     </span>
    </p>
   </div>
   <div class='ocr_carea' id='block_1_94' title="bbox 2007 3983 3652 4063">
    <p class='ocr_par' dir='ltr' id='par_1_94' title="bbox 2007 3983 3652 4063">
     <span class='ocr_line' id='line_1_96' title="bbox 2007 3983 3652 4063; baseline 0.005 -24"><span class='ocrx_word' id='word_1_646' title='bbox 2007 3983 2172 4063; x_wconf 75' lang='lat' dir='ltr'>mam</span> <span class='ocrx_word' id='word_1_647' title='bbox 2233 3984 2702 4063; x_wconf 70' lang='lat' dir='ltr'>prmseferentes</span> <span class='ocrx_word' id='word_1_648' title='bbox 2751 3983 3053 4053; x_wconf 54' lang='lat' dir='ltr'>(haereticos</span> <span class='ocrx_word' id='word_1_649' title='bbox 3129 3986 3448 4063; x_wconf 79' lang='lat' dir='ltr'>i_nseclatur,</span> <span class='ocrx_word' id='word_1_650' title='bbox 3517 4009 3652 4063; x_wconf 87' lang='lat' dir='ltr'>quos</span> 
     </span>
    </p>
   </div>
   <div class='ocr_carea' id='block_1_95' title="bbox 2007 4056 3652 4132">
    <p class='ocr_par' dir='ltr' id='par_1_95' title="bbox 2007 4056 3652 4132">
     <span class='ocr_line' id='line_1_97' title="bbox 2007 4056 3652 4132; baseline 0.005 -21"><span class='ocrx_word' id='word_1_651' title='bbox 2007 4059 2388 4132; x_wconf 75' lang='lat' dir='ltr'>Phantasticos</span> <span class='ocrx_word' id='word_1_652' title='bbox 2418 4056 2728 4132; x_wconf 68' lang='lat' dir='ltr'>vocabant),</span> <span class='ocrx_word' id='word_1_653' title='bbox 2754 4071 2902 4132; x_wconf 69' lang='lat' dir='ltr'>quos</span> <span class='ocrx_word' id='word_1_654' title='bbox 2925 4072 3043 4132; x_wconf 76' lang='lat' dir='ltr'>non</span> <span class='ocrx_word' id='word_1_655' title='bbox 3077 4059 3266 4112; x_wconf 90' lang='lat' dir='ltr'>solum</span> <span class='ocrx_word' id='word_1_656' title='bbox 3294 4056 3652 4132; x_wconf 51' lang='lat' dir='ltr'>oportet-vos</span> 
     </span>
    </p>
   </div>
   <div class='ocr_carea' id='block_1_96' title="bbox 2008 4126 3654 4202">
    <p class='ocr_par' dir='ltr' id='par_1_96' title="bbox 2008 4126 3654 4202">
     <span class='ocr_line' id='line_1_98' title="bbox 2008 4126 3654 4202; baseline 0.005 -20"><span class='ocrx_word' id='word_1_657' title='bbox 2008 4146 2130 4202; x_wconf 87' lang='lat' dir='ltr'>non</span> <span class='ocrx_word' id='word_1_658' title='bbox 2161 4129 2446 4202; x_wconf 83' lang='lat' dir='ltr'>recipere,</span> <span class='ocrx_word' id='word_1_659' title='bbox 2480 4126 2603 4188; x_wconf 89' lang='lat' dir='ltr'>sed,</span> <span class='ocrx_word' id='word_1_660' title='bbox 2638 4127 2684 4180; x_wconf 90' lang='lat' dir='ltr'>si</span> <span class='ocrx_word' id='word_1_661' title='bbox 2717 4126 2999 4202; x_wconf 82' lang='lat' dir='ltr'>possibile</span> <span class='ocrx_word' id='word_1_662' title='bbox 3033 4135 3141 4194; x_wconf 87' lang='lat' dir='ltr'>est,</span> <span class='ocrx_word' id='word_1_663' title='bbox 3175 4126 3368 4202; x_wconf 78' lang='lat' dir='ltr'>neque</span> <span class='ocrx_word' id='word_1_664' title='bbox 3423 4136 3654 4190; x_wconf 89' lang='lat' dir='ltr'>obviam</span> 
     </span>
    </p>
   </div>
   <div class='ocr_carea' id='block_1_97' title="bbox 2010 4197 3654 4274">
    <p class='ocr_par' dir='ltr' id='par_1_97' title="bbox 2010 4197 3654 4274">
     <span class='ocr_line' id='line_1_99' title="bbox 2010 4197 3654 4274; baseline 0.002 -20"><span class='ocrx_word' id='word_1_665' title='bbox 2010 4199 2251 4274; x_wconf 11' lang='lat' dir='ltr'>lieripeis</span> <span class='ocrx_word' id='word_1_666' title='bbox 2276 4197 2516 4274; x_wconf 46' lang='lat' dir='ltr'>{solum</span> <span class='ocrx_word' id='word_1_667' title='bbox 2547 4213 2681 4251; x_wconf 91' lang='lat' dir='ltr'>vero</span> <span class='ocrx_word' id='word_1_668' title='bbox 2713 4198 2992 4274; x_wconf 85' lang='lat' dir='ltr'>pro_ips_is</span> <span class='ocrx_word' id='word_1_669' title='bbox 3023 4217 3212 4274; x_wconf 78' lang='lat' dir='ltr'>orare,</span> <span class='ocrx_word' id='word_1_670' title='bbox 3248 4197 3294 4257; x_wconf 86' lang='lat' dir='ltr'>si</span> <span class='ocrx_word' id='word_1_671' title='bbox 3357 4209 3654 4274; x_wconf 90' lang='lat' dir='ltr'>quomodo</span> 
     </span>
    </p>
   </div>
   <div class='ocr_carea' id='block_1_98' title="bbox 2009 4268 3653 4344">
    <p class='ocr_par' dir='ltr' id='par_1_98' title="bbox 2009 4268 3653 4344">
     <span class='ocr_line' id='line_1_100' title="bbox 2009 4268 3653 4344; baseline 0.005 -19"><span class='ocrx_word' id='word_1_672' title='bbox 2009 4270 2417 4344; x_wconf 75' lang='lat' dir='ltr'>pmnitentiam</span> <span class='ocrx_word' id='word_1_673' title='bbox 2448 4275 2644 4341; x_wconf 87' lang='lat' dir='ltr'>agant,</span> <span class='ocrx_word' id='word_1_674' title='bbox 2679 4268 2849 4344; x_wconf 70' lang='lat' dir='ltr'>quod</span> <span class='ocrx_word' id='word_1_675' title='bbox 2880 4269 3200 4344; x_wconf 80' lang='lat' dir='ltr'>admodum</span> <span class='ocrx_word' id='word_1_676' title='bbox 3253 4268 3498 4333; x_wconf 52' lang='lat' dir='ltr'>difli&#39;cile</span> <span class='ocrx_word' id='word_1_677' title='bbox 3544 4286 3653 4334; x_wconf 90' lang='lat' dir='ltr'>est.</span> 
     </span>
    </p>
   </div>
   <div class='ocr_carea' id='block_1_99' title="bbox 2011 4339 3657 4412">
    <p class='ocr_par' dir='ltr' id='par_1_99' title="bbox 2011 4339 3657 4412">
     <span class='ocr_line' id='line_1_101' title="bbox 2011 4339 3657 4412; baseline 0.005 -16"><span class='ocrx_word' id='word_1_678' title='bbox 2011 4339 2194 4412; x_wconf 78' lang='lat' dir='ltr'>Hujus</span> <span class='ocrx_word' id='word_1_679' title='bbox 2227 4347 2422 4396; x_wconf 88' lang='lat' dir='ltr'>autem</span> <span class='ocrx_word' id='word_1_680' title='bbox 2451 4339 2804 4412; x_wconf 82' lang='lat' dir='ltr'>potestatem</span> <span class='ocrx_word' id='word_1_681' title='bbox 2835 4339 3011 4395; x_wconf 87' lang='lat' dir='ltr'>habet</span> <span class='ocrx_word' id='word_1_682' title='bbox 3042 4344 3210 4398; x_wconf 89' lang='lat' dir='ltr'>Jesus</span> <span class='ocrx_word' id='word_1_683' title='bbox 3233 4347 3496 4404; x_wconf 89' lang='lat' dir='ltr'>Christus</span> <span class='ocrx_word' id='word_1_684' title='bbox 3520 4367 3657 4405; x_wconf 87' lang='lat' dir='ltr'>vera</span> 
     </span>
    </p>
   </div>
   <div class='ocr_carea' id='block_1_100' title="bbox 2010 4411 3660 4483">
    <p class='ocr_par' dir='ltr' id='par_1_100' title="bbox 2010 4411 3660 4483">
     <span class='ocr_line' id='line_1_102' title="bbox 2010 4411 3660 4483; baseline 0.005 -15"><span class='ocrx_word' id='word_1_685' title='bbox 2010 4411 2216 4468; x_wconf 84' lang='lat' dir='ltr'>nostra</span> <span class='ocrx_word' id='word_1_686' title='bbox 2244 4413 2377 4467; x_wconf 88' lang='lat' dir='ltr'>vita.</span> <span class='ocrx_word' id='word_1_687' title='bbox 2406 4436 2427 4464; x_wconf 78' lang='grc' dir='ltr'><strong><em>ι</em></strong></span> <span class='ocrx_word' id='word_1_688' title='bbox 2455 4411 2547 4466; x_wconf 71' lang='grc' dir='ltr'>Λᾶ</span> <span class='ocrx_word' id='word_1_689' title='bbox 2580 4413 2835 4482; x_wconf 82' lang='lat' dir='ltr'>Smyrn.,</span> <span class='ocrx_word' id='word_1_690' title='bbox 2869 4427 2918 4466; x_wconf 92' lang='lat' dir='ltr'>c.</span> <span class='ocrx_word' id='word_1_691' title='bbox 2953 4415 3003 4466; x_wconf 73' lang='grc'>4.</span> <span class='ocrx_word' id='word_1_692' title='bbox 3045 4437 3064 4461; x_wconf 79' lang='grc' dir='ltr'>α</span> <span class='ocrx_word' id='word_1_693' title='bbox 3105 4415 3206 4469; x_wconf 87' lang='lat' dir='ltr'>Ubi</span> <span class='ocrx_word' id='word_1_694' title='bbox 3241 4417 3452 4474; x_wconf 91' lang='lat' dir='ltr'>divisio</span> <span class='ocrx_word' id='word_1_695' title='bbox 3471 4427 3579 4483; x_wconf 89' lang='lat' dir='ltr'>est,</span> <span class='ocrx_word' id='word_1_696' title='bbox 3601 4427 3660 4475; x_wconf 86' lang='lat' dir='ltr'>et</span> 
     </span>
    </p>
   </div>
   <div class='ocr_carea' id='block_1_101' title="bbox 250 4477 3658 4562">
    <p class='ocr_par' dir='ltr' id='par_1_101' title="bbox 250 4477 3658 4562">
     <span class='ocr_line' id='line_1_103' title="bbox 250 4477 3658 4562; baseline 0.002 -23"><span class='ocrx_word' id='word_1_697' title='bbox 250 4477 761 4562; x_wconf 26' lang='lat' dir='ltr'>in‘Asia...v_quam</span> <span class='ocrx_word' id='word_1_698' title='bbox 795 4484 986 4562; x_wconf 86' lang='lat' dir='ltr'>saluto</span> <span class='ocrx_word' id='word_1_699' title='bbox 1019 4485 1080 4538; x_wconf 93' lang='lat' dir='ltr'>in</span> <span class='ocrx_word' id='word_1_700' title='bbox 1115 4477 1402 4562; x_wconf 78' lang='lat' dir='ltr'>sanguine</span> <span class='ocrx_word' id='word_1_701' title='bbox 1428 4487 1566 4540; x_wconf 84' lang='lat' dir='ltr'>Jesu</span> <span class='ocrx_word' id='word_1_702' title='bbox 1616 4477 1897 4562; x_wconf 79' lang='lat' dir='ltr'>Christi...</span> <span class='ocrx_word' id='word_1_703' title='bbox 1935 4477 1977 4541; x_wconf 89' lang='lat' dir='ltr'>D</span> <span class='ocrx_word' id='word_1_704' title='bbox 2010 4486 2117 4562; x_wconf 85' lang='lat' dir='ltr'>ira,</span> <span class='ocrx_word' id='word_1_705' title='bbox 2154 4484 2246 4562; x_wconf 69' lang='lat' dir='ltr'>ibi</span> <span class='ocrx_word' id='word_1_706' title='bbox 2265 4486 2419 4539; x_wconf 90' lang='lat' dir='ltr'>Deus</span> <span class='ocrx_word' id='word_1_707' title='bbox 2451 4477 2698 4562; x_wconf 69' lang='lat' dir='ltr'>minime</span> <span class='ocrx_word' id='word_1_708' title='bbox 2731 4483 2973 4562; x_wconf 78' lang='lat' dir='ltr'>habitat.</span> <span class='ocrx_word' id='word_1_709' title='bbox 3009 4487 3296 4562; x_wconf 86' lang='lat' dir='ltr'>Omnibus</span> <span class='ocrx_word' id='word_1_710' title='bbox 3327 4489 3506 4561; x_wconf 90' lang='lat' dir='ltr'>igitur</span> <span class='ocrx_word' id='word_1_711' title='bbox 3535 4477 3658 4562; x_wconf 76' lang='lat' dir='ltr'>pce-</span> 
     </span>
    </p>
   </div>
   <div class='ocr_carea' id='block_1_102' title="bbox 249 4556 1900 4628">
    <p class='ocr_par' dir='ltr' id='par_1_102' title="bbox 249 4556 1900 4628">
     <span class='ocr_line' id='line_1_104' title="bbox 249 4556 1900 4628; baseline -0.001 -16"><span class='ocrx_word' id='word_1_712' title='bbox 249 4559 514 4612; x_wconf 85' lang='lat' dir='ltr'>maxime</span> <span class='ocrx_word' id='word_1_713' title='bbox 538 4557 796 4628; x_wconf 84' lang='lat' dir='ltr'>siunum</span> <span class='ocrx_word' id='word_1_714' title='bbox 828 4557 948 4628; x_wconf 84' lang='lat' dir='ltr'>sint</span> <span class='ocrx_word' id='word_1_715' title='bbox 968 4572 1102 4610; x_wconf 89' lang='lat' dir='ltr'>cum</span> <span class='ocrx_word' id='word_1_716' title='bbox 1133 4557 1432 4628; x_wconf 83' lang='lat' dir='ltr'>episcopo,</span> <span class='ocrx_word' id='word_1_717' title='bbox 1457 4563 1516 4628; x_wconf 87' lang='lat' dir='ltr'>et</span> <span class='ocrx_word' id='word_1_718' title='bbox 1546 4556 1645 4626; x_wconf 90' lang='lat' dir='ltr'>qui</span> <span class='ocrx_word' id='word_1_719' title='bbox 1673 4573 1806 4611; x_wconf 92' lang='lat' dir='ltr'>cum</span> <span class='ocrx_word' id='word_1_720' title='bbox 1831 4573 1900 4610; x_wconf 92' lang='lat' dir='ltr'>eo</span> 
     </span>
    </p>
   </div>
   <div class='ocr_carea' id='block_1_103' title="bbox 249 4626 1903 4708">
    <p class='ocr_par' dir='ltr' id='par_1_103' title="bbox 249 4626 1903 4708">
     <span class='ocr_line' id='line_1_105' title="bbox 249 4626 1903 4708; baseline 0 -26"><span class='ocrx_word' id='word_1_721' title='bbox 249 4627 811 4708; x_wconf 70' lang='lat' dir='ltr'>sunt,_presbyteris</span> <span class='ocrx_word' id='word_1_722' title='bbox 833 4633 892 4681; x_wconf 91' lang='lat' dir='ltr'>et</span> <span class='ocrx_word' id='word_1_723' title='bbox 911 4626 1180 4682; x_wconf 85' lang='lat' dir='ltr'>diaconis</span> <span class='ocrx_word' id='word_1_724' title='bbox 1198 4626 1518 4708; x_wconf 75' lang='lat' dir='ltr'>designatis</span> <span class='ocrx_word' id='word_1_725' title='bbox 1546 4644 1650 4708; x_wconf 88' lang='lat' dir='ltr'>per</span> <span class='ocrx_word' id='word_1_726' title='bbox 1671 4634 1903 4708; x_wconf 71' lang='lat' dir='ltr'>senten-</span> 
     </span>
    </p>
   </div>
   <div class='ocr_carea' id='block_1_104' title="bbox 249 4699 1903 4769">
    <p class='ocr_par' dir='ltr' id='par_1_104' title="bbox 249 4699 1903 4769">
     <span class='ocr_line' id='line_1_106' title="bbox 249 4699 1903 4769; baseline 0.001 -17"><span class='ocrx_word' id='word_1_727' title='bbox 249 4701 398 4754; x_wconf 87' lang='lat' dir='ltr'>tiam</span> <span class='ocrx_word' id='word_1_728' title='bbox 419 4699 559 4753; x_wconf 82' lang='lat' dir='ltr'>Jesu</span> <span class='ocrx_word' id='word_1_729' title='bbox 580 4699 818 4760; x_wconf 86' lang='lat' dir='ltr'>Christi,</span> <span class='ocrx_word' id='word_1_730' title='bbox 848 4715 995 4768; x_wconf 92' lang='lat' dir='ltr'>quos</span> <span class='ocrx_word' id='word_1_731' title='bbox 1018 4699 1344 4753; x_wconf 89' lang='lat' dir='ltr'>secundum</span> <span class='ocrx_word' id='word_1_732' title='bbox 1373 4699 1670 4769; x_wconf 89' lang='lat' dir='ltr'>propriam</span> <span class='ocrx_word' id='word_1_733' title='bbox 1697 4699 1903 4754; x_wconf 91' lang='lat' dir='ltr'>volun-</span> 
     </span>
    </p>
   </div>
   <div class='ocr_carea' id='block_1_105' title="bbox 248 4769 1905 4840">
    <p class='ocr_par' dir='ltr' id='par_1_105' title="bbox 248 4769 1905 4840">
     <span class='ocr_line' id='line_1_107' title="bbox 248 4769 1905 4840; baseline -0.001 -14"><span class='ocrx_word' id='word_1_734' title='bbox 248 4779 435 4826; x_wconf 85' lang='lat' dir='ltr'>tatem</span> <span class='ocrx_word' id='word_1_735' title='bbox 478 4787 647 4824; x_wconf 91' lang='lat' dir='ltr'>suam</span> <span class='ocrx_word' id='word_1_736' title='bbox 689 4771 942 4824; x_wconf 84' lang='lat' dir='ltr'>firmavit</span> <span class='ocrx_word' id='word_1_737' title='bbox 973 4770 1032 4824; x_wconf 91' lang='lat' dir='ltr'>in</span> <span class='ocrx_word' id='word_1_738' title='bbox 1091 4769 1410 4824; x_wconf 86' lang='lat' dir='ltr'>stabilitate</span> <span class='ocrx_word' id='word_1_739' title='bbox 1464 4786 1571 4840; x_wconf 89' lang='lat' dir='ltr'>per</span> <span class='ocrx_word' id='word_1_740' title='bbox 1621 4770 1905 4840; x_wconf 90' lang='lat' dir='ltr'>Spiritum</span> 
     </span>
    </p>
   </div>
   <div class='ocr_carea' id='block_1_106' title="bbox 249 4840 1905 4913">
    <p class='ocr_par' dir='ltr' id='par_1_106' title="bbox 249 4840 1905 4913">
     <span class='ocr_line' id='line_1_108' title="bbox 249 4840 1905 4913; baseline -0.001 -16"><span class='ocrx_word' id='word_1_741' title='bbox 249 4859 450 4897; x_wconf 85' lang='lat' dir='ltr'>suum.</span> <span class='ocrx_word' id='word_1_742' title='bbox 487 4863 516 4891; x_wconf 85' lang='lat'>»</span> <span class='ocrx_word' id='word_1_743' title='bbox 550 4842 682 4913; x_wconf 85' lang='lat' dir='ltr'>luit.</span> <span class='ocrx_word' id='word_1_744' title='bbox 717 4843 887 4913; x_wconf 90' lang='lat' dir='ltr'>epist.</span> <span class='ocrx_word' id='word_1_745' title='bbox 923 4841 998 4896; x_wconf 90' lang='lat' dir='ltr'>ad</span> <span class='ocrx_word' id='word_1_746' title='bbox 1028 4840 1400 4912; x_wconf 89' lang='lat' dir='ltr'>Philadelph.</span> <span class='ocrx_word' id='word_1_747' title='bbox 1433 4872 1501 4880; x_wconf 91' lang='lat'>—</span> <span class='ocrx_word' id='word_1_748' title='bbox 1547 4863 1574 4890; x_wconf 86' lang='grc'>‹‹</span> <span class='ocrx_word' id='word_1_749' title='bbox 1602 4841 1814 4913; x_wconf 86' lang='lat' dir='ltr'>Hortor</span> <span class='ocrx_word' id='word_1_750' title='bbox 1844 4843 1905 4895; x_wconf 91' lang='lat' dir='ltr'>in</span> 
     </span>
    </p>
   </div>
   <div class='ocr_carea' id='block_1_107' title="bbox 249 4911 1906 4983">
    <p class='ocr_par' dir='ltr' id='par_1_107' title="bbox 249 4911 1906 4983">
     <span class='ocr_line' id='line_1_109' title="bbox 249 4911 1906 4983; baseline -0.001 -15"><span class='ocrx_word' id='word_1_751' title='bbox 249 4914 358 4968; x_wconf 90' lang='lat' dir='ltr'>Dei</span> <span class='ocrx_word' id='word_1_752' title='bbox 389 4911 713 4968; x_wconf 86' lang='lat' dir='ltr'>concordia</span> <span class='ocrx_word' id='word_1_753' title='bbox 751 4911 953 4967; x_wconf 82' lang='lat' dir='ltr'>omnia</span> <span class='ocrx_word' id='word_1_754' title='bbox 1003 4929 1176 4983; x_wconf 89' lang='lat' dir='ltr'>agere</span> <span class='ocrx_word' id='word_1_755' title='bbox 1226 4911 1502 4983; x_wconf 76' lang='lat' dir='ltr'>epiSCOpo</span> <span class='ocrx_word' id='word_1_756' title='bbox 1551 4912 1906 4983; x_wconf 66' lang='lat' dir='ltr'>praesidente</span> 
     </span>
    </p>
   </div>
   <div class='ocr_carea' id='block_1_108' title="bbox 253 4983 1907 5056">
    <p class='ocr_par' dir='ltr' id='par_1_108' title="bbox 253 4983 1907 5056">
     <span class='ocr_line' id='line_1_110' title="bbox 253 4983 1907 5056; baseline -0.005 -16"><span class='ocrx_word' id='word_1_757' title='bbox 253 4986 362 5040; x_wconf 89' lang='lat' dir='ltr'>Dei</span> <span class='ocrx_word' id='word_1_758' title='bbox 395 4985 552 5048; x_wconf 90' lang='lat' dir='ltr'>loco,</span> <span class='ocrx_word' id='word_1_759' title='bbox 585 4990 643 5040; x_wconf 91' lang='lat' dir='ltr'>et</span> <span class='ocrx_word' id='word_1_760' title='bbox 671 4984 1035 5056; x_wconf 87' lang='lat' dir='ltr'>presbyteris</span> <span class='ocrx_word' id='word_1_761' title='bbox 1065 4983 1195 5039; x_wconf 93' lang='lat' dir='ltr'>loco</span> <span class='ocrx_word' id='word_1_762' title='bbox 1227 4990 1469 5039; x_wconf 88' lang='lat' dir='ltr'>senatus</span> <span class='ocrx_word' id='word_1_763' title='bbox 1512 4984 1842 5055; x_wconf 90' lang='lat' dir='ltr'>apostolici.</span> <span class='ocrx_word' id='word_1_764' title='bbox 1879 5006 1907 5032; x_wconf 85' lang='grc'><strong>››</strong></span> 
     </span>
    </p>
   </div>
   <div class='ocr_carea' id='block_1_109' title="bbox 252 5057 911 5128">
    <p class='ocr_par' dir='ltr' id='par_1_109' title="bbox 252 5057 911 5128">
     <span class='ocr_line' id='line_1_111' title="bbox 252 5057 911 5128; baseline -0.002 -18"><span class='ocrx_word' id='word_1_765' title='bbox 252 5057 351 5110; x_wconf 78' lang='lat' dir='ltr'>Ad</span> <span class='ocrx_word' id='word_1_766' title='bbox 383 5059 639 5128; x_wconf 81' lang='lat' dir='ltr'>Magnes.</span> <span class='ocrx_word' id='word_1_767' title='bbox 653 5099 666 5120; x_wconf 92' lang='lat'>,</span> <span class='ocrx_word' id='word_1_768' title='bbox 697 5073 835 5128; x_wconf 74' lang='lat' dir='ltr'>cap.</span> <span class='ocrx_word' id='word_1_769' title='bbox 859 5058 911 5110; x_wconf 90' lang='lat'>6.</span> 
     </span>
    </p>
   </div>
   <div class='ocr_carea' id='block_1_110' title="bbox 330 5124 1911 5196">
    <p class='ocr_par' dir='ltr' id='par_1_110' title="bbox 330 5124 1911 5196">
     <span class='ocr_line' id='line_1_112' title="bbox 330 5124 1911 5196; baseline -0.002 -15"><span class='ocrx_word' id='word_1_770' title='bbox 330 5130 443 5195; x_wconf 79' lang='lat'>(25)</span> <span class='ocrx_word' id='word_1_771' title='bbox 473 5124 501 5177; x_wconf 70' lang='grc' dir='ltr'><strong><em>ἆ</em></strong></span> <span class='ocrx_word' id='word_1_772' title='bbox 536 5124 948 5182; x_wconf 74' lang='lat' dir='ltr'>Necessarium</span> <span class='ocrx_word' id='word_1_773' title='bbox 980 5130 1088 5193; x_wconf 89' lang='lat' dir='ltr'>est,</span> <span class='ocrx_word' id='word_1_774' title='bbox 1146 5130 1214 5180; x_wconf 91' lang='lat' dir='ltr'>ut</span> <span class='ocrx_word' id='word_1_775' title='bbox 1266 5126 1393 5180; x_wconf 90' lang='lat' dir='ltr'>sine</span> <span class='ocrx_word' id='word_1_776' title='bbox 1439 5125 1714 5196; x_wconf 83' lang='lat' dir='ltr'>episcOpo</span> <span class='ocrx_word' id='word_1_777' title='bbox 1757 5124 1911 5179; x_wconf 91' lang='lat' dir='ltr'>nihil</span> 
     </span>
    </p>
   </div>
   <div class='ocr_carea' id='block_1_111' title="bbox 254 5197 1912 5324">
    <p class='ocr_par' dir='ltr' id='par_1_111' title="bbox 254 5197 1912 5324">
     <span class='ocr_line' id='line_1_113' title="bbox 254 5197 1912 5324; baseline -0.003 -70"><span class='ocrx_word' id='word_1_778' title='bbox 254 5199 472 5269; x_wconf 82' lang='lat' dir='ltr'>agatis,</span> <span class='ocrx_word' id='word_1_779' title='bbox 505 5198 608 5254; x_wconf 90' lang='lat' dir='ltr'>sed</span> <span class='ocrx_word' id='word_1_780' title='bbox 641 5205 698 5254; x_wconf 90' lang='lat' dir='ltr'>et</span> <span class='ocrx_word' id='word_1_781' title='bbox 729 5198 1096 5324; x_wconf 73' lang='lat' dir='ltr'>presbyterio</span> <span class='ocrx_word' id='word_1_782' title='bbox 1128 5197 1347 5253; x_wconf 82' lang='lat' dir='ltr'>subditi</span> <span class='ocrx_word' id='word_1_783' title='bbox 1380 5197 1574 5278; x_wconf 60' lang='lat' dir='ltr'>sitis...</span> <span class='ocrx_word' id='word_1_784' title='bbox 1600 5197 1797 5252; x_wconf 91' lang='lat' dir='ltr'>cuncti</span> <span class='ocrx_word' id='word_1_785' title='bbox 1828 5213 1912 5250; x_wconf 89' lang='lat' dir='ltr'>re-</span> 
     </span>
     <span class='ocr_line' id='line_1_114' title="bbox 254 5267 1910 5324; baseline 0.001 -2"><span class='ocrx_word' id='word_1_786' title='bbox 254 5276 576 5324; x_wconf 83' lang='lat' dir='ltr'>vereantur</span> <span class='ocrx_word' id='word_1_787' title='bbox 591 5287 727 5324; x_wconf 88' lang='lat' dir='ltr'>nres</span> <span class='ocrx_word' id='word_1_788' title='bbox 773 5274 1062 5324; x_wconf 89' lang='lat' dir='ltr'>vteros.ut</span> <span class='ocrx_word' id='word_1_789' title='bbox 1077 5285 1420 5324; x_wconf 88' lang='lat' dir='ltr'>consessum</span> <span class='ocrx_word' id='word_1_790' title='bbox 1434 5267 1910 5324; x_wconf 77' lang='lat' dir='ltr'>Dei.»AdTrall..</span> 
     </span>
    </p>
   </div>
   <div class='ocr_carea' id='block_1_112' title="bbox 254 5267 1910 5342">
    <p class='ocr_par' dir='ltr' id='par_1_112' title="bbox 254 5267 1910 5342">
     <span class='ocr_line' id='line_1_115' title="bbox 254 5267 1910 5342; baseline -0.001 -20"><span class='ocrx_word' id='word_1_791' title='bbox 254 5267 576 5325; x_wconf 78' lang='lat' dir='ltr'>vereantur</span> <span class='ocrx_word' id='word_1_792' title='bbox 591 5267 1062 5342; x_wconf 80' lang='lat' dir='ltr'>presbyterOs,ut</span> <span class='ocrx_word' id='word_1_793' title='bbox 1077 5285 1420 5324; x_wconf 87' lang='lat' dir='ltr'>consessum</span> <span class='ocrx_word' id='word_1_794' title='bbox 1434 5269 1594 5324; x_wconf 83' lang='lat' dir='ltr'>Dei.»</span> <span class='ocrx_word' id='word_1_795' title='bbox 1612 5275 1648 5322; x_wconf 87' lang='lat' dir='ltr'><strong>A</strong></span> <span class='ocrx_word' id='word_1_796' title='bbox 1660 5267 1910 5334; x_wconf 89' lang='lat' dir='ltr'>dTrall.,</span> 
     </span>
    </p>
   </div>
   <div class='ocr_carea' id='block_1_113' title="bbox 254 5343 620 5396">
    <p class='ocr_par' dir='ltr' id='par_1_113' title="bbox 254 5343 620 5396">
     <span class='ocr_line' id='line_1_116' title="bbox 254 5343 620 5396; baseline -0.011 1"><span class='ocrx_word' id='word_1_797' title='bbox 254 5358 393 5396; x_wconf 83' lang='lat' dir='ltr'>can.</span> <span class='ocrx_word' id='word_1_798' title='bbox 426 5345 459 5394; x_wconf 86' lang='lat'>2</span> <span class='ocrx_word' id='word_1_799' title='bbox 489 5348 548 5394; x_wconf 89' lang='lat' dir='ltr'>et</span> <span class='ocrx_word' id='word_1_800' title='bbox 572 5343 620 5395; x_wconf 89' lang='lat'>3.</span> 
     </span>
    </p>
   </div>
   <div class='ocr_carea' id='block_1_114' title="bbox 333 5358 1914 5482">
    <p class='ocr_par' dir='ltr' id='par_1_114' title="bbox 333 5358 1914 5482">
     <span class='ocr_line' id='line_1_117' title="bbox 333 5358 1914 5482; baseline 0.001 -18"><span class='ocrx_word' id='word_1_801' title='bbox 333 5358 459 5482; x_wconf 40' lang='lat'>£56);</span> <span class='ocrx_word' id='word_1_802' title='bbox 479 5358 771 5468; x_wconf 53' lang='lat' dir='ltr'>fLUdtinam</span> <span class='ocrx_word' id='word_1_803' title='bbox 789 5413 953 5468; x_wconf 87' lang='lat' dir='ltr'>fruar</span> <span class='ocrx_word' id='word_1_804' title='bbox 974 5413 1212 5468; x_wconf 89' lang='lat' dir='ltr'>Sotione</span> <span class='ocrx_word' id='word_1_805' title='bbox 1237 5411 1613 5482; x_wconf 90' lang='lat' dir='ltr'>diacono,qui</span> <span class='ocrx_word' id='word_1_806' title='bbox 1640 5411 1914 5482; x_wconf 84' lang='lat' dir='ltr'>subditus</span> 
     </span>
    </p>
   </div>
   <div class='ocr_carea' id='block_1_115' title="bbox 254 5481 1915 5555">
    <p class='ocr_par' dir='ltr' id='par_1_115' title="bbox 254 5481 1915 5555">
     <span class='ocr_line' id='line_1_118' title="bbox 254 5481 1915 5555; baseline -0.003 -16"><span class='ocrx_word' id='word_1_807' title='bbox 254 5489 359 5539; x_wconf 89' lang='lat' dir='ltr'>est</span> <span class='ocrx_word' id='word_1_808' title='bbox 387 5481 687 5555; x_wconf 86' lang='lat' dir='ltr'>episcopo,</span> <span class='ocrx_word' id='word_1_809' title='bbox 720 5490 784 5538; x_wconf 92' lang='lat' dir='ltr'>ut</span> <span class='ocrx_word' id='word_1_810' title='bbox 813 5486 1015 5555; x_wconf 68' lang='lat' dir='ltr'>gratiae</span> <span class='ocrx_word' id='word_1_811' title='bbox 1048 5484 1170 5549; x_wconf 91' lang='lat' dir='ltr'>Dei,</span> <span class='ocrx_word' id='word_1_812' title='bbox 1203 5490 1261 5539; x_wconf 92' lang='lat' dir='ltr'>et</span> <span class='ocrx_word' id='word_1_813' title='bbox 1289 5483 1655 5554; x_wconf 90' lang='lat' dir='ltr'>presbyterio</span> <span class='ocrx_word' id='word_1_814' title='bbox 1687 5488 1752 5537; x_wconf 88' lang='lat' dir='ltr'>ut</span> <span class='ocrx_word' id='word_1_815' title='bbox 1804 5481 1915 5553; x_wconf 90' lang='lat' dir='ltr'>legi</span> 
     </span>
    </p>
   </div>
   <div class='ocr_carea' id='block_1_116' title="bbox 249 5555 1412 5628">
    <p class='ocr_par' dir='ltr' id='par_1_116' title="bbox 249 5555 1412 5628">
     <span class='ocr_line' id='line_1_119' title="bbox 249 5555 1412 5628; baseline 0 -19"><span class='ocrx_word' id='word_1_816' title='bbox 249 5556 402 5609; x_wconf 86' lang='lat' dir='ltr'>Jesu</span> <span class='ocrx_word' id='word_1_817' title='bbox 433 5556 672 5610; x_wconf 82' lang='lat' dir='ltr'>Christi.</span> <span class='ocrx_word' id='word_1_818' title='bbox 710 5578 736 5628; x_wconf 61' lang='lat' dir='ltr'><strong>p</strong></span> <span class='ocrx_word' id='word_1_819' title='bbox 769 5555 857 5610; x_wconf 78' lang='lat' dir='ltr'>Ad</span> <span class='ocrx_word' id='word_1_820' title='bbox 889 5557 1166 5628; x_wconf 61' lang='lat' dir='ltr'>Magnes,</span> <span class='ocrx_word' id='word_1_821' title='bbox 1199 5571 1324 5628; x_wconf 80' lang='lat' dir='ltr'>cep.</span> <span class='ocrx_word' id='word_1_822' title='bbox 1365 5558 1412 5609; x_wconf 84' lang='lat' dir='ltr'>l.</span> 
     </span>
    </p>
   </div>
   <div class='ocr_carea' id='block_1_117' title="bbox 337 5624 1917 5698">
    <p class='ocr_par' dir='ltr' id='par_1_117' title="bbox 337 5624 1917 5698">
     <span class='ocr_line' id='line_1_120' title="bbox 337 5624 1917 5698; baseline -0.001 -21"><span class='ocrx_word' id='word_1_823' title='bbox 337 5627 452 5698; x_wconf 75' lang='lat'>(&#39;27)</span> <span class='ocrx_word' id='word_1_824' title='bbox 479 5649 504 5674; x_wconf 76' lang='grc' dir='ltr'>ιι</span> <span class='ocrx_word' id='word_1_825' title='bbox 539 5627 868 5698; x_wconf 89' lang='lat' dir='ltr'>lgnatius...</span> <span class='ocrx_word' id='word_1_826' title='bbox 907 5624 1182 5681; x_wconf 61' lang='lat' dir='ltr'>Ecclesia;</span> <span class='ocrx_word' id='word_1_827' title='bbox 1214 5625 1443 5698; x_wconf 61' lang='lat' dir='ltr'>dilectae</span> <span class='ocrx_word' id='word_1_828' title='bbox 1476 5630 1532 5679; x_wconf 90' lang='lat' dir='ltr'>et</span> <span class='ocrx_word' id='word_1_829' title='bbox 1563 5624 1917 5698; x_wconf 67' lang='lat' dir='ltr'>illuminataa</span> 
     </span>
    </p>
   </div>
   <div class='ocr_carea' id='block_1_118' title="bbox 257 5696 1917 5769">
    <p class='ocr_par' dir='ltr' id='par_1_118' title="bbox 257 5696 1917 5769">
     <span class='ocr_line' id='line_1_121' title="bbox 257 5696 1917 5769; baseline -0.002 -17"><span class='ocrx_word' id='word_1_830' title='bbox 257 5699 330 5752; x_wconf 85' lang='lat' dir='ltr'>in</span> <span class='ocrx_word' id='word_1_831' title='bbox 357 5696 654 5754; x_wconf 80' lang='lat' dir='ltr'>voluntate</span> <span class='ocrx_word' id='word_1_832' title='bbox 683 5699 833 5767; x_wconf 88' lang='lat' dir='ltr'>ejus,</span> <span class='ocrx_word' id='word_1_833' title='bbox 853 5699 951 5769; x_wconf 92' lang='lat' dir='ltr'>qui</span> <span class='ocrx_word' id='word_1_834' title='bbox 985 5699 1108 5753; x_wconf 90' lang='lat' dir='ltr'>vult</span> <span class='ocrx_word' id='word_1_835' title='bbox 1137 5697 1350 5760; x_wconf 85' lang='lat' dir='ltr'>omnir,</span> <span class='ocrx_word' id='word_1_836' title='bbox 1383 5703 1539 5753; x_wconf 92' lang='lat' dir='ltr'>etc...</span> <span class='ocrx_word' id='word_1_837' title='bbox 1576 5713 1706 5769; x_wconf 70' lang='lat' dir='ltr'>qua)</span> <span class='ocrx_word' id='word_1_838' title='bbox 1739 5696 1917 5769; x_wconf 74' lang='lat' dir='ltr'>etiam</span> 
     </span>
    </p>
   </div>
   <div class='ocr_carea' id='block_1_119' title="bbox 253 5768 1894 5844">
    <p class='ocr_par' dir='ltr' id='par_1_119' title="bbox 253 5768 1894 5844">
     <span class='ocr_line' id='line_1_122' title="bbox 253 5768 1894 5844; baseline -0.002 -18"><span class='ocrx_word' id='word_1_839' title='bbox 253 5769 550 5844; x_wconf 69' lang='lat' dir='ltr'>prasidet</span> <span class='ocrx_word' id='word_1_840' title='bbox 579 5771 640 5825; x_wconf 89' lang='lat' dir='ltr'>in</span> <span class='ocrx_word' id='word_1_841' title='bbox 674 5770 802 5826; x_wconf 87' lang='lat' dir='ltr'>loco</span> <span class='ocrx_word' id='word_1_842' title='bbox 835 5768 1089 5841; x_wconf 78' lang='lat' dir='ltr'>regionis</span> <span class='ocrx_word' id='word_1_843' title='bbox 1120 5771 1538 5836; x_wconf 78' lang='lat' dir='ltr'>Romanorum,</span> <span class='ocrx_word' id='word_1_844' title='bbox 1570 5768 1748 5841; x_wconf 83' lang='lat' dir='ltr'>digna</span> <span class='ocrx_word' id='word_1_845' title='bbox 1773 5768 1894 5824; x_wconf 88' lang='lat' dir='ltr'>Deo</span> 
     </span>
    </p>
   </div>
   <div class='ocr_carea' id='block_1_120' title="bbox 2015 4554 3658 4626">
    <p class='ocr_par' dir='ltr' id='par_1_120' title="bbox 2015 4554 3658 4626">
     <span class='ocr_line' id='line_1_123' title="bbox 2015 4554 3658 4626; baseline 0.004 -15"><span class='ocrx_word' id='word_1_846' title='bbox 2015 4556 2342 4611; x_wconf 88' lang='lat' dir='ltr'>nitentibus</span> <span class='ocrx_word' id='word_1_847' title='bbox 2367 4555 2616 4609; x_wconf 91' lang='lat' dir='ltr'>remittit</span> <span class='ocrx_word' id='word_1_848' title='bbox 2637 4555 2812 4614; x_wconf 87' lang='lat' dir='ltr'>Deus,</span> <span class='ocrx_word' id='word_1_849' title='bbox 2837 4554 2885 4607; x_wconf 89' lang='lat' dir='ltr'>si</span> <span class='ocrx_word' id='word_1_850' title='bbox 2905 4556 3260 4626; x_wconf 87' lang='lat' dir='ltr'>resipiscant</span> <span class='ocrx_word' id='word_1_851' title='bbox 3283 4554 3658 4618; x_wconf 38' lang='lat' dir='ltr'>invunitatem</span> 
     </span>
    </p>
   </div>
   <div class='ocr_carea' id='block_1_121' title="bbox 2018 4626 3658 4752">
    <p class='ocr_par' dir='ltr' id='par_1_121' title="bbox 2018 4626 3658 4752">
     <span class='ocr_line' id='line_1_124' title="bbox 2018 4626 3658 4752; baseline 0.003 -70"><span class='ocrx_word' id='word_1_852' title='bbox 2018 4627 2142 4691; x_wconf 92' lang='lat' dir='ltr'>Dei,</span> <span class='ocrx_word' id='word_1_853' title='bbox 2179 4633 2260 4752; x_wconf 90' lang='lat' dir='ltr'>8et</span> <span class='ocrx_word' id='word_1_854' title='bbox 2321 4626 2580 4698; x_wconf 90' lang='lat' dir='ltr'>episc0pi</span> <span class='ocrx_word' id='word_1_855' title='bbox 2636 4641 3066 4680; x_wconf 83' lang='lat' dir='ltr'>consessum.»</span> <span class='ocrx_word' id='word_1_856' title='bbox 3130 4629 3211 4683; x_wconf 88' lang='lat' dir='ltr'>Ad</span> <span class='ocrx_word' id='word_1_857' title='bbox 3268 4631 3658 4706; x_wconf 89' lang='lat' dir='ltr'>Philadelph.,</span> 
     </span>
     <span class='ocr_line' id='line_1_125' title="bbox 2018 4717 2232 4752; baseline -0.005 0"><span class='ocrx_word' id='word_1_858' title='bbox 2018 4717 2145 4752; x_wconf 87' lang='lat' dir='ltr'>can.</span> <span class='ocrx_word' id='word_1_859' title='bbox 2220 4739 2232 4751; x_wconf 94' lang='lat'>.</span> 
     </span>
    </p>
   </div>
   <div class='ocr_carea' id='block_1_122' title="bbox 2018 4717 2232 4754">
    <p class='ocr_par' dir='ltr' id='par_1_122' title="bbox 2018 4717 2232 4754">
     <span class='ocr_line' id='line_1_126' title="bbox 2018 4717 2232 4754; baseline -0.014 0"><span class='ocrx_word' id='word_1_860' title='bbox 2018 4717 2145 4754; x_wconf 76' lang='grc' dir='ltr'>εεω.</span> <span class='ocrx_word' id='word_1_861' title='bbox 2179 4717 2232 4752; x_wconf 78' lang='grc' dir='ltr'>δ.</span> 
     </span>
    </p>
   </div>
   <div class='ocr_carea' id='block_1_123' title="bbox 2092 4717 3665 4838">
    <p class='ocr_par' dir='ltr' id='par_1_123' title="bbox 2092 4717 3665 4838">
     <span class='ocr_line' id='line_1_127' title="bbox 2092 4717 3665 4838; baseline 0.004 -15"><span class='ocrx_word' id='word_1_862' title='bbox 2092 4717 2262 4838; x_wconf 40' lang='grc' dir='ltr'>ῗ32ῗλ</span> <span class='ocrx_word' id='word_1_863' title='bbox 2296 4770 2364 4821; x_wconf 92' lang='lat' dir='ltr'>Et</span> <span class='ocrx_word' id='word_1_864' title='bbox 2395 4785 2445 4822; x_wconf 93' lang='lat' dir='ltr'>c.</span> <span class='ocrx_word' id='word_1_865' title='bbox 2481 4770 2548 4820; x_wconf 91' lang='lat'>3:</span> <span class='ocrx_word' id='word_1_866' title='bbox 2579 4768 2876 4836; x_wconf 90' lang='lat' dir='ltr'>Quotquot</span> <span class='ocrx_word' id='word_1_867' title='bbox 2905 4768 3247 4838; x_wconf 67' lang='lat' dir='ltr'>paenitentia</span> <span class='ocrx_word' id='word_1_868' title='bbox 3299 4771 3455 4828; x_wconf 89' lang='lat' dir='ltr'>ducti</span> <span class='ocrx_word' id='word_1_869' title='bbox 3505 4775 3665 4830; x_wconf 88' lang='lat' dir='ltr'>redi-</span> 
     </span>
    </p>
   </div>
   <div class='ocr_carea' id='block_1_124' title="bbox 2021 4839 3666 4912">
    <p class='ocr_par' dir='ltr' id='par_1_124' title="bbox 2021 4839 3666 4912">
     <span class='ocr_line' id='line_1_128' title="bbox 2021 4839 3666 4912; baseline 0.003 -15"><span class='ocrx_word' id='word_1_870' title='bbox 2021 4847 2197 4897; x_wconf 89' lang='lat' dir='ltr'>erunt</span> <span class='ocrx_word' id='word_1_871' title='bbox 2226 4839 2300 4912; x_wconf 85' lang='lat' dir='ltr'>ad</span> <span class='ocrx_word' id='word_1_872' title='bbox 2332 4839 2944 4912; x_wconf 16' lang='lat' dir='ltr'>uriitatengcclesiaa,</span> <span class='ocrx_word' id='word_1_873' title='bbox 2967 4846 3036 4912; x_wconf 84' lang='lat' dir='ltr'>et</span> <span class='ocrx_word' id='word_1_874' title='bbox 3065 4840 3163 4894; x_wconf 90' lang='lat' dir='ltr'>isti</span> <span class='ocrx_word' id='word_1_875' title='bbox 3194 4843 3297 4897; x_wconf 91' lang='lat' dir='ltr'>Dei</span> <span class='ocrx_word' id='word_1_876' title='bbox 3345 4853 3554 4912; x_wconf 91' lang='lat' dir='ltr'>erunt;</span> <span class='ocrx_word' id='word_1_877' title='bbox 3599 4852 3666 4902; x_wconf 93' lang='lat' dir='ltr'>ut</span> 
     </span>
    </p>
   </div>
   <div class='ocr_carea' id='block_1_125' title="bbox 2024 4909 3202 4969">
    <p class='ocr_par' dir='ltr' id='par_1_125' title="bbox 2024 4909 3202 4969">
     <span class='ocr_line' id='line_1_129' title="bbox 2024 4909 3202 4969; baseline -0.007 0"><span class='ocrx_word' id='word_1_878' title='bbox 2024 4911 2349 4969; x_wconf 90' lang='lat' dir='ltr'>secundum</span> <span class='ocrx_word' id='word_1_879' title='bbox 2379 4911 2577 4964; x_wconf 81' lang='lat' dir='ltr'>Jesum</span> <span class='ocrx_word' id='word_1_880' title='bbox 2609 4909 2907 4964; x_wconf 87' lang='lat' dir='ltr'>Christum</span> <span class='ocrx_word' id='word_1_881' title='bbox 2929 4910 3138 4966; x_wconf 88' lang='lat' dir='ltr'>vivant.</span> <span class='ocrx_word' id='word_1_882' title='bbox 3175 4934 3202 4962; x_wconf 84' lang='grc'>››</span> 
     </span>
    </p>
   </div>
   <div class='ocr_carea' id='block_1_126' title="bbox 2093 4980 3663 5053">
    <p class='ocr_par' dir='ltr' id='par_1_126' title="bbox 2093 4980 3663 5053">
     <span class='ocr_line' id='line_1_130' title="bbox 2093 4980 3663 5053; baseline 0.003 -15"><span class='ocrx_word' id='word_1_883' title='bbox 2093 4985 2202 5052; x_wconf 88' lang='lat'>(33)</span> <span class='ocrx_word' id='word_1_884' title='bbox 2224 5005 2251 5031; x_wconf 76' lang='grc' dir='ltr'>σε</span> <span class='ocrx_word' id='word_1_885' title='bbox 2279 4982 2416 5052; x_wconf 83' lang='lat' dir='ltr'>Ejus</span> <span class='ocrx_word' id='word_1_886' title='bbox 2440 4980 2654 5053; x_wconf 79' lang='lat' dir='ltr'>Christi</span> <span class='ocrx_word' id='word_1_887' title='bbox 2670 4982 2970 5052; x_wconf 67' lang='lat' dir='ltr'>propheta:</span> <span class='ocrx_word' id='word_1_888' title='bbox 2995 4981 3269 5053; x_wconf 92' lang='lat' dir='ltr'>discipuli</span> <span class='ocrx_word' id='word_1_889' title='bbox 3295 5002 3427 5042; x_wconf 91' lang='lat' dir='ltr'>cum</span> <span class='ocrx_word' id='word_1_890' title='bbox 3444 4993 3663 5053; x_wconf 89' lang='lat' dir='ltr'>essent,</span> 
     </span>
    </p>
   </div>
   <div class='ocr_carea' id='block_1_127' title="bbox 2023 5049 3669 5131">
    <p class='ocr_par' dir='ltr' id='par_1_127' title="bbox 2023 5049 3669 5131">
     <span class='ocr_line' id='line_1_131' title="bbox 2023 5049 3669 5131; baseline 0.004 -23"><span class='ocrx_word' id='word_1_891' title='bbox 2023 5049 2233 5131; x_wconf 82' lang='lat' dir='ltr'>spiritu</span> <span class='ocrx_word' id='word_1_892' title='bbox 2259 5049 2452 5131; x_wconf 79' lang='lat' dir='ltr'>ipsum</span> <span class='ocrx_word' id='word_1_893' title='bbox 2474 5049 2855 5131; x_wconf 27' lang='lat' dir='ltr'>ut‘doctore&#39;m</span> <span class='ocrx_word' id='word_1_894' title='bbox 2882 5049 3332 5131; x_wconf 77' lang='lat' dir='ltr'>exspectabant;</span> <span class='ocrx_word' id='word_1_895' title='bbox 3358 5049 3669 5131; x_wconf 86' lang='lat' dir='ltr'>etpropter</span> 
     </span>
    </p>
   </div>
   <div class='ocr_carea' id='block_1_128' title="bbox 2025 5123 3667 5195">
    <p class='ocr_par' dir='ltr' id='par_1_128' title="bbox 2025 5123 3667 5195">
     <span class='ocr_line' id='line_1_132' title="bbox 2025 5123 3667 5195; baseline 0.002 -14"><span class='ocrx_word' id='word_1_896' title='bbox 2025 5123 2135 5181; x_wconf 51' lang='lat' dir='ltr'>h&#39;oc</span> <span class='ocrx_word' id='word_1_897' title='bbox 2155 5123 2410 5195; x_wconf 82' lang='lat' dir='ltr'>is,quem</span> <span class='ocrx_word' id='word_1_898' title='bbox 2428 5123 2588 5193; x_wconf 91' lang='lat' dir='ltr'>juste</span> <span class='ocrx_word' id='word_1_899' title='bbox 2605 5123 3123 5195; x_wconf 67' lang='lat' dir='ltr'>praestotabantur,</span> <span class='ocrx_word' id='word_1_900' title='bbox 3141 5123 3460 5185; x_wconf 73' lang='lat' dir='ltr'>adveniens</span> <span class='ocrx_word' id='word_1_901' title='bbox 3475 5123 3667 5188; x_wconf 76' lang='lat' dir='ltr'>lusci-</span> 
     </span>
    </p>
   </div>
   <div class='ocr_carea' id='block_1_129' title="bbox 2027 5194 3495 5271">
    <p class='ocr_par' dir='ltr' id='par_1_129' title="bbox 2027 5194 3495 5271">
     <span class='ocr_line' id='line_1_133' title="bbox 2027 5194 3495 5271; baseline 0.003 -19"><span class='ocrx_word' id='word_1_902' title='bbox 2027 5198 2166 5252; x_wconf 90' lang='lat' dir='ltr'>tavit</span> <span class='ocrx_word' id='word_1_903' title='bbox 2196 5194 2358 5271; x_wconf 74' lang='lat' dir='ltr'>ipsos</span> <span class='ocrx_word' id='word_1_904' title='bbox 2389 5212 2459 5250; x_wconf 83' lang='lat' dir='ltr'>ex</span> <span class='ocrx_word' id='word_1_905' title='bbox 2489 5194 2759 5271; x_wconf 84' lang='lat' dir='ltr'>mortuis.</span> <span class='ocrx_word' id='word_1_906' title='bbox 2795 5217 2824 5244; x_wconf 84' lang='lat'>»</span> <span class='ocrx_word' id='word_1_907' title='bbox 2856 5195 2940 5271; x_wconf 85' lang='lat' dir='ltr'>Ad</span> <span class='ocrx_word' id='word_1_908' title='bbox 2971 5199 3249 5268; x_wconf 62' lang='lat' dir='ltr'>Magnes,</span> <span class='ocrx_word' id='word_1_909' title='bbox 3282 5217 3408 5271; x_wconf 89' lang='lat' dir='ltr'>cap.</span> <span class='ocrx_word' id='word_1_910' title='bbox 3443 5206 3495 5256; x_wconf 87' lang='lat'>9.</span> 
     </span>
    </p>
   </div>
   <div class='ocr_carea' id='block_1_130' title="bbox 2098 5266 3672 5339">
    <p class='ocr_par' dir='ltr' id='par_1_130' title="bbox 2098 5266 3672 5339">
     <span class='ocr_line' id='line_1_134' title="bbox 2098 5266 3672 5339; baseline 0.003 -15"><span class='ocrx_word' id='word_1_911' title='bbox 2098 5266 2268 5338; x_wconf 67' lang='grc'>(34)’‹‹</span> <span class='ocrx_word' id='word_1_912' title='bbox 2303 5269 2431 5338; x_wconf 90' lang='lat' dir='ltr'>Ipse</span> <span class='ocrx_word' id='word_1_913' title='bbox 2461 5270 2548 5320; x_wconf 90' lang='lat' dir='ltr'>est</span> <span class='ocrx_word' id='word_1_914' title='bbox 2567 5266 2754 5339; x_wconf 85' lang='lat' dir='ltr'>ja_nua</span> <span class='ocrx_word' id='word_1_915' title='bbox 2780 5267 2988 5329; x_wconf 90' lang='lat' dir='ltr'>Patris,</span> <span class='ocrx_word' id='word_1_916' title='bbox 3013 5266 3118 5338; x_wconf 77' lang='lat' dir='ltr'>per</span> <span class='ocrx_word' id='word_1_917' title='bbox 3139 5285 3317 5339; x_wconf 87' lang='lat' dir='ltr'>quam</span> <span class='ocrx_word' id='word_1_918' title='bbox 3335 5266 3672 5339; x_wconf 78' lang='lat' dir='ltr'>ingrediun-</span> 
     </span>
    </p>
   </div>
   <div class='ocr_carea' id='block_1_131' title="bbox 2029 5336 3671 5414">
    <p class='ocr_par' dir='ltr' id='par_1_131' title="bbox 2029 5336 3671 5414">
     <span class='ocr_line' id='line_1_135' title="bbox 2029 5336 3671 5414; baseline 0.002 -20"><span class='ocrx_word' id='word_1_919' title='bbox 2029 5336 2124 5394; x_wconf 85' lang='lat' dir='ltr'>tur</span> <span class='ocrx_word' id='word_1_920' title='bbox 2155 5336 2471 5414; x_wconf 72' lang='lat' dir='ltr'>Abraham,</span> <span class='ocrx_word' id='word_1_921' title='bbox 2505 5341 2584 5414; x_wconf 20' lang='lat' dir='ltr'>et,</span> <span class='ocrx_word' id='word_1_922' title='bbox 2616 5336 2798 5414; x_wconf 79' lang='lat' dir='ltr'>Isaac.</span> <span class='ocrx_word' id='word_1_923' title='bbox 2834 5343 2894 5414; x_wconf 74' lang='lat' dir='ltr'>et</span> <span class='ocrx_word' id='word_1_924' title='bbox 2919 5336 3118 5414; x_wconf 51' lang='lat' dir='ltr'>Jac:ob_,</span> <span class='ocrx_word' id='word_1_925' title='bbox 3151 5336 3208 5394; x_wconf 80' lang='lat' dir='ltr'>et</span> <span class='ocrx_word' id='word_1_926' title='bbox 3255 5336 3579 5414; x_wconf 70' lang='lat' dir='ltr'>prophetae,</span> <span class='ocrx_word' id='word_1_927' title='bbox 3615 5349 3671 5399; x_wconf 91' lang='lat' dir='ltr'>et</span> 
     </span>
    </p>
   </div>
   <div class='ocr_carea' id='block_1_132' title="bbox 2029 5407 3670 5481">
    <p class='ocr_par' dir='ltr' id='par_1_132' title="bbox 2029 5407 3670 5481">
     <span class='ocr_line' id='line_1_136' title="bbox 2029 5407 3670 5481; baseline 0.004 -15"><span class='ocrx_word' id='word_1_928' title='bbox 2029 5410 2512 5481; x_wconf 32' lang='lat' dir='ltr'>apostoliLatque</span> <span class='ocrx_word' id='word_1_929' title='bbox 2545 5407 2820 5481; x_wconf 69' lang='lat' dir='ltr'>Ecclesia.</span> <span class='ocrx_word' id='word_1_930' title='bbox 2857 5410 3066 5466; x_wconf 87' lang='lat' dir='ltr'>Omnia</span> <span class='ocrx_word' id='word_1_931' title='bbox 3096 5411 3221 5466; x_wconf 65' lang='lat' dir='ltr'>haec</span> <span class='ocrx_word' id='word_1_932' title='bbox 3255 5407 3334 5468; x_wconf 72' lang='lat' dir='ltr'>ad</span> <span class='ocrx_word' id='word_1_933' title='bbox 3366 5407 3670 5472; x_wconf 45' lang='lat' dir='ltr'>linitat&#39;em</span> 
     </span>
    </p>
   </div>
   <div class='ocr_carea' id='block_1_133' title="bbox 2032 5426 3007 5550">
    <p class='ocr_par' dir='ltr' id='par_1_133' title="bbox 2032 5426 3007 5550">
     <span class='ocr_line' id='line_1_137' title="bbox 2032 5426 3003 5532; baseline -0.002 -66"><span class='ocrx_word' id='word_1_934' title='bbox 2032 5426 2304 5491; x_wconf 79' lang='lat' dir='ltr'>aposton,</span> <span class='ocrx_word' id='word_1_935' title='bbox 2336 5426 2512 5532; x_wconf 39' lang='lat' dir='ltr'>auiae</span> <span class='ocrx_word' id='word_1_936' title='bbox 2545 5426 2820 5462; x_wconf 70' lang='lat' dir='ltr'>nccnesna.</span> <span class='ocrx_word' id='word_1_937' title='bbox 2857 5426 3003 5464; x_wconf 87' lang='lat' dir='ltr'>umn</span> 
     </span>
     <span class='ocr_line' id='line_1_138' title="bbox 2032 5477 3007 5550; baseline -0.002 -13"><span class='ocrx_word' id='word_1_938' title='bbox 2032 5485 2148 5536; x_wconf 82' lang='lat' dir='ltr'>Dei.</span> <span class='ocrx_word' id='word_1_939' title='bbox 2186 5501 2214 5529; x_wconf 88' lang='lat'><strong>»</strong></span> <span class='ocrx_word' id='word_1_940' title='bbox 2249 5480 2334 5533; x_wconf 83' lang='lat' dir='ltr'>Ad</span> <span class='ocrx_word' id='word_1_941' title='bbox 2367 5481 2406 5532; x_wconf 87' lang='lat' dir='ltr'>P</span> <span class='ocrx_word' id='word_1_942' title='bbox 2455 5477 2756 5550; x_wconf 83' lang='lat' dir='ltr'>iladelph..</span> <span class='ocrx_word' id='word_1_943' title='bbox 2791 5497 2918 5550; x_wconf 91' lang='lat' dir='ltr'>cap.</span> <span class='ocrx_word' id='word_1_944' title='bbox 2954 5485 3007 5535; x_wconf 87' lang='lat'>9.</span> 
     </span>
    </p>
   </div>
   <div class='ocr_carea' id='block_1_134' title="bbox 2103 5497 3676 5629">
    <p class='ocr_par' dir='ltr' id='par_1_134' title="bbox 2103 5497 3676 5629">
     <span class='ocr_line' id='line_1_139' title="bbox 2103 5497 3007 5550; baseline 0.001 -16"><span class='ocrx_word' id='word_1_945' title='bbox 2103 5499 2148 5534; x_wconf 68' lang='lat' dir='ltr'>tl.</span> <span class='ocrx_word' id='word_1_946' title='bbox 2186 5501 2214 5529; x_wconf 87' lang='lat'><strong>»</strong></span> <span class='ocrx_word' id='word_1_947' title='bbox 2249 5497 2334 5533; x_wconf 76' lang='grc' dir='ltr'>Λα</span> <span class='ocrx_word' id='word_1_948' title='bbox 2367 5497 2630 5533; x_wconf 71' lang='lat' dir='ltr'>i&#39;nnauei</span> <span class='ocrx_word' id='word_1_949' title='bbox 2677 5497 2756 5538; x_wconf 92' lang='lat' dir='ltr'>n..</span> <span class='ocrx_word' id='word_1_950' title='bbox 2791 5497 2918 5550; x_wconf 90' lang='lat' dir='ltr'>cap.</span> <span class='ocrx_word' id='word_1_951' title='bbox 2954 5497 3007 5535; x_wconf 71' lang='grc' dir='ltr'>υ.</span> 
     </span>
     <span class='ocr_line' id='line_1_140' title="bbox 2103 5497 3676 5629; baseline 0.008 -25"><span class='ocrx_word' id='word_1_952' title='bbox 2103 5553 2214 5622; x_wconf 74' lang='lat'>(35)</span> <span class='ocrx_word' id='word_1_953' title='bbox 2240 5573 2266 5599; x_wconf 85' lang='lat'><strong>«</strong></span> <span class='ocrx_word' id='word_1_954' title='bbox 2292 5551 2464 5629; x_wconf 83' lang='lat' dir='ltr'>Orate</span> <span class='ocrx_word' id='word_1_955' title='bbox 2499 5497 2961 5629; x_wconf 36' lang='lat' dir='ltr'>(prohazret‘icis)</span> <span class='ocrx_word' id='word_1_956' title='bbox 2988 5553 3358 5629; x_wconf 33' lang='lat' dir='ltr'>si‘quomodo</span> <span class='ocrx_word' id='word_1_957' title='bbox 3393 5560 3676 5629; x_wconf 66' lang='lat' dir='ltr'>paeniten-</span> 
     </span>
    </p>
   </div>
   <div class='ocr_carea' id='block_1_135' title="bbox 2033 5620 3678 5703">
    <p class='ocr_par' dir='ltr' id='par_1_135' title="bbox 2033 5620 3678 5703">
     <span class='ocr_line' id='line_1_141' title="bbox 2033 5620 3678 5703; baseline 0.004 -25"><span class='ocrx_word' id='word_1_958' title='bbox 2033 5620 2175 5703; x_wconf 81' lang='lat' dir='ltr'>tiam</span> <span class='ocrx_word' id='word_1_959' title='bbox 2207 5625 2403 5703; x_wconf 75' lang='lat' dir='ltr'>agant,</span> <span class='ocrx_word' id='word_1_960' title='bbox 2422 5620 2591 5703; x_wconf 73' lang='lat' dir='ltr'>quod</span> <span class='ocrx_word' id='word_1_961' title='bbox 2623 5620 2951 5703; x_wconf 73' lang='lat' dir='ltr'>admodum</span> <span class='ocrx_word' id='word_1_962' title='bbox 2972 5620 3214 5703; x_wconf 72' lang='lat' dir='ltr'>difﬁcile</span> <span class='ocrx_word' id='word_1_963' title='bbox 3245 5634 3354 5695; x_wconf 89' lang='lat' dir='ltr'>est,</span> <span class='ocrx_word' id='word_1_964' title='bbox 3381 5620 3558 5703; x_wconf 79' lang='lat' dir='ltr'>hujus</span> <span class='ocrx_word' id='word_1_965' title='bbox 3577 5648 3678 5687; x_wconf 86' lang='lat' dir='ltr'>au-</span> 
     </span>
    </p>
   </div>
   <div class='ocr_carea' id='block_1_136' title="bbox 2034 5691 3677 5765">
    <p class='ocr_par' dir='ltr' id='par_1_136' title="bbox 2034 5691 3677 5765">
     <span class='ocr_line' id='line_1_142' title="bbox 2034 5691 3677 5765; baseline 0.006 -16"><span class='ocrx_word' id='word_1_966' title='bbox 2034 5700 2152 5749; x_wconf 91' lang='lat' dir='ltr'>tem</span> <span class='ocrx_word' id='word_1_967' title='bbox 2185 5696 2537 5765; x_wconf 79' lang='lat' dir='ltr'>potestatem</span> <span class='ocrx_word' id='word_1_968' title='bbox 2569 5691 2749 5748; x_wconf 91' lang='lat' dir='ltr'>habet</span> <span class='ocrx_word' id='word_1_969' title='bbox 2777 5695 2944 5752; x_wconf 86' lang='lat' dir='ltr'>Jesus</span> <span class='ocrx_word' id='word_1_970' title='bbox 2975 5697 3241 5754; x_wconf 88' lang='lat' dir='ltr'>Christus</span> <span class='ocrx_word' id='word_1_971' title='bbox 3290 5691 3426 5759; x_wconf 82' lang='lat' dir='ltr'>vera</span> <span class='ocrx_word' id='word_1_972' title='bbox 3459 5691 3677 5759; x_wconf 41' lang='lat' dir='ltr'>“nostra</span> 
     </span>
    </p>
   </div>
   <div class='ocr_carea' id='block_1_137' title="bbox 2035 5763 2898 5840">
    <p class='ocr_par' dir='ltr' id='par_1_137' title="bbox 2035 5763 2898 5840">
     <span class='ocr_line' id='line_1_143' title="bbox 2035 5763 2898 5840; baseline 0.003 -19"><span class='ocrx_word' id='word_1_973' title='bbox 2035 5766 2171 5826; x_wconf 83' lang='lat' dir='ltr'>vita.</span> <span class='ocrx_word' id='word_1_974' title='bbox 2186 5763 2236 5816; x_wconf 61' lang='lat'>3:</span> <span class='ocrx_word' id='word_1_975' title='bbox 2275 5763 2364 5824; x_wconf 70' lang='lat' dir='ltr'>Ad</span> <span class='ocrx_word' id='word_1_976' title='bbox 2395 5763 2654 5836; x_wconf 78' lang='lat' dir='ltr'>Smyrn.,</span> <span class='ocrx_word' id='word_1_977' title='bbox 2680 5780 2810 5840; x_wconf 85' lang='lat' dir='ltr'>cap.</span> <span class='ocrx_word' id='word_1_978' title='bbox 2841 5767 2898 5824; x_wconf 70' lang='grc'>4.</span> 
     </span>
    </p>
   </div>
  </div>
