4030 6212
270 425 389 484 593

1455 419 1555 479 DE
1602 413 2002 478 DOCTBJNA
2045 413 2107 474 S.
2156 410 2478 473 IGNATII.

3559 410 3680 469 594

267 558 558 613 sationem
589 556 692 611 Dei
727 573 798 611 ex
824 555 1053 610 semine
1085 553 1339 618 Davidis,
1371 569 1440 608 ex
1470 551 1690 622 Spiritu
1722 553 1919 604 autem
1948 548 2003 615 Α
2033 545 2254 602 sulsam
2287 544 2750 616 propositionem
2783 542 3123 614 assignabit.
3158 544 3451 598 Praaterea
3490 543 3537 598 si
3569 543 3676 598 da-

266 653 496 703 sancto.
525 669 552 695 »
575 648 640 701 In
665 645 872 702 eadem
907 645 1180 716 epistola,
1206 660 1255 697 c.
1287 646 1382 697 l9:
1406 637 1539 695 Θεοῦ
1569 636 1920 712 ἀνθρωπίνως

266 734 672 808 φανερουμένου
708 733 783 794 εἷς
812 733 1108 800 καινότητα
1138 728 1314 785 ἀϊδίου
1358 735 1524 799 ζωῆς,
1582 751 1610 778 ‹‹
1644 730 1760 782 Deo
1811 729 1924 782 hu-

265 827 532 881 manitus
552 825 636 889 (id
657 832 748 880 est
767 826 829 879 in
845 825 1104 879 humana
1117 823 1314 892 carne)
1340 820 1717 875 manifestato
1737 818 1797 871 in
1814 834 1918 872 no-

266 917 511 971 vitatem
541 915 672 968 vitae
704 919 962 969 aeternae.
996 935 1024 963 »
1079 916 1143 966 Et
1187 929 1237 966 c.
1279 913 1347 964 2O
1380 928 1393 965 :
1449 931 1476 959 υ
1507 910 1646 963 Jesu
1689 907 1918 962 Christo

265 1004 599 1060 secundum
631 1020 873 1060 carnem
905 1020 973 1058 ex
1005 1018 1218 1074 genere
1254 999 1512 1065 Davidis,
1545 998 1691 1054 Filio
1729 997 1919 1051 homi-

263 1095 378 1161 nis,
416 1099 476 1149 et
507 1093 655 1148 Filio
686 1093 810 1161 Dei,
845 1114 872 1141 »
902 1094 980 1160 τῷ
1011 1091 1120 1160 Υἱῷ
1152 1088 1465 1163 ἀνθρώπου,
1497 1086 1584 1141 καὶ
1618 1085 1730 1155 Υἱῷ
1759 1088 1917 1142 Θεοῦ.

259 1184 324 1238 In
348 1183 744 1254 inscriptione
769 1182 1030 1254 epistelaa
1056 1181 1130 1236 ad
1156 1183 1454 1236 Romanos
1468 1179 1636 1232 Iesus
1649 1176 1918 1230 Christus

261 1273 350 1328 bis
383 1273 413 1326 ὁ
444 1271 579 1332 Θεὸς
609 1273 796 1343 ἡμῶν,
830 1293 857 1321 ‹‹
891 1273 1045 1326 Deus
1075 1276 1280 1326 noster
1313 1292 1339 1318 »
1373 1267 1725 1339 appellatur.
1758 1267 1827 1318 Et
1856 1265 1916 1318 in

259 1363 388 1434 ipsa
420 1361 677 1434 epistola
706 1361 819 1434 (49)
853 1362 980 1416 haec
1011 1360 1344 1415 habentur:
1368 1379 1392 1409 α
1414 1359 1556 1412 Nam
1579 1357 1746 1410 Jesus
1761 1352 1917 1407 Chri-

257 1457 381 1505 stus
411 1452 574 1506 Deus
604 1455 808 1506 noster
827 1451 890 1504 in
912 1451 1082 1504 Patre
1103 1449 1360 1504 existens
1383 1446 1569 1518 magis
1590 1448 1854 1516 apparet.
1886 1464 1914 1491 »

260 1540 594 1610 Epistolam
626 1539 699 1594 ad
718 1539 1054 1609 Smyrnmos
1084 1538 1178 1593 his
1209 1537 1403 1592 verbis
1421 1533 1725 1590 exorditur
1748 1551 1761 1587 :
1789 1531 1918 1587 Glo-

259 1627 426 1682 rifico
458 1629 660 1682 Jesum
699 1627 996 1681 Christum
1030 1628 1214 1681 Deum
1245 1624 1356 1692 (τὸν
1415 1621 1569 1693 Θεὸν)
1617 1645 1646 1672 ‹‹
1681 1621 1781 1693 qui
1832 1621 1918 1676 sic

257 1733 354 1772 vos
388 1716 693 1788 sapientes
724 1715 884 1771 facit.
922 1737 950 1765 »
973 1715 1087 1770 Sed
1109 1715 1358 1770 illustris
1376 1729 1506 1768 esse
1523 1713 1585 1767 in
1607 1711 1914 1782 primislo-

258 1823 362 1861 cus
395 1807 460 1861 in
493 1805 748 1878 epistola
778 1805 852 1861 ad
880 1805 1189 1877 Ephesios,
1220 1804 1319 1858 ubi
1354 1803 1425 1858 de
1458 1803 1686 1858 Christo
1710 1801 1794 1856 sic
1823 1800 1914 1854 lo-

2031 652 2254 689 remus.
2289 634 2580 700 lgnatium
2613 633 2673 686 in
2705 632 3123 686 munitioribus
3146 632 3501 701 quibusdam
3525 650 3558 688 a
3581 633 3678 686 do-

2032 724 2223 778 ctrina
2255 723 2581 792 apostolica
2611 720 2880 776 nonnihil
2927 720 3237 776 deﬂexisse
3269 736 3282 784 ;
3315 721 3523 775 ideone
3577 737 3677 775 ve-

2029 811 2280 866 risimile
2312 811 2545 865 cuidam
2577 811 2759 864 videri
2803 815 3020 880 posset,
3072 810 3267 881 ipsum
3318 810 3377 862 in
3425 809 3673 864 articulo

2030 900 2168 955 ﬁdei
2199 901 2545 956 Christianas
2581 901 2724 955 tanti
2759 901 3043 955 momenti
3075 907 3195 955 tam
3219 901 3472 970 turpiter
3492 899 3673 954 fuisse

2028 991 2320 1046 illusum?
2351 991 2750 1060 Quisquamne
2783 996 2892 1056 est,
2926 990 3024 1059 qui
3044 990 3134 1043 vel
3159 991 3490 1060 suspicetur
3513 989 3676 1058 Igna-

2030 1081 2200 1146 tium,
2235 1080 2335 1150 qui
2369 1096 2488 1134 una
2527 1096 2659 1134 cum
2685 1080 2820 1133 Jesu
2851 1079 3064 1137 Christi
3098 1078 3380 1148 apostolis
3435 1085 3556 1132 tam
3588 1077 3674 1131 fa-

2029 1169 2342 1224 miliariter
2371 1173 2638 1223 versatus
2671 1173 2776 1234 est,
2813 1183 3109 1238 quemque
3140 1166 3472 1237 apostolica?
3535 1165 3673 1220 fidei

2028 1267 2350 1331 martyrem
2381 1260 2561 1315 fuisse
2586 1259 2860 1314 universa
2880 1257 3061 1312 tradit
3080 1256 3424 1326 antiquitas,
3448 1273 3481 1310 a
3505 1271 3675 1326 pseu-

2027 1349 2405 1421 do-apostolo
2456 1349 2516 1402 in
2576 1348 2860 1419 primaria
2915 1345 3350 1401 Christianismi
3409 1344 3676 1399 doctrina

2027 1439 2340 1512 deceptum
2371 1439 2552 1494 fuisse
2583 1438 2611 1492 ‘I

2501 1528 2700 1584 Credat
2726 1527 2946 1583 Judzus
2974 1528 3197 1598 Apella.

2309 1619 2428 1673 Non
2457 1633 2623 1685 ego...

2023 1723 2372 1778 Temeraria;
2403 1738 2539 1794 ergo
2572 1722 2690 1776 illae
2722 1723 3044 1794 impiorum
3075 1722 3386 1776 nominum
3421 1737 3672 1792 respon-

2022 1813 2220 1866 siones
2252 1810 2636 1882 explodendaa
2669 1815 2827 1878 sunt,
2860 1811 3033 1880 eique
3065 1810 3347 1864 dectrinm
3377 1809 3671 1864 inhaeren-

265 1896 472 1966 quitur
536 1895 846 1966 Ignatius:
907 1891 1002 1953 Εἷς
1057 1890 1261 1964 Ἱατρός
1320 1888 1454 1956 ἐστι,
1512 1889 1768 1963 σαρκικὸς
1820 1887 1904 1940 καὶ

2022 1901 2184 1969 dum,
2215 1917 2321 1971 pro
2353 1917 2471 1970 qua
2500 1917 2619 1954 non
2651 1899 2844 1954 solum
2893 1899 3176 1969 Ignatius,
3219 1897 3322 1952 sed
3367 1897 3668 1952 innumeri

256 1982 652 2055 πνευματικὸς,
737 1981 1021 2057 γεννητὸς,
1105 1980 1195 2034 καὶ
1275 1977 1592 2055 ἀγὲννητος,
1653 1975 1704 2031 ἐν
1755 1975 1913 2049 σαρκὶ

255 2071 557 2144 γενόμενος
615 2070 766 2140 Θεὸς,
825 2069 876 2123 ἐν
936 2068 1149 2140 Θανάτῳ
1209 2067 1322 2136 ζωὴ
1379 2064 1640 2136 ἀληθινὴ,
1698 2064 1789 2119 καὶ
1856 2063 1914 2119 ἐκ

254 2161 490 2236 Μαρίας,
563 2161 657 2216 καὶ
718 2160 778 2215 ἐκ
837 2164 993 2228 Θεοῦ,
1051 2163 1266 2234 πρῶτον
1307 2158 1574 2228 παθητὸς,
1642 2157 1731 2210 καὶ
1792 2157 1914 2209 τότε

257 2251 498 2321 ἀπαθὴς,
533 2251 746 2320 Ἰησοῦς
779 2249 1015 2323 Χριστὸς
1049 2250 1076 2302 ὁ
1110 2252 1308 2322 Κυριος
1358 2250 1540 2318 ἡμῶν.
1594 2270 1620 2296 ‹‹
1656 2246 1913 2302 Medicus

255 2349 456 2397 autem
491 2358 650 2397 unus
683 2346 792 2408 est,
827 2347 885 2395 et
911 2339 1168 2395 carnalis
1197 2341 1250 2393 ei
1281 2337 1627 2409 spiritualis,
1681 2336 1912 2390 oenitus

254 2438 309 2486 et
329 2431 643 2503 ingenitus
664 2431 792 2501 (seu
815 2429 1072 2498 melius),
1103 2429 1215 2500 (50)
1246 2427 1436 2482 factus
1458 2433 1515 2481 et
1545 2443 1664 2481 non
1697 2427 1909 2491 factus,

254 2521 314 2574 in
354 2521 609 2575 homine
641 2519 898 2574 existens
924 2520 1097 2583 Deus,
1131 2519 1191 2573 in
1225 2524 1412 2573 morte
1443 2518 1560 2571 vita
1578 2533 1734 2584 vera,
1760 2521 1818 2570 et
1839 2531 1912 2569 ex

252 2611 459 2676 Maria,
486 2614 549 2663 et
574 2624 646 2662 ex
669 2609 810 2673 Deo,
833 2609 1092 2679 primum
1116 2607 1418 2678 passibilis
1449 2613 1506 2662 et
1539 2613 1676 2661 tunc
1699 2607 1912 2676 impas-

253 2699 442 2753 sibilis
471 2699 645 2753 Iesus
677 2697 963 2762 Christus,
1009 2698 1292 2751 Dominus
1343 2703 1563 2752 noster.
1602 2718 1629 2746 »
1689 2697 1821 2750 Haec
1851 2694 1907 2750 S.

251 2787 463 2856 lgnatii
497 2786 677 2841 verba
706 2786 778 2840 ab
809 2786 1151 2852 Athanasio,
1183 2786 1548 2840 Theodoreto
1589 2792 1647 2840 et
1677 2783 1909 2840 Gelasio

251 2882 463 2931 contra
506 2876 783 2946 antiquos
841 2875 1165 2929 divinitatis
1216 2875 1431 2929 Christi
1465 2874 1908 2946 impugnatores

248 2967 432 3021 citata
492 2966 658 3021 illam
692 2966 902 3020 invicte
936 2965 1254 3034 explicant,
1290 2972 1408 3019 uta
1436 2965 1601 3020 nullo
1624 2966 1909 3019 hactenus

245 3056 548 3110 inﬁrmari
579 3070 845 3124 unquam
878 3054 1200 3124 potuerint.
1236 3054 1631 3118 Quamobrem
1665 3053 1909 3124 quidam

241 3163 270 3200 e
297 3144 762 3200 Socinianorum
787 3150 946 3198 secta
970 3142 1309 3198 Neotericus
1329 3144 1598 3212 scriptor,
1629 3159 1763 3197 cum
1789 3143 1906 3197 cla-

2021 1994 2312 2058 martyres
2344 1988 2690 2058 sanguinem
2723 2003 2894 2040 suum
2944 1986 3277 2041 constantia
3329 1983 3667 2040 admirabili

2019 2078 2317 2149 planeque
2348 2075 2546 2130 divina
2577 2075 2984 2146 profuderunt.

2090 2168 2381 2227 Caeterum
2415 2164 2694 2219 omnibus
2751 2163 2922 2219 facile
2970 2163 3310 2232 innotescit,
3358 2163 3667 2231 hucusque

2019 2255 2272 2327 allegata
2294 2255 2347 2308 S.
2371 2254 2580 2324 Ignatii
2605 2253 2735 2309 loca
2760 2271 2926 2324 aeque
2949 2269 3209 2325 pugnare
3233 2269 3338 2324 pro
3359 2253 3667 2308 divinitate

2019 2343 2356 2405 Salvatoris,
2388 2359 2494 2412 pro
2525 2343 2754 2398 unitate
2786 2342 2913 2412 ejus
2945 2359 3234 2414 personaa,
3281 2359 3387 2412 pro
3438 2341 3665 2396 duabus

2020 2434 2149 2503 ejus
2181 2433 2434 2494 naturis,
2468 2448 2535 2486 ac
2596 2449 2701 2502 pro
2762 2432 2961 2486 divina
3011 2432 3204 2486 Marias
3263 2431 3663 2487 maternitate.

2017 2524 2255 2577 Fatetur
2276 2521 2436 2576 enim
2461 2544 2486 2570 ››
2514 2522 2714 2576 Iesum
2736 2521 3030 2576 Chrisium
3054 2537 3254 2576 verum
3281 2521 3463 2574 Deum
3485 2518 3665 2574 simul

2019 2629 2146 2669 esse
2178 2627 2246 2666 ac
2276 2628 2476 2666 verum
2511 2612 2836 2675 hominem,
2881 2616 3146 2666 creatum
3204 2615 3260 2664 et
3307 2610 3657 2676 increatum,

2017 2701 2294 2771 Deumin
2324 2701 2568 2755 homine
2600 2701 3007 2763 exsistentem,
3041 2701 3103 2754 in
3134 2705 3323 2753 morte
3354 2698 3533 2753 vitam
3565 2714 3662 2751 ve-

2015 2790 2272 2859 ram,Dei
2292 2789 2503 2843 Filium
2518 2789 2675 2843 Patri
2695 2805 2800 2843 suo
2821 2787 3514 2858 coaaternum,semperin
3531 2787 3658 2856 ipso

2015 2884 2074 2932 et
2095 2896 2227 2934 cum
2248 2879 2374 2950 ipso
2399 2875 3509 2948 exsistentem,potentiaaequalemsed
3529 2874 3662 2928 sub-

2008 2968 2425 3039 jectumjuxta
2450 2971 2779 3034 caruem,et
2801 2973 3081 3037 tanquam
3105 2966 3298 3020 Mariae
3320 2965 3506 3018 lilium
3526 2966 3657 3033 (51),

2017 3075 2151 3112 eum
2187 3073 2389 3112 revera
2419 3062 2720 3111 mortuum
2766 3073 2916 3123 esse,
2975 3061 3034 3110 et
3075 3055 3488 3121 resurrexisse,
3523 3053 3661 3108 nul-

2015 3147 2252 3216 lamque
2285 3145 2412 3200 sine
2447 3145 2573 3216 ipso
2613 3145 2822 3199 salutis
2862 3162 3024 3216 spem
3081 3143 3254 3198 nobis
3301 3159 3610 3214 superesse
3645 3158 3659 3208 ;

243 3236 491 3290 ritatem
524 3233 774 3304 hujusce
803 3232 1129 3288 testimonii
1160 3231 1342 3286 nullis
1373 3232 1569 3303 impia;
1587 3231 1803 3286 mentis
1821 3248 1909 3287 ar-
1937 3279 1980 3345 C
2015 3235 2346 3307 principem
2378 3250 2514 3288 vero
2557 3234 2736 3305 hujus
2794 3233 3000 3288 mundi
3061 3234 3172 3304 (52)
3235 3232 3362 3304 ejus
3407 3237 3664 3286 mortem

243 3325 397 3345 12L---
442 3323 758 3345 -L-_....-_-
792 3327 988 3345 _.--_-L
1049 3338 1109 3345 Α-
1168 3321 1326 3345 -.Α-..ξι
1381 3321 1762 3345 2.....--Διυηιεμ
1837 3326 1899 3345 .-Α
2008 3323 2163 3345 ---ἰηιι
2194 3329 2243 3345 ,ι
2277 3323 2466 3345 lt.._2_
2500 3322 2896 3345 --ι..-ε..;ι-ι--.
2937 3338 2997 3345 Α-
3022 3327 3252 3345 ...ι-1--..-
3280 3321 3578 3345 ἔκηΑ-ηη--
3627 3340 3652 3345 .-

236 3325 401 3380 tibus
436 3323 762 3378 obscurare
792 3327 1011 3394 posset,
1045 3338 1113 3376 eo
1168 3321 1330 3375 venit
1381 3321 1786 3391 impudentia),
1837 3326 1903 3375 ut

239 3414 512 3468 scribere
545 3427 724 3466 ausus
765 3412 887 3466 sit:
940 3412 1005 3465 In
1062 3411 1271 3483 Ignatii
1319 3410 1585 3482 epistolis
1633 3410 1902 3482 proposi-

242 3505 447 3558 tiones
479 3500 771 3572 quasdam
800 3500 1209 3555 incommodas
1239 3506 1297 3554 et
1327 3500 1583 3556 insulsas
1631 3501 1900 3572 reperiri,

243 3607 312 3645 ac
340 3588 605 3661 proinde
637 3603 772 3642 eum
801 3588 862 3643 in
893 3603 1000 3642 sua
1031 3587 1104 3642 de
1147 3587 1360 3641 Christi
1407 3588 1710 3644 divinitate
1764 3606 1901 3644 sen-

247 3681 442 3734 tentia
468 3677 642 3733 facile
675 3676 864 3748 decipi
898 3678 1162 3748 potuisse
1193 3693 1263 3730 ex
1295 3676 1610 3732 traditione
1650 3678 1902 3749 alicujus

245 3766 754 3839 pseudo-Christi,
784 3772 841 3820 et
869 3764 1390 3836 pseudo-apostoli.
1424 3766 1535 3820 Sed
1565 3765 1762 3820 nullus
1790 3783 1904 3820 un-

242 3873 432 3926 quam
463 3857 529 3910 in
556 3855 879 3926 lgnatianis
910 3853 1175 3925 epistolis
1208 3853 1645 3908 incommodam
1677 3860 1777 3908 aut
1807 3855 1899 3908 in-

312 4010 435 4082 (i9)
565 4007 669 4083 γὰρ
702 4007 827 4083 θεὸς
853 4008 1033 4083 ἢμιᾷ)νῄ
1079 4008 1292 4083 Ἰησρῦῖς
1350 4004 1586 4083 Χριστὸς
1637 4003 1687 4083 ἐν
1731 4007 1895 4083 "uagi

237 4075 336 4146 div,
376 4075 603 4150 μᾶλλον
637 4075 907 4150 ῲαίνεταιῘ
933 4079 1113 4150 Epist.
1147 4075 1218 4135 ad
1252 4075 1441 4140 Rom.,
1475 4095 1530 4150 c.
1559 4081 1609 4132 3.
1643 4080 1706 4132 In
1739 4075 1900 4132 salti-

237 4098 336 4146 ων,
376 4098 603 4150 μαΑΑον
637 4099 894 4150 caruerat.
933 4098 973 4134 is
1021 4098 1113 4136 iSt.
1147 4098 1218 4135 aa
1253 4098 1441 4140 nom.,
1475 4098 1524 4132 c.
1559 4098 1609 4132 δ.
1643 4098 1706 4132 ιη
1739 4098 1900 4132 satu-

232 4153 473 4233 tatione
506 4151 778 4233 epistolae
803 4151 874 4233 ad
898 4098 1361 4233 Epiiesiosjpsos
1377 4149 1828 4233 przedesti‘natos
1843 4155 1902 4233 et

236 4224 470 4277 electos
505 4219 686 4277 dicit:
721 4224 806 4278 Ἐν
847 4219 1115 4294 θελῆματι
1167 4219 1262 4275 τοῦ
1320 4219 1528 4290 Ηὰτρὸς
1575 4220 1664 4272 καὶ
1717 4221 1898 4290 Ἰησοῦ

231 4294 483 4365 Χριστοῦ
514 4298 613 4347 to;
646 4297 778 4347 Θεοῦ
803 4295 962 4365 ἡμῶν
993 4311 1006 4349 :
1043 4317 1068 4343 «
1106 4294 1414 4348 Voluntate
1447 4294 1636 4348 Patris
1669 4298 1726 4346 et
1761 4294 1898 4348 Jesu

232 4313 273 4349 Α
321 4313 483 4347 acroi)
514 4313 613 4347 του
646 4313 778 4347 υεου
803 4313 962 4365 ημων
993 4313 1006 4349 :
1043 4317 1068 4343 ‹‹
1114 4313 1414 4348 νοιωηίιιθ
1447 4313 1636 4348 γειιτιδ
1669 4313 1726 4346 ει
1761 4313 1893 4348 Jesu

232 4313 602 4451 Christipei
632 4367 837 4420 nostri.
875 4386 897 4417 ι
934 4367 998 4451 In
1033 4366 1202 4451 epist.
1238 4365 1315 4448 ad
1363 4368 1552 4451 Rom,
1586 4383 1634 4419 c.
1684 4367 1740 4447 ρ,
1766 4365 1893 4451 Ξὶῐξ

234 4435 606 4510 Ἐπιτρὲψατέ
640 4457 730 4508 μοι
767 4437 1016 4509 μιμητὴν
1047 4435 1185 4488 εἶναι
1222 4439 1320 4488 τοῦ
1374 4435 1575 4496 πάθους
1616 4437 1896 4510 106-8505

253 4456 606 4563 tangant;
640 4457 730 4508 μοι
767 4456 1016 4509 μιμητην
1047 4456 1185 4488 uva:
1222 4456 1320 4488 του
1374 4456 1575 4496 παυους
1616 4456 1712 4489 του
1761 4456 1892 4488 υεςυ

238 4528 370 4577 μουῑ
429 4509 683 4564 onccdite
704 4511 838 4564 mihi
860 4510 1192 4563 imitatorem
1214 4523 1322 4562 esse
1341 4508 1615 4578 passionis
1647 4505 1746 4560 Dei
1767 4509 1892 4562 mei.

229 4581 295 4636 In
328 4582 463 4636 ﬁne
497 4580 764 4652 epistolae
795 4580 867 4635 ad
899 4579 1315 4652 Polycarpum:
1352 4579 1548 4652 «Opto
1580 4594 1678 4652 vos
1700 4579 1895 4652 valere

231 4669 490 4739 semper
514 4645 579 4707 ih
631 4653 764 4739 D‘eo‘
795 4645 1020 4739 nostqu
1055 4645 1205 4739 {es—1’1.
1249 4645 1500 4739 Christo,
1536 4671 1582 4734 ν’
1624 4645 1889 4739 egissem:

229 4719 388 4796 ὑμᾶς’
403 4721 501 4776 διὰ
519 4723 720 4784 πκντὸς
746 4721 796 4776 ἐν
833 4723 1128 4796 ΘεῷᾹὴμῶν
1168 4722 1350 4796 ’17]ᾳοῦ
1379 4721 1595 4793 Χριστῷ
1613 4719 1894 4796 Δεὔχομαι..

297 4797 427 4867 (50)
458 4796 688 4864 Merito,
748 4790 1129 4868 γεννηέόζκαὶ
1174 4790 1493 4868 ἀγέννητὸς,
1541 4815 1568 4841 ‹‹
1603 4790 1790 4868 factus
1842 4798 1900 4868 et

223 4865 349 4922 non
376 4868 578 4924 factus
599 4890 627 4915 ν»
651 4865 786 4922 cum
801 4866 1032 4921 Gelasio
1054 4865 1900 4937 Papainterpretamur,siqui-

227 4939 372 4994 dem
412 4955 626 4994 sensus
654 4939 712 4993 id
744 4938 1044 5010 efflagitat,
1080 4944 1137 5010 et
1169 4937 1546 5010 notissimum
1575 4942 1664 4990 est
1695 4953 1728 4989 a
1751 4937 1897 5010 Gree-

223 5013 313 5066 cis
356 5027 537 5065 voces
566 5007 913 5093 ysvvrjrdcet
940 5007 1164 5093 γεγηξός
1206 5009 1541 5090 promiscue
1595 5007 1892 5093 usurpari,

223 5079 590 5153 quanquam
637 5079 1024 5153 ecclesiastici
1068 5079 1222 5135 fere’
1248 5080 1565 5150 scriptores
1595 5079 1892 5153 catholici,

223 5151 574 5224 praesertim
609 5153 707 5224 qui
743 5158 872 5224 post
891 5152 1128 5224 tertium
1153 5153 1435 5206 saeculum
1460 5151 1748 5224 Vixeruni,
1774 5167 1897 5224 cas-

225 5221 372 5280 dem
414 5226 474 5280 in
508 5221 836 5295 quaestione
867 5223 940 5278 de
971 5223 1423 5295 Filiidivinﬁitate
1447 5223 1782 5295 accuratius
1809 5221 1894 5295 dif

222 5293 602 5352 stinxerunt.
639 5296 881 5351 Accedit
909 5296 1066 5367 quod
1107 5312 1212 5350 vox
1264 5294 1524 5366 ἀγένητος
1571 5293 1681 5348 soli
1733 5293 1892 5347 Patri

223 5376 443 5440 utpote
479 5369 743 5440 ingenito
777 5373 1107 5438 competat;
1140 5383 1325 5440 quare
1355 5367 1612 5437 lgnatius
1643 5382 1762 5440 non
1795 5381 1893 5440 po-

223 5437 346 5518 tuit.
382 5437 718 5518 intelligere
738 5462 763 5487 ‹‹
783 5437 1047 5510 genitum
1065 5446 1123 5492 et
1137 5437 1662 5518 inge_nitum,_»_qui
1688 5437 1744 5490 in
1765 5437 1891 5518 cpi-3

220 5513 392 5567 stola
423 5511 498 5566 ad
527 5507 853 5566 TFalhanos
884 5526 983 5564 eos
1019 5507 1371 5578 exsecratur,
1407 5511 1507 5579 qui
1539 5507 1750 5562 Filium
1786 5507 1890 5579 Dei

221 5583 449 5638 dicunt
477 5582 755 5655 ἀγὲειητρν,
774 5605 800 5627 η
820 5582 1147 5655 ingenitum
1167 5605 1191 5628 n
1207 5582 1358 5655 Quis
1374 5578 1493 5655 non
1517 5580 1672 5655 videt
1689 5578 1894 5655 prmfa:

219 5656 301 5710 tis
328 5650 549 5727 Ignati'i
574 5650 766 5727 verbis
786 5650 1016 5708 Arianae
1035 5653 1417 5727 blasphemiae
1432 5651 1706 5723 jugulum
1731 5650 1891 5727 peti?

219 5722 468 5799 Quippe
501 5727 599 5782 hic
630 5725 896 5799 Christus
940 5741 1059 5778 non
1120 5722 1319 5799 m’odo_
1354 5722 1526 5778 Deus
1551 5722 1892 5799 agnoscitur

222 5792 373 5856 νει-ἑ
395 5792 786 5864 immortalis,
820 5795 879 5849 in
915 5812 1090 5851 carne
1123 5795 1423 5867 quondam
1475 5792 1708 5867 mortali
1737 5808 1749 5858 ;
1784 5792 1887 5867 sed

219 5887 358 5929 non
396 5869 610 5940 factus,
643 5869 755 5925 hoc
785 5873 876 5924 est
905 5865 1201 5924 increatus
1251 5866 1469 5921 diserte
1517 5865 1753 5921 dicitur.
1803 5865 1890 5920 Ita

2008 3323 2166 3379 velut
2187 3329 2247 3378 et
2277 3323 2470 3378 Marias
2500 3322 2901 3394 virginitatem
2934 3338 3000 3378 ac
3022 3327 3256 3393 partum
3280 3321 3602 3392 ignorasse.
3627 3340 3656 3370 »

2084 3413 2379 3467 Unitatem
2412 3427 2682 3482 personas
2713 3411 2774 3465 in
2809 3411 3004 3482 specie
3036 3411 3292 3482 probant
3321 3409 3422 3465 illa
3452 3409 3664 3480 lgnatii

2013 3501 2191 3556 verba
2221 3499 2295 3554 ad
2327 3499 2734 3567 Magnesianos
2764 3500 2910 3569 (53):
2944 3522 2971 3549 ‹‹
3006 3500 3223 3554 Omnes
3255 3498 3658 3553 concurrite...

2011 3591 2171 3644 velut
2198 3588 2272 3644 ad
2299 3604 2483 3643 unum
2514 3589 2711 3642 Jesum
2743 3588 3064 3654 Christum,
3095 3587 3196 3656 qui
3228 3591 3286 3640 et
3315 3585 3387 3640 ab
3406 3603 3523 3639 uno
3547 3587 3656 3640 Pa-

2013 3685 2101 3732 tre
2131 3677 2349 3748 prodit,
2384 3683 2442 3731 et
2473 3676 2531 3729 in
2562 3693 2681 3730 uno
2732 3677 2982 3744 exsistit,
3014 3681 3071 3730 et
3100 3677 3160 3729 in
3189 3691 3374 3730 unum
3410 3674 3654 3727 reverti-

2012 3772 2126 3821 tur.
2160 3787 2188 3816 »
2225 3767 2376 3820 Duas
2405 3765 2624 3834 ubique
2654 3767 2787 3818 Jesu
2820 3766 3034 3818 Christi
3064 3770 3304 3818 naturas
3334 3764 3415 3816 ita
3435 3778 3656 3817 memo-

2011 3861 2099 3910 rat
2119 3857 2224 3925 (54)
2248 3860 2314 3908 ιιι
2336 3870 2435 3908 eas
2458 3869 2664 3923 reapse
2689 3855 2844 3907 inter
2872 3870 2933 3908 se
2956 3854 3263 3908 distinctas
3286 3868 3435 3916 esse,
3457 3867 3652 3923 nequo

2010 4014 2272 4080 mentem
2306 4009 2369 4062 D.
2404 4007 2866 4080 Ignatiioptime
2900 4011 3212 4080 expressit,
3241 4008 3536 4078 simulque
3554 4025 3654 4064 vo-

2009 4081 2092 4136 cis
2126 4079 2381 4154 iyévrfcoc:
2417 4077 2551 4154 (sive
2604 4077 2924 4154 ᾲγὲνντ,τος,
2975 4077 3150 4152 prout
3199 4098 3266 4136 ea
3297 4097 3329 4135 a
3359 4077 3653 4136 veteribus

2008 4151 2290 4222 usurpata
2317 4152 2551 4224 legitur,
2587 4151 2880 4222 duplicem
2934 4151 3335 4224 acceptionem
3383 4159 3654 4207 accurate

2009 4224 2280 4278 distinxit
2311 4225 2380 4278 M.
2418 4222 2795 4292 Athanasius,
2825 4241 3002 4294 quem
3036 4222 3278 4279 consule
3312 4223 3372 4277 in
3403 4225 3554 4279 libro
3580 4225 3656 4278 De

2005 4295 2246 4365 synodis,
2282 4299 2423 4349 tom.
2458 4295 2500 4361 l,
2535 4311 2589 4364 p.
2624 4299 2746 4349 922.

2081 4366 2192 4438 (51)
2221 4385 2246 4416 α
2272 4365 2552 4420 Obturate
2566 4383 2738 4421 aures
2756 4373 2998 4435 vestras,
3023 4385 3153 4423 cum
3178 4367 3338 4421 vobis
3358 4367 3655 4436 quispiam

2006 4437 2283 4520 loquitur_
2299 4437 2427 4520 sine
2458 4438 2592 4518 Jesu
2633 4439 2885 4520 Christo,
2921 4440 3019 4510 qui
3050 4457 3123 4520 ex
3156 4439 3646 4520 genereDavidis,

2007 4509 2106 4580 qui
2137 4525 2206 4563 ex
2238 4509 2436 4576 Maria,
2471 4509 2570 4577 qui
2602 4526 2737 4563 vero
2771 4509 2953 4564 natus
2977 4517 3084 4574 est,
3120 4510 3261 4577 edit,
3315 4509 3483 4578 bibit,
3517 4525 3650 4562 vere

2005 4581 2478 4651 persecutionem
2513 4596 2722 4650 passus
2754 4587 2841 4635 est
2871 4582 2978 4636 sub
3012 4582 3220 4635 Pontio
3252 4579 3440 4651 Pilato
3467 4595 3647 4651 rvere

2004 4650 2318 4706 cruciﬁxus
2351 4657 2409 4705 et
2437 4657 2707 4706 mortuus
2739 4659 2846 4712 est.
2900 4652 3236 4706 videntibus
3286 4650 3646 4715 coelestibus,

2005 4722 2382 4794 terrestribus
2409 4725 2466 4776 et
2495 4722 2930 4794 subterraneis;
2965 4725 3064 4794 qui
3091 4731 3147 4777 et
3169 4721 3652 4794 vereresurrexit

2002 4811 2037 4849 a
2066 4793 2324 4865 mortuis
2344 4793 2735 4865 resuscitante
2771 4795 2963 4865 ipsum
2985 4793 3184 4849 ’Patre
3217 4793 3404 4864 ipsius
3436 4808 3652 4848 secun-

2003 4867 2142 4920 dum
2175 4863 2650 4938 similitudinem.
2680 4863 2879 4938 quaet
2911 4883 3016 4919 nos
3045 4867 3155 4938 ipsi
3208 4863 3518 4919 credentes
3572 4864 3654 4918 ita

2001 4935 2376 5007 resuscitabit
2406 4936 2580 5007 Pater
2611 4936 2672 4989 in
2704 4937 2934 4990 Christo
2964 4935 3122 5004 Jesu,
3155 4938 3280 4992 sine
3314 4953 3430 5007 quo
3455 4951 3648 4990 veram

2001 5010 2178 5062 vitam
2212 5023 2328 5060 non
2362 5006 2710 5059 habemus.»
2744 5007 2923 5077 Epist.
2959 5008 3032 5062 ad
3062 5006 3408 5065 Trallianos.
3435 5025 3562 5075 cap.
3593 5010 3644 5059 9.

2073 5083 2180 5145 (52)
2217 5102 2236 5125 α
2277 5077 2609 5146 Principem
2644 5077 2824 5148 hujus
2868 5080 3073 5133 mundi
3125 5081 3296 5134 fatuit
3348 5079 3651 5148 virginitas

2000 5151 2214 5216 Marize,
2249 5154 2306 5203 et
2336 5155 2538 5220 partus
2570 5150 2754 5220 ipsius
2787 5152 3080 5219 similiter,
3135 5159 3191 5205 et
3236 5168 3393 5205 mors
3451 5148 3646 5203 Domi-

1995 5223 2082 5290 ni,
2119 5223 2227 5275 tria
2260 5221 2540 5291 mysteria
2569 5221 2864 5291 clamoris,
2900 5240 3029 5292 quae
3062 5223 3121 5276 in
3154 5222 3389 5275 silentio
3422 5222 3520 5275 Dei
3548 5237 3645 5290 pa.

2001 5300 2151 5348 trata
2180 5298 2336 5346 sunt.
2374 5315 2400 5341 »
2437 5293 2536 5361 Ep.
2574 5293 2645 5346 ad
2689 5295 2853 5362 Eph.
2900 5311 2948 5348 c.
2987 5297 3071 5348 19.

2070 5367 2176 5433 (53)
2206 5365 2382 5434 Epist.
2421 5363 2491 5417 ad
2529 5365 2803 5435 Magnes.
2847 5381 2896 5419 c.
2934 5369 2984 5418 7.
3024 5368 3085 5419 ln
3137 5365 3338 5419 eadem
3395 5362 3646 5435 epistola

2000 5439 2051 5490 S.
2107 5435 2366 5507 lgnatius
2427 5434 2816 5507 Magnesianis
2875 5436 3017 5490 satis
3084 5453 3144 5490 se
3197 5434 3644 5490 commendasse

1997 5505 2344 5562 Christiana:
2367 5505 2610 5558 unitatis
2629 5506 3040 5560 excellentiam
3064 5513 3198 5575 jure
3219 5508 3536 5561 arbitratus
3561 5510 3650 5560 est

1965 5580 2088 5632 vhis
2119 5576 2349 5649 verbis:
2384 5598 2410 5624 ‹‹
2449 5575 2608 5630 Unus
2641 5584 2729 5630 est
2765 5579 2932 5631 Jesus
2990 5579 3278 5646 Christus,
3329 5595 3445 5649 quo
3493 5576 3646 5631 nihil

1995 5647 2374 5721 praestantius
2405 5652 2512 5721 est.
2545 5669 2571 5695 ››

2065 5722 2174 5790 (54)
2206 5718 2459 5792 Consule
2492 5719 2622 5773 loca
2655 5735 2833 5791 supra
2856 5719 2981 5791 jam
3018 5720 3283 5792 allegata,
3319 5719 3641 5792 inprimis,

1995 5809 2043 5846 c.
2075 5796 2104 5844 7
2147 5808 2235 5862 ep.
2271 5791 2344 5844 ad
2375 5792 2543 5861 Eph”
2577 5807 2625 5844 c.
2661 5794 2690 5845 3
2725 5809 2814 5863 ep.
2863 5793 2936 5846 ad
2988 5791 3394 5863 l’olyCarpum,
3429 5796 3487 5846 et
3524 5808 3573 5847 c.
3609 5794 3638 5843 3

1995 5811 2043 5846 c.
2089 5811 2102 5844 ι
2147 5811 2235 5862 ep.
2271 5811 2344 5844 au
2375 5811 2543 5861 [ιριιη
2577 5811 2625 5844 c.
2661 5811 2690 5845 ό
2725 5811 2814 5863 ep.
2863 5811 2936 5846 au
2988 5811 3085 5847 1'01
3132 5811 3394 5862 carpum,
3429 5811 3487 5846 et
3524 5811 3573 5847 c.
3609 5811 3632 5843 ι]

1995 5863 2067 5919 ad
2091 5864 2320 5936 Smyrn.
2345 5878 2359 5928 ;
2385 5878 2512 5933 cap.
2543 5866 2604 5916 15
2625 5863 2697 5918 ad
2717 5865 2970 5936 Magnes.
3000 5811 3480 5935 ;adySmyrnaaos,
3505 5879 3556 5917 c.
3584 5863 3632 5916 1.
