4030 6212
331 393 444 458 595

1397 395 1461 456 S.
1509 389 1904 456 IGNATIUS.
1949 420 2024 431 —
2067 383 2690 447 PROLEGOMENA.

3617 377 3748 440 596

331 527 691 590 commistas,
724 529 825 578 aut
855 523 1150 587 confusas,
1184 521 1287 576 sed
1317 537 1495 576 unam
1527 521 1587 576 in
1616 521 1744 592 ipso
1769 534 1972 590 perso-
2001 517 2050 582 Α
2084 518 2261 580 ctam,
2295 513 2455 583 quia,
2487 517 2554 566 ut
2583 512 2667 567 ait
2695 509 3094 566 Tertullianns
3141 509 3250 581 (57)
3284 525 3296 563 :
3350 529 3376 562 ι
3407 509 3570 562 Vana
3619 523 3751 570 res,

333 631 472 671 nam
505 631 610 684 per
638 613 924 667 unitatem
957 611 1281 666 efﬁcientes
1311 615 1602 666 censeret.

401 704 721 758 Veritatem
755 701 1200 765 incarnationis,
1233 700 1651 770 Christumque
1680 713 1813 752 vere
1843 712 1975 766 pas-

332 808 463 850 sum
497 807 564 845 ac
596 791 1015 855 resurrexisse,
1074 796 1281 844 contra
1328 788 1727 860 phantasticos
1776 785 1976 840 multis

335 881 391 936 S.
426 880 687 951 Ignatius
720 880 949 951 probat.
978 880 1134 934 Inter
1153 879 1272 933 alia
1302 880 1383 933 ita
1405 878 1826 932 ratiocinatur:
1869 897 1894 928 α
1917 873 1973 927 Si

327 975 559 1039 vero,ut
580 969 817 1038 quidam
843 969 1142 1036 athei,hoc
1165 974 1254 1022 est
1274 965 1567 1032 inﬁdeles,
1584 966 1972 1037 aiunt,ipsum

328 1059 671 1130 (Christum)
703 1057 1030 1112 secundum
1065 1056 1470 1128 apparentiam
1529 1071 1658 1110 esse
1708 1070 1970 1125 passum,

329 1149 444 1218 ipsi
475 1146 804 1202 secundum
835 1147 1244 1216 apparentiam
1278 1145 1632 1199 exsistentes
1657 1160 1670 1208 ;
1696 1160 1800 1215 ego
1833 1142 1974 1214 quid

326 1238 558 1290 vinctus
590 1253 718 1290 sum
742 1235 768 1289 ?
799 1241 857 1289 et
887 1252 992 1290 cur
1021 1241 1157 1305 opto
1188 1250 1325 1288 cum
1357 1233 1562 1288 bestiis
1587 1233 1924 1304 depugnare
1947 1231 1974 1286 ?

324 1324 546 1378 frustra
575 1323 772 1392 itaque
792 1322 1032 1376 morior.
1062 1344 1088 1369 n
1116 1352 1183 1363 σε
1207 1344 1234 1370 ι(
1265 1321 1554 1387 Profecto,
1580 1341 1608 1370 »
1627 1319 1791 1375 addit
1816 1319 1975 1374 insu-

326 1427 454 1484 per,
479 1431 510 1464 «
533 1409 844 1465 mendacia
873 1410 944 1465 de
975 1410 1224 1465 Domino
1257 1426 1377 1464 non
1409 1408 1699 1482 contingo.
1725 1430 1755 1460 ι)
1789 1409 1887 1481 ἄρα
1909 1404 1971 1460 οὗ

327 1495 734 1572 καταψεύδομαι
765 1501 862 1553 τοῦ
895 1497 1112 1572 Κυρίου.
1151 1520 1178 1549 ‹‹
1219 1498 1418 1570 Fugite
1463 1515 1623 1567 ergo,
1649 1519 1677 1547 ››
1725 1498 1972 1553 conclu-

327 1589 414 1643 dit
445 1589 566 1660 ipse
599 1588 670 1643 de
703 1589 1089 1659 phantasticis
1119 1588 1387 1657 loquens,
1421 1609 1448 1636 α
1480 1587 1661 1659 fugite
1683 1587 1974 1658 malignas

330 1676 438 1731 has
479 1676 712 1746 stirpes,
773 1692 904 1744 quin
960 1675 1206 1745 gignunt
1263 1673 1633 1728 mortiferum
1693 1673 1969 1740 fructum,

329 1781 507 1835 quem
537 1765 585 1818 si
614 1765 746 1834 quis
775 1764 1042 1836 gustarit,
1075 1763 1356 1818 continuo
1388 1763 1640 1818 moritur
1669 1765 1800 1833 (55).
1836 1785 1865 1812 ››

2089 602 2247 673 quod
2281 609 2369 656 est
2399 602 2770 673 phantasma,
2808 602 3056 673 ﬁguram
3101 615 3220 653 non
3252 597 3530 652 admittit.
3566 618 3594 646 ››
3627 593 3753 650 Sed

2087 693 2202 747 huc
2236 691 2339 746 illa
2363 690 2695 746 Tertulliani
2721 690 3042 745 auctoritas
3067 704 3375 760 perperam
3403 685 3751 742 adducitur.

2089 781 2175 835 Ibi
2211 781 2370 836 enim
2403 782 2610 834 doctus
2641 779 2741 834 ille
2771 781 2856 833 vir
2889 779 3266 845 Marcionem,
3310 777 3410 847 qui
3442 776 3753 830 Christum

2089 871 2291 924 ﬁctum
2317 869 2618 923 hominem
2636 875 2694 923 et
2713 869 3067 939 phantasma
3090 867 3270 921 fuisse
3293 864 3607 930 delirabat,
3631 865 3754 917 hoc

2088 958 2432 1013 testimonio
2461 959 2729 1012 Ieremia;
2761 957 3012 1012 dicentis
3039 973 3051 1010 :
3093 957 3304 1023 Venite,
3337 956 3618 1008 mittamus
3667 953 3755 1005 (:-

2084 1064 2252 1118 gnum
2293 1047 2353 1101 in
2380 1063 2582 1116 panem
2613 1049 2722 1116 (58)
2750 1047 2978 1119 egregie
3011 1043 3248 1114 refellit,
3273 1043 3646 1113 ostenditque
3669 1059 3750 1097 eo

2086 1136 2198 1190 loci
2231 1151 2449 1206 panem
2483 1153 2602 1190 non
2634 1135 2880 1206 ﬁguram
2913 1134 3129 1189 Christi
3163 1131 3492 1204 simplicem
3526 1138 3584 1185 et
3625 1147 3742 1184 nu-

2086 1225 2244 1293 dam,
2285 1225 2387 1281 sed
2417 1226 2826 1297 propheticam
2859 1225 3169 1296 appellari.

2154 1321 2227 1372 At
2249 1317 2310 1371 in
2342 1316 2700 1372 eucharistia
2724 1317 2896 1388 juxta
2915 1316 3375 1371 Calvinistarum
3397 1314 3752 1385 opinionem

2083 1422 2205 1461 non
2233 1405 2415 1461 futuri
2449 1406 2714 1477 corporis
2744 1405 3112 1476 prophetica,
3147 1403 3250 1460 sed
3293 1403 3556 1474 corporis
3605 1419 3754 1456 vere

2094 1495 2436 1550 exsistentis
2468 1495 2656 1567 ﬁgura
2685 1500 2794 1550 est.
2826 1495 2966 1560 Quis
2997 1500 3196 1550 autem
3219 1493 3514 1548 revocabit
3543 1494 3604 1546 in
3632 1493 3757 1546 du-

2088 1585 2272 1651 bium,
2305 1583 2566 1654 aliquam
2587 1584 2873 1654 corporis,
2897 1583 3054 1654 quod
3073 1583 3348 1638 simulate
3369 1589 3424 1636 et
3448 1583 3580 1636 ﬁcte
3605 1587 3755 1636 tan-

2086 1678 2210 1727 tum
2243 1673 2493 1740 exsistit,
2526 1688 2697 1743 posse
2726 1689 2853 1727 esse
2878 1673 3120 1744 ﬁguram
3144 1672 3172 1726 ‘l
3194 1671 3463 1726 Haeretici
3488 1686 3623 1742 ergo
3648 1655 3754 1723 illi

2087 1763 2240 1818 hanc
2271 1761 2343 1817 ob
2375 1779 2616 1817 causam
2644 1761 3085 1829 eucharistiam,
3120 1762 3292 1817 sicuti
3350 1761 3750 1832 baptismum,

329 1873 356 1940 §
393 1873 487 1947 IV.
519 1874 595 1947 De
624 1871 770 1947 reali
790 1873 1358 1947 praesentiaporporis
1403 1869 1609 1947 Christi
1659 1873 1717 1924 in
1764 1871 1974 1947 eueha:

2092 1867 2261 1922 quem
2295 1851 2428 1905 ﬁcte
2459 1850 2675 1905 Christi
2708 1850 2915 1904 mortis
2946 1850 3192 1921 ﬁguram
3236 1866 3366 1905 esse
3412 1849 3754 1904 contende-

400 1945 584 2006 ristia,
617 1944 682 1996 de
711 1943 956 1996 diaconis
986 1943 1328 1996 eucharistize
1357 1943 1643 2010 ministris,
1701 1948 1755 1996 et
1811 1943 1878 1997 de
1917 1943 1974 1999 S.

402 2014 840 2068 Christianorum
879 2013 1069 2070 altari.

399 2121 483 2174 Ex
514 2119 776 2190 antiquis
808 2118 1195 2189 scriptoribus
1226 2123 1430 2174 noster
1459 2119 1518 2174 in
1562 2119 1770 2191 primis
1810 2120 1980 2191 Igna-

331 2210 468 2275 tius,
501 2226 703 2264 verum
735 2209 795 2264 in
829 2208 1190 2265 eucharistia
1221 2226 1351 2264 esse
1383 2209 1595 2264 Christi
1627 2226 1862 2282 corpus,
1895 2209 1980 2264 di-

333 2301 658 2357 sertissime
692 2300 879 2355 docet.
917 2301 1222 2370 Siquidem
1254 2299 1352 2354 ubi
1383 2299 1454 2355 de
1499 2300 1816 2366 hmreticis,
1877 2301 1978 2370 qui

330 2389 628 2444 Christum
660 2405 781 2444 non
811 2406 1029 2457 veram,
1062 2391 1161 2444 sed
1199 2389 1393 2444 ﬁctam
1418 2395 1477 2444 et
1497 2389 1834 2444 simulatam
1857 2406 1980 2444 car—

330 2494 468 2533 nem
491 2479 884 2549 assumpsisse
901 2477 1262 2550 garriebant,
1288 2495 1624 2534 sermonem
1648 2477 1979 2545 habet,hazc

329 2567 642 2622 observatu
668 2567 1020 2639 dignissima
1051 2567 1275 2638 profert
1304 2567 1518 2622 verba:
1556 2590 1584 2617 «
1632 2568 1716 2622 Ab
1757 2568 1976 2623 eucha-

327 2657 516 2722 ristia,
551 2657 764 2727 inquit,
798 2655 1120 2722 abstinent,
1144 2663 1386 2727 propter
1409 2673 1527 2710 non
1552 2657 1979 2722 conﬁteri,car-

327 2761 464 2800 nem
497 2761 625 2800 esse
657 2745 974 2800 Salvatoris
1005 2746 1192 2799 nostri
1222 2747 1357 2800 Jesu
1379 2745 1594 2799 Christi
1629 2762 1733 2816 pro
1767 2762 1977 2816 pecca-

328 2835 404 2888 tis
435 2834 656 2888 nostris
686 2850 921 2904 passam
953 2834 1084 2904 (56).
1122 2855 1148 2882 ››
1180 2835 1250 2887 Et
1277 2849 1431 2900 vero,
1458 2833 1506 2888 si
1539 2840 1677 2888 tunc
1708 2833 1978 2888 Christia-

326 2925 387 2980 ni
412 2924 473 2978 in
501 2923 732 2989 eadem,
753 2940 818 2978 ac
843 2923 1165 2978 Calviniani
1190 2923 1375 2976 nostri
1399 2922 1974 2984 fuissentsententia.

325 3012 747 3068 eucharistiam
771 3012 1036 3083 corporis
1059 3012 1272 3067 Christi
1297 3011 1517 3066 nudam
1541 3011 1826 3067 duntaxat
1847 3027 1975 3066 esse

326 3101 600 3172 ﬁguram,
630 3099 702 3154 ab
737 3100 821 3153 eis
854 3116 969 3154 nen
1003 3099 1200 3170 potius
1231 3099 1336 3153 illa
1365 3099 1532 3170 rejici
1552 3098 1776 3168 debuit,
1797 3116 1974 3170 quam

325 3189 678 3260 baptismus,
709 3189 807 3258 qui
839 3205 972 3242 vere
1018 3188 1222 3242 mortis
1251 3187 1467 3242 Christi
1500 3188 1688 3260 ﬁgura
1716 3205 1844 3244 esse
1885 3188 1977 3243 di-

327 3282 498 3334 citur.
531 3280 656 3332 Imo
687 3277 759 3332 ab
788 3277 905 3332 illis
936 3282 995 3332 et
1025 3277 1384 3332 eucharistia
1413 3293 1533 3331 non
1563 3293 1732 3332 secus
1773 3294 1841 3333 ac
1872 3278 1978 3333 ba-
2006 3248 2048 3313 α

326 3366 579 3436 ptismus
609 3363 897 3419 ambabus
929 3365 1087 3420 ulnis
1119 3364 1494 3435 suscipienda
1543 3370 1705 3430 erat;
1757 3366 1976 3437 quippe

327 3470 444 3525 qua
475 3455 773 3508 Christum
807 3453 1040 3520 nullibi,
1074 3454 1186 3506 nisi
1232 3453 1293 3506 in
1351 3453 1556 3521 ﬁgura,
1610 3470 1728 3508 non
1783 3457 1977 3527 reipsa

328 3545 621 3600 exstitisse
653 3543 1100 3600 concluderent.
1125 3545 1269 3598 Cum
1295 3559 1430 3615 ergo
1453 3543 1526 3599 ab
1554 3543 1658 3598 illa
1679 3545 1978 3601 abstinue-

325 3635 467 3704 rint,
497 3635 559 3688 in
591 3633 798 3689 eadem
830 3634 957 3705 ipsa
979 3649 1184 3689 verum
1218 3649 1434 3704 corpus
1454 3632 1668 3688 Christi
1687 3650 1817 3690 esse
1843 3653 1980 3708 per-

328 3740 570 3780 suasum
601 3723 923 3779 habebant.

397 3813 649 3884 Objiciet
677 3812 878 3868 forsan
910 3811 1129 3882 aliquis
1161 3811 1601 3878 eucharistiam,
1627 3812 1734 3867 etsi
1758 3813 1976 3869 nudam

328 3903 590 3975 corporis
623 3901 834 3956 Christi
872 3902 1138 3973 ﬁguram,
1177 3901 1307 3956 ideo
1335 3906 1532 3956 tamen
1573 3902 1646 3956 ab
1698 3901 1782 3956 eis
1828 3903 1977 3974 reje-

401 4035 515 4106 (55)
548 4033 726 4106 Epist.
763 4031 1067 4106 ad_Trall_.,
1103 4048 1153 4084 ο.
1184 4033 1269 4086 10.
1310 4033 1405 4106 In,
1428 4031 1629 4106 epist._
1659 4031 1730 4106 ad
1781 4033 1980 4103 Smyr-

329 4102 734 4172 naéos'repetit
767 4103 822 4156 S.
854 4102 1136 4172 lgnatius,
1171 4102 1328 4170 quod
1370 4105 1521 4156 Jcsus
1568 4103 1812 4158 Christus
1861 4102 1981 4158 vere

369 4191 518 4229 assus
549 4171 644 4240 est,
685 4175 825 4242 sicut
851 4171 904 4242 et
965 4178 1201 4242 seipsum
1257 4173 1560 4240 suscitavit,
1608 4172 1698 4225 καὶ
1757 4171 1981 4242 ἀληθῶς

369 4193 518 4229 assus
549 4193 644 4240 εει,
685 4193 825 4227 sicut
854 4193 902 4225 et
965 4193 1201 4240 serpsum
1257 4193 1560 4240 suscuavu,
1608 4193 1698 4225 και
1757 4193 1975 4242 uanum:

321 4193 546 4310 ἔπαθεν,
583 4242 656 4315 ᾡς
684 4241 778 4315 καὶ
839 4239 1060 4315 ἀλῃθῶς
1119 4241 1402 4309 ἀνέστησεν
1461 4243 1670 4297 ἑαυτόν.
1726 4246 1863 4315 Cap.
1921 4247 1975 4309 2,

331 4323 390 4374 et
420 4315 574 4370 infra
603 4313 812 4368 babet:
836 4335 864 4361 «
889 4314 1002 4383 Ego
1018 4318 1076 4366 et
1101 4315 1740 4383 postresurrectionem
1761 4313 1895 4370 eum
1915 4316 1975 4370 in

331 4357 510 4446 darne
542 4386 696 4446 novi,
730 4391 787 4439 et
817 4357 992 4437 ονε(Ϊο
1025 4357 1174 4438 θδξθ.
1217 4386 1284 4438 Et
1323 4385 1558 4453 quando
1589 4386 1661 4440 ad
1719 4401 1838 4447 eos,
1873 4388 1974 4456 qui
2014 4357 2056 4419 ί)

332 4475 465 4517 cum
493 4461 665 4512 Petro
693 4461 882 4517 erant,
914 4455 1092 4528 venit,
1131 4455 1324 4528 inquit
1356 4456 1499 4526 ipsis
1528 4473 1540 4510 :
1567 4455 1974 4528 Apprehendi-

329 4538 410 4596 te,
445 4530 678 4602 palpate
701 4545 817 4596 me,
852 4533 907 4581 et
930 4526 1307 4602 videtequod
1328 4543 1448 4580 non
1468 4544 1597 4602 sum
1613 4526 1975 4583 daemonium

331 4597 748 4681 incorporale:
783 4605 838 4654 et
870 4597 1179 4681 confestim
1211 4599 1406 4679 ipsum
1435 4599 1776 4681 tetigerunt“,
1799 4607 1978 4681 atque

337 4671 722 4729 crediderunt
740 4671 987 4726 convicti
1011 4687 1185 4724 carne
1209 4671 1392 4740 ipsius
1416 4671 1626 4742 etspiri
1637 4678 1716 4726 tu.
1733 4674 1981 4743 Propter

332 4747 444 4800 hoc
475 4745 650 4798 etiam
682 4748 936 4798 mortem
969 4747 1492 4812 contempserunt;
1527 4759 1705 4814 supra
1725 4750 1979 4799 mortem

330 4834 467 4871 vero
497 4816 717 4870 inventi
750 4820 909 4868 sunt.
943 4814 1080 4866 Post
1110 4814 1602 4868 resurrectionem
1627 4821 1822 4870 autem
1845 4833 1980 4871 cum

337 4888 457 4942 illis
487 4885 764 4946 comedit.
798 4889 856 4939 et
895 4883 1061 4956 bibit,
1121 4890 1205 4956 ut,
1243 4885 1518 4951 carnalis,
1577 4884 1650 4947 ὡς
1701 4885 1980 4956 σαρκεκός,

331 4959 598 5029 quamvis
667 4955 1055 5029 spiritualiter
1111 4955 1334 5029 unitus_
1368 4957 1609 5029 Patri.»
1663 4955 1844 5029 Epist.
1905 4955 1978 5013 ad

335 5027 590 5099 Smyrn,
621 5045 671 5083 c.
704 5027 754 5082 3.
789 5030 911 5099 Non
947 5027 1280 5081 mirandum
1313 5027 1368 5080 S.
1403 5027 1842 5099 Ignatium‘tam
1875 5047 1970 5084 ve-

331 5098 639 5157 hementer
653 5098 1052 5170 deprzndicare
1066 5099 1182 5170 veri
1193 5104 1371 5152 tatem
1386 5098 1757 5154 Incarnation
1768 5102 1978 5164 is,cum

339 5189 505 5227 error
533 5167 839 5242 oppositus
864 5167 1028 5242 valde
1061 5167 1386 5223 obtinuerit
1415 5172 1779 5241 temporibus
1801 5173 1979 5226 etiam

332 5241 757 5313 apostolorum,
789 5241 956 5296 sicuti
983 5256 1261 5313 expresse
1291 5247 1582 5313 testantur
1607 5242 1848 5296 Tertull.
1875 5243 1978 5297 lib.

337 5312 406 5367 De
432 5321 770 5385 prwscript”
805 5331 853 5367 c.
899 5314 984 5377 33,
1019 5328 1086 5366 ac
1119 5312 1184 5385 D.
1220 5312 1739 5385 Hieromadversus
1760 5315 1976 5382 Lucife-

331 5383 540 5448 riahos,
575 5401 624 5438 c.
659 5383 712 5450 8,
776 5398 1008 5439 necnon
1064 5383 1293 5437 eruitur
1321 5399 1355 5436 a
1387 5383 1577 5453 prima
1625 5386 1690 5438 D.
1734 5385 1980 5439 Joannis

334 5455 615 5522 Epistola,
635 5472 684 5509 c.
710 5472 746 5509 ι.
779 5453 1027 5509 Iiaaresis
1057 5453 1183 5508 haec
1206 5455 1539 5508 communis
1562 5457 1978 5511 eratomnibus

337 5523 647 5592 Gnosticis,
681 5527 831 5580 sicut
861 5525 1276 5579 animadvertit
1304 5525 1664 5592 Tillemont.,
1714 5529 1802 5582 t.l
1832 5527 1975 5582 Hist.

339 5597 546 5664 eccles.,
579 5601 711 5664 post
741 5597 1099 5650 Pearsonum
1133 5601 1188 5649 et
1219 5596 1472 5650 Bullum.

556 5664 931 5740 _E61apiqxtac
985 5665 1095 5740 καὶ-
1132 5672 1449 5740 προσεφχῆς
1502 5667 1830 5740 ᾁπὲχονσςαι,
1889 5665 1978 5720 διὰ

340 5733 516 5806 τὸμὴ
548 5733 849 5808 ὁμολογεῖν
889 5740 989 5801 τὴν
1047 5733 1411 5808 εὐγάριστίὰῖρν
1449 5733 1648 5812 capaci,-
1701 5739 1835 5792 εἶναι
1877 5741 1975 5793 τοῦ

2084 1940 2248 2004 bant,
2285 1956 2562 2011 respuere
2597 1957 2718 1995 non
2751 1940 3104 1995 debuerunt.
3143 1941 3264 1994 Vim
3298 1941 3544 2012 hujusce
3562 1956 3753 2012 argu-

2083 2030 2274 2085 menti
2307 2045 2442 2084 cum
2475 2030 2729 2084 sentiret
2757 2028 3036 2084 Claudius
3067 2029 3569 2084 Charentonensis
3590 2029 3752 2083 olim

2081 2118 2377 2186 minister,
2412 2117 2473 2172 in
2505 2118 2684 2173 aliam
2714 2117 2862 2173 abiit
2885 2119 3264 2174 sententiam.
3293 2116 3615 2189 Respondit
3637 2117 3759 2173 ita-

2084 2224 2199 2277 que
2229 2208 2343 2277 (59)
2377 2207 2486 2261 hos
2517 2207 2827 2262 haereticos
2861 2207 3037 2262 stulte
3069 2206 3396 2262 credidisse
3418 2207 3754 2275 Christum,

2084 2297 2185 2367 qui
2221 2313 2424 2350 verum
2457 2313 2670 2367 corpus
2712 2295 2940 2363 habuit,
2986 2297 3077 2350 his
3107 2296 3334 2351 verbis:
3370 2298 3481 2350 Hoc
3513 2303 3588 2351 est
3618 2313 3755 2350 cor-

2075 2405 2183 2459 pus
2212 2405 2413 2456 meum,
2455 2404 2692 2460 panem,
2727 2394 2791 2442 ut
2842 2404 3054 2458 corpus
3104 2403 3277 2442 suum
3317 2387 3502 2452 ﬁeret,
3537 2404 3758 2442 revera

2081 2477 2416 2548 adoptasse.
2452 2477 2513 2532 Id
2545 2493 2700 2544 vero,
2738 2482 2804 2531 ut
2835 2477 3065 2548 probet,
3091 2476 3518 2532 Tertullianum
3553 2477 3690 2531 loco
3718 2495 3757 2533 a

2079 2566 2252 2622 nobis
2283 2583 2462 2637 supra
2509 2566 2709 2628 citato,
2745 2573 2954 2620 testem
2997 2565 3292 2636 producit.
3328 2566 3438 2620 Sed
3490 2566 3569 2620 ibi
3600 2568 3756 2620 Ter-

2083 2655 2373 2710 tullianus
2431 2655 2503 2710 de
2559 2655 2663 2708 illa
2693 2655 3107 2710 haereticorum
3142 2655 3322 2710 stulta
3354 2655 3635 2726 opinione
3669 2673 3755 2710 ne

2082 2744 2402 2800 minimum
2464 2744 2705 2814 quidem
2763 2743 3005 2798 verbum
3067 2745 3223 2798 fecit.
3287 2746 3471 2798 Instat
3522 2743 3622 2798 ille
3677 2761 3756 2799 ex

2081 2833 2545 2898 Bellarmino,ab
2568 2833 2865 2887 haereticis
2883 2832 3000 2887 illis
3021 2849 3139 2887 non
3157 2838 3275 2888 tam
3299 2839 3752 2889 sacramentum

2080 2922 2483 2988 eucharistiaa,
2508 2938 2686 2992 quam
2715 2921 3062 2992 mysterium
3095 2923 3529 2977 Incarnationis
3557 2922 3754 2978 fuisse

2079 3012 2512 3083 impugnatum.
2547 3010 2696 3075 Quid
2726 3010 2911 3065 inde?
2946 3011 3220 3082 Nunquid
3259 3011 3608 3083 mysterium
3644 3013 3751 3066 in-

2079 3099 2443 3155 carnationis
2468 3099 2645 3154 aliter
2679 3099 3008 3170 impugnari
3039 3116 3157 3154 non
3180 3106 3408 3171 potest;
3435 3101 3549 3155 nisi
3577 3100 3659 3154 Ch
3673 3101 3755 3154 ri-

2080 3195 2206 3244 stus
2240 3205 2478 3261 panem,
2513 3194 2577 3244 ut
2605 3205 2779 3243 suum
2804 3206 3018 3260 corpus
3047 3197 3223 3257 esset,
3245 3191 3560 3262 adOptasse
3583 3190 3751 3246 dica-

2084 3279 2228 3334 tur?
2258 3279 2390 3332 Haec
2421 3294 2561 3333 sane
2593 3295 2744 3334 vana
2792 3294 2972 3349 quam
3029 3279 3149 3334 sint
3198 3286 3254 3335 et
3293 3280 3508 3348 futilia,
3561 3298 3753 3337 nemo

2085 3386 2205 3423 non
2236 3367 2412 3422 videt.

2157 3455 2600 3512 Observandum
2624 3473 2882 3528 quoque,
2907 3457 3189 3512 diaconos
3209 3458 3364 3602 Fr
3384 3475 3580 3513 sacros
3604 3458 3750 3513 ado-

2157 3545 2256 3600 ndi
2295 3545 2668 3601 eucharistiaa
2701 3547 3058 3601 sacramenti
3081 3546 3205 3602 min
3269 3553 3388 3602 tros
3416 3547 3488 3602 ab
3510 3549 3748 3602 Ienatio

2086 3545 2256 3600 randi
2295 3545 2668 3601 eucharistiaa
2701 3547 3058 3601 sacramenti
3081 3545 3388 3603 ministros
3416 3547 3488 3603 ab
3510 3549 3748 3619 Ignatio

2086 3635 2442 3706 computari;
2475 3641 2710 3704 oportet
2740 3633 3094 3690 etdiaconos
3109 3637 3414 3693 ministros
3444 3637 3745 3692 exsisten-

2088 3730 2176 3780 tes
2207 3723 2624 3794 mysteriorum
2645 3724 2786 3778 Jesu
2801 3723 3084 3780 Christi...
3105 3727 3230 3780 Non
3259 3726 3422 3780 enim
3441 3726 3746 3795 ciborum,

2091 3820 2148 3869 et
2177 3818 2422 3884 potuum
2453 3817 2592 3867 sunt
2621 3812 2876 3868 ministri
2909 3813 3043 3884 (60).
3106 3814 3254 3869 Hinc
3302 3815 3481 3870 etiam
3514 3816 3570 3872 S.
3606 3816 3747 3871 Ste-

2089 3905 2322 3976 phanus
2352 3918 2508 3957 unus
2540 3918 2608 3957 ex
2638 3908 2862 3973 septem
2893 3903 3102 3973 primis
3143 3903 3417 3960 Ecclesia:
3467 3905 3748 3962 diaconis

2092 4037 2354 4106 Σωτῆρος
2385 4031 2546 4106 ἡμῶν
2581 4029 2760 4106 Ἰηλᾳοῦ
2815 4035 3067 4106 Χριστοῦ.
3107 4032 3217 4106 ’τὴν
3269 4033 3402 4106 ὑπὲρ
3449 4032 3745 4106 ἀμαρςιῶν

2089 4100 2273 4174 ἡμῶν.
2299 4100 2590 4180 πᾳθόῦσςιν,
2622 4100 2717 4180 fi]?
2776 4100 2873 4175 τῇ’
2906 4103 3245 4180 χρηστότητι
3343 4100 3529 4178 [Ia-rip
3570 4100 3748 4180 ’ἤγειέ

2091 4195 2197 4248 ρεν.
2238 4196 2265 4223 «ι
2288 4174 2753 4248 Abieucharistia
2783 4174 2842 4248 et
2863 4174 3128 4231 oratione
3155 4174 3554 4241 abstinent,éo
3578 4174 3746 4248 quod

2089 4247 2209 4302 non
2243 4247 2637 4300 conﬁteantur
2674 4247 3092 4302 eucharistiam
3119 4265 3355 4303 carnem
3381 4265 3510 4302 esse
3532 4247 3744 4303 Serva-

2089 4318 2234 4372 toris
2264 4317 2447 4402 nostri
2478 4318 2615 4371 Iesu
2645 4317 2895 4402 'Christi,
2930 4336 3061 4402 qua:
3093 4321 3745 4402 propeccatishostris

2089 4404 2262 4462 passa
2293 4394 2610 4462 esttquam
2644 4389 2817 4443 Pater
2846 4389 3335 4462 sua’benignitate
3357 4392 3684 4447 suscitavit.
3716 4415 3743 4440 η

2091 4459 2274 4538 Epist.
2308 4459 2659 4538 adSmyrnH
2690 4476 2738 4514 c.
2776 4464 2827 4513 7.
2863 4461 3051 4538 Verba
3084 4459 3208 4538 haec
3229 4463 3748 4538 certumkreddnnt.

2092 4529 2495 4605 testimonium
2529 4529 2601 4605 de
2632 4533 2948 4605 praesentia
2979 4534 3124 4588 reali
3148 4535 3414 4605 corporis
3435 4535 3654 4589 Christi
3685 4538 3743 4590 in

2088 4600 2459 4676 sanctissimo
2491 4600 3113 4676 altarissacramento.
3141 4607 3207 4659 Et
3226 4600 3426 4660 revera
3447 4606 3594 4676 quid
3615 4607 3748 4662 cla-

2085 4674 2229 4748 rius,
2256 4671 2407 4748 quid
2438 4673 2656 4748 certius
2687 4673 2799 4748 dici
2833 4681 3026 4744 potest
3063 4693 3169 4748 pro
3211 4679 3320 4732 hac
3349 4671 3594 4732 veritate
3627 4694 3744 4733 no-

2088 4745 2224 4820 stris
2256 4745 2415 4820 hisce
2449 4743 2656 4820 diebus
2687 4745 2747 4820 in
2768 4815 2782 4820 _
2807 4743 3208 4820 controversia
3255 4750 3465 4819 posita,
3499 4749 3573 4804 iis
3603 4767 3745 4820 qum

2086 4817 2258 4871 docet
2289 4815 2344 4871 S.
2381 4816 2660 4886 lgnatius,
2693 4815 2969 4872 videlicet
2993 4815 3412 4875 eucharistiam
3445 4837 3574 4876 esse
3607 4815 3748 4876 éar-

2086 4904 2222 4942 nem
2254 4887 2574 4941 Servatoris
2606 4888 2788 4941 nostri
2822 4889 2957 4944 Jesu
2988 4891 3202 4945 Christi
3229 4909 3244 4958 ;
3279 4892 3444 4948 illam
3464 4893 3742 4947 eamdem

2087 4974 2349 5038 carnem.
2375 4975 2505 5038 quae
2529 4975 2633 5028 pro
2657 4960 3738 5038 peccatisAnostrispassaest:etquam

2087 5032 2264 5106 Pater
2284 5036 2488 5106 postea
2518 5031 2871 5106 suscitavit?
2902 5031 3206 5096 Quomodo
3239 5031 3743 5106 consociari'pos-

2087 5108 2224 5157 sunt
2252 5100 2590 5178 hujusmodi
2621 5101 2857 5178 phrasis
2902 5120 3035 5158 cum
3069 5121 3246 5160 sensu
3279 5107 3524 5178 ﬁgurato
3557 5100 3742 5161 nova-

2087 5180 2281 5228 torum
2304 5173 2331 5225 ‘?
2363 5173 2527 5225 Nunc
2559 5173 2735 5243 igitur
2766 5173 3019 5229 miretur
3063 5193 3262 5239 nemo,
3305 5173 3352 5232 si
3385 5179 3494 5232 hos
3539 5179 3740 5234 videat

2086 5249 2434 5321 respuentes
2487 5245 2899 5321 auctoritatem
2954 5247 3336 5321 epistolarum
3390 5250 3445 5305 S.
3504 5250 3741 5321 lgnatii.

2087 5313 2336 5394 quarum
2373 5313 2641 5369 doctrina
2692 5331 2894 5370 eorum
2945 5313 3228 5375 doctrinm
3263 5337 3292 5374 e
3325 5313 3618 5376 diametro
3654 5328 3746 5375 est

2088 5391 2378 5457 opposita.

2157 5459 2267 5533 (5⁸])
2301 5457 2716 5533 Tertullianus,
2750 5457 2855 5516 lib.
2882 5477 2934 5514 ιν
2958 5469 3152 5517 contra
3181 5463 3536 5533 Marcionem,
3572 5483 3623 5520 τ.
3649 5468 3739 5521 40.

2156 5530 2269 5599 (58)
2306 5527 2545 5594 Jerem.,
2580 5546 2685 5599 cap
2740 5546 2819 5596 χι,
2971 5535 3054 5587 19.

2082 5597 2266 5724 21(53)
2299 5599 2583 5722 ἓὲδροῐιε.
2617 5597 2690 5656 ad
2722 5607 2888 5657 tract.
2931 5608 3007 5658 De
3029 5611 3361 5678 perpetuit.,
3389 5613 3561 5680 parte
3585 5625 3648 5677 ιι,
3683 5625 3735 5663 c.

2155 5737 2270 5812 (60)
2301 5743 2391 5794 Δεῖ
2429 5737 2486 5796 δὲ
2540 5741 2629 5796 καὶ
2688 5741 2814 5804 τοὺς
2886 5743 3169 5812 διακόνυυς
3205 5745 3364 5813 ὄντας
3427 5749 3742 5827 μυστηρίου
