4060 6206
275 406 390 465 597

1479 411 1584 472 DE
1629 405 2017 472 DOCTRINA
2059 405 2122 467 S.
2169 407 2505 467 IGNATII.

3575 420 3694 478 598

275 539 346 595 ab
377 540 692 596 Ambrosio
742 546 982 596 vocatur
1039 543 1290 598 minister
1346 545 1543 599 altaris
1595 545 1728 614 (6t).
1763 544 1832 597 Et
1861 541 1928 596 D.
1963 542 2014 610 Α
2045 539 2116 594 de
2148 539 2438 611 spirituali
2486 556 2552 595 ac
2601 541 3025 612 metaphorico,
3058 545 3162 600 sed
3195 546 3267 601 de
3310 550 3603 606 materiali
3638 568 3697 624 et

276 629 631 685 Laurentius
676 629 834 700 apud
892 629 1166 686 eumdem
1227 631 1530 688 doctorem
1561 632 1673 704 (62)
1706 632 1934 685 Sixtum

273 735 578 773 summum
606 718 947 789 pontificem
997 720 1089 775 his
1140 721 1332 776 verbis
1363 721 1717 793 compellat:
1762 741 1789 768 υ
1823 721 1934 773 Ex-

272 809 687 879 perire,utrum
715 808 996 864 idoneum
1022 811 1362 866 ministrum
1386 810 1654 883 elegeris,
1674 810 1767 866 cui
1791 826 1937 864 com-

273 897 490 951 misisti
538 896 830 951 Dominici
867 898 1170 970 sanguinis
1200 900 1727 954 consecrationem.
1764 920 1791 947 »
1825 897 1936 951 Sed

275 985 425 1041 illud
447 985 827 1058 potissimum
851 987 912 1041 in
936 987 1128 1043 verbis
1153 989 1207 1043 S.
1230 989 1441 1061 Ignatii
1465 987 1939 1044 animadverten-

276 1075 441 1144 dum,
467 1075 626 1146 quod
658 1075 784 1147 ipse
817 1075 888 1130 de
923 1076 1132 1132 iisdem
1159 1077 1426 1133 diaconis
1457 1077 1720 1133 addidit:
1761 1097 1784 1128 α
1809 1076 1936 1130 Non

278 1166 436 1220 enim
471 1165 738 1220 ciborum
775 1170 831 1221 et
863 1171 1107 1238 potuum
1143 1173 1280 1222 sunt
1311 1167 1590 1222 ministri.
1630 1187 1657 1216 »
1704 1165 1935 1220 Etenim

274 1255 333 1309 hi
363 1254 628 1326 primum
651 1255 914 1325 quidem,
938 1260 1005 1310 ut
1030 1255 1342 1312 viduarum
1367 1271 1815 1327 pauperumque
1843 1271 1939 1310 cu-

275 1361 401 1399 ram
433 1350 740 1416 generent,
773 1345 844 1400 ab
886 1345 1174 1417 apostolis
1224 1352 1362 1401 sunt
1408 1346 1684 1400 ordinati.
1722 1346 1937 1399 Verum

274 1434 696 1488 secundarium
729 1433 876 1490 illud
911 1451 1121 1490 eorum
1162 1452 1399 1503 munus,
1433 1436 1700 1506 quamvis
1729 1434 1937 1505 prima)

276 1541 484 1579 eorum
516 1523 791 1580 electioni
845 1525 1220 1580 occasionem
1271 1525 1542 1591 dederit;
1576 1525 1932 1596 quibusdam

276 1618 473 1668 tamen
507 1613 570 1669 in
599 1614 943 1686 regionibus
974 1615 1152 1686 paulo
1199 1621 1332 1686 post
1364 1614 1791 1670 mutationibus
1824 1613 1936 1667 fuit

275 1702 613 1757 obnoxium.
646 1704 828 1759 Porro
862 1702 909 1758 si
941 1703 1083 1775 quid
1116 1707 1322 1758 contra
1345 1703 1716 1758 Justinianus
1744 1707 1802 1756 et
1836 1718 1935 1766 sy-

275 1792 467 1848 nodus
498 1792 775 1848 Trullana
819 1793 924 1863 (63)
956 1793 1317 1848 definierunt
1347 1793 1455 1848 hac
1488 1793 1545 1846 in
1579 1810 1642 1847 re
1675 1809 1745 1847 ex
1779 1791 1934 1846 male

276 1881 619 1950 intellectis,
680 1899 816 1937 cum
873 1883 1366 1938 Neoczesariensis
1415 1881 1672 1949 concilii,
1720 1888 1844 1936 tum
1873 1881 1929 1936 S.
1974 1912 2019 1976 Β

275 1972 676 2043 Chrysostomi
708 1971 921 2039 verbis,
955 1972 1027 2027 ab
1073 1973 1322 2043 antiqua
1350 1974 1590 2028 Patrum
1616 1970 1932 2026 traditione

278 2065 675 2115 recesserunt.

347 2151 551 2220 Neque
584 2148 734 2204 illud
761 2149 936 2204 etiam
964 2149 1367 2221 perfunctoria
1387 2148 1794 2204 observatione
1831 2147 1935 2202 ad-

277 2238 629 2307 notandum,
664 2237 823 2309 quod
853 2239 1112 2310 Ignatius
1143 2239 1215 2293 de
1266 2255 1430 2294 sacro
1463 2238 1936 2293 Christianorum

276 2328 449 2384 altari
509 2327 585 2383 ad
639 2327 925 2399 Ephesios
959 2327 1070 2400 (64)
1104 2327 1348 2384 scribit:
1403 2352 1423 2376 ι
1460 2327 1516 2382 Si
1550 2327 1680 2400 quis
1711 2343 1832 2382 non
1863 2326 1940 2381 sit

277 2419 436 2474 intra
494 2418 702 2483 altare,
739 2441 766 2467 ιι
824 2419 920 2471 τοῦ
977 2417 1385 2492 θυσιαστηρίου,
1428 2419 1752 2490 «privatur
1784 2435 1936 2489 pane

275 2510 400 2566 Dei.
439 2530 466 2559 n
501 2512 570 2564 Et
593 2509 667 2564 ad
687 2508 1062 2579 Philadelph.
1089 2510 1200 2578 (65)
1226 2525 1239 2564 :
1276 2531 1303 2559 ‹‹
1328 2508 1454 2563 Una
1476 2508 1634 2563 enim
1669 2524 1805 2562 caro
1833 2508 1938 2561 Βο-

272 2598 422 2654 mini
454 2599 644 2654 nostri
670 2599 806 2653 Jesu
838 2595 1076 2666 Christi,
1103 2603 1160 2652 et
1187 2613 1342 2653 unus
1376 2597 1529 2652 calix
1557 2597 1619 2651 in
1650 2597 1937 2651 unionem

276 2687 584 2760 sanguinis
634 2686 841 2760 ipsius,
893 2702 1082 2743 unum
1141 2686 1346 2755 altare,
1375 2681 1429 2739 ἓν
1471 2685 1878 2758 θυσιαστήριον,
1911 2705 1935 2736 υ

275 2778 377 2831 His
439 2778 502 2832 in
557 2777 704 2832 locis
759 2777 961 2831 vocem
1021 2777 1404 2846 θυσιαστήριον
1447 2776 1507 2830 in
1540 2791 1646 2829 sua
1676 2775 1936 2846 propria,

274 2885 414 2923 vera
444 2885 513 2924 ac
543 2868 800 2940 genuina
829 2867 1285 2939 significatione,
1315 2867 1601 2920 nimirum
1633 2882 1739 2937 pro
1772 2881 1940 2920 sacra

274 2974 508 3026 mensa,
542 2957 604 3011 in
634 2973 750 3027 qua
779 2956 993 3011 Christi
1027 2972 1240 3026 corpus
1273 2954 1638 3023 immolatur,
1662 2955 1937 3024 usurpari

274 3047 681 3101 certissimum
707 3050 834 3112 est;
895 3044 1053 3100 unde
1087 3045 1350 3116 profecto
1383 3043 1718 3098 refutantur
1748 3043 1941 3098 Calvi—

275 3135 463 3200 niani,
488 3134 589 3205 qui
611 3151 817 3189 verum
847 3133 1063 3188 Christi
1097 3150 1311 3204 corpus
1335 3133 1398 3187 in
1419 3131 1779 3187 eucharistia
1809 3149 1938 3187 esse

273 3229 586 3297 negantes,
616 3239 820 3279 vocem
853 3239 1088 3294 quoque
1129 3221 1538 3294 θυσιαστήριον,
1569 3221 1768 3288 altare,
1802 3237 1937 3275 vero

274 3331 341 3368 ac
374 3313 616 3386 proprio
649 3312 982 3385 significatu
1038 3328 1144 3384 per
1201 3311 1315 3367 tria
1356 3311 1550 3383 prima
1594 3309 1811 3366 szecula
1863 3309 1936 3365 ab

274 3403 540 3473 antiquis
560 3401 833 3457 Patribus
858 3406 1162 3472 acceptam
1185 3399 1550 3454 inﬁciantur.
1576 3399 1814 3454 Frustra
1834 3415 1938 3453 au-

275 3499 396 3548 tem
429 3491 637 3564 objicit
686 3490 1002 3546 Vedelius:
1057 3490 1489 3545 Eucharistiam
1540 3488 1752 3559 Ignatii
1783 3495 1936 3542 tem-

274 3598 420 3653 pore
453 3579 528 3635 ad
556 3596 824 3635 mensam
865 3579 1147 3650 ligneam,
1178 3594 1310 3648 qua)
1359 3577 1545 3632 altare
1579 3577 1817 3648 proprie
1848 3575 1940 3630 di-

277 3677 440 3726 ctum
491 3686 611 3725 non
671 3673 817 3738 erat,
877 3667 1061 3723 fuisse
1095 3665 1592 3722 administratam.
1639 3667 1938 3720 Incertum

277 3776 538 3832 namque
568 3758 758 3832 primo
782 3764 873 3814 est
901 3763 1100 3813 utrum
1133 3756 1226 3811 his
1255 3754 1534 3811 Ecclesia:
1567 3753 1938 3826 temporibus

280 3849 485 3906 tabula
514 3849 713 3920 lignea
742 3863 819 3903 an
845 3846 1081 3918 lapidea
1110 3845 1203 3901 usi
1244 3844 1488 3900 fuerint.
1521 3843 1789 3899 Secundo
1816 3859 1938 3897 non

280 3939 562 3994 materies
591 3935 845 4008 lapidea,
874 3940 977 3991 aut
1005 3935 1222 4008 lignea,
1249 3934 1351 3989 sed
1373 3932 1732 3988 sacriﬁcium
1759 3948 1939 4002 super

277 4043 571 4094 mensam,
602 4027 1007 4098 cujuscunque
1038 4023 1310 4079 materiei
1356 4022 1457 4090 sit,
1491 4021 1564 4076 ab
1595 4021 1936 4075 hominibus

282 4119 398 4172 Deo
429 4115 692 4172 oblatum
723 4114 906 4170 altare
935 4113 1170 4186 proprie
1204 4112 1429 4168 dictum
1462 4110 1790 4167 constituit.
1821 4110 1937 4164 Ne-

282 4225 394 4277 que
425 4222 563 4261 vero
592 4205 653 4260 id
679 4204 922 4275 majoris
947 4204 1231 4259 momenti
1258 4208 1367 4270 est,
1391 4201 1551 4272 quod
1571 4200 1729 4256 idem
1753 4200 1934 4255 Vede-

279 4297 394 4352 lius
425 4313 518 4363 eo,
554 4295 695 4364 quia
725 4293 1099 4357 mulieribus,
1131 4309 1205 4347 ne
1237 4291 1310 4347 ad
1342 4291 1530 4346 altare
1560 4291 1932 4353 accederent,

281 4383 588 4442 nonnullis
618 4382 948 4438 canonibus
969 4381 1079 4452 (66)
1107 4381 1353 4435 vetitum
1386 4385 1564 4445 esset,
1599 4379 1735 4433 inde
1767 4380 1936 4450 lgna-

280 4476 428 4531 tium
461 4489 581 4528 non
632 4469 702 4526 de
761 4470 962 4541 aliquo
1022 4469 1338 4536 materiali,
1374 4467 1478 4523 sed
1510 4466 1583 4523 de
1613 4466 1931 4539 spirituali,

279 4579 525 4636 precum
555 4560 782 4616 scilicet
840 4564 900 4614 et
954 4558 1252 4612 rationum
1311 4556 1764 4628 intelligendum
1801 4573 1932 4611 esse

2041 645 2175 684 vero
2203 629 2373 684 altari
2406 645 2542 684 eum
2577 629 2738 701 loqui
2774 648 3016 687 necesse
3049 640 3156 690 est.
3179 636 3444 706 Denique
3472 641 3520 693 si
3562 656 3698 696 mu-

2038 716 2283 771 lieribus
2315 716 2515 771 altaris
2562 734 2832 773 accessus
2873 720 3016 776 olim
3064 722 3557 794 interdicebatur,
3591 744 3698 798 per

2041 805 2223 861 divini
2248 810 2476 862 tantum
2509 807 2689 862 officii
2719 815 3006 880 tempora,
3031 827 3151 866 non
3178 818 3399 881 autem,
3425 832 3557 869 cum
3591 833 3694 871 eu-

2042 896 2322 950 charistia
2344 896 2690 965 accipienda
2707 905 2880 963 esset,
2904 899 3045 953 illud
3070 901 3154 954 eis
3179 902 3540 972 prohibitum
3564 905 3696 958 fuit-

2115 985 2406 1040 lnstabis:
2439 986 2654 1041 Primis
2704 987 2976 1042 Ecclesim
3023 991 3256 1045 saeculis
3289 1009 3488 1046 vocem
3520 994 3698 1048 altare

2040 1075 2234 1130 rarius
2265 1074 2591 1130 adhibitam
2651 1093 2686 1130 a
2738 1077 3033 1142 Patribus,
3088 1079 3211 1149 qui,
3245 1096 3380 1135 cum
3412 1081 3696 1138 adversus

2043 1163 2311 1219 ethnicos
2341 1162 2732 1234 disputarent,
2757 1164 2879 1219 ulla
2902 1165 3249 1222 Christianis
3282 1168 3488 1225 altaria
3512 1171 3693 1227 fuisse

2045 1257 2393 1308 constanter
2417 1253 2833 1325 pernegabant.
2867 1254 2980 1309 Sed
3009 1255 3100 1310 his
3131 1255 3305 1311 facile
3337 1261 3697 1330 respondeas

2042 1347 2233 1417 primo
2273 1362 2467 1400 vocem
2503 1346 2668 1400 illam
2699 1348 2878 1402 altare
2917 1349 2988 1403 ab
3026 1349 3272 1420 lgnatio,
3297 1352 3504 1421 quidni
3539 1360 3595 1407 et
3624 1354 3696 1409 ab

2043 1435 2177 1490 aliis
2209 1434 2500 1498 Patribus,
2533 1451 2785 1505 quorum
2811 1437 3030 1507 scripta
3062 1438 3519 1509 perierunt,non
3540 1458 3694 1512 raro,

2044 1523 2147 1580 sed
2180 1541 2332 1596 saepe
2364 1531 2730 1596 usurpatam.
2765 1526 3055 1597 Secundo,
3102 1529 3149 1582 si
3201 1531 3380 1600 primi
3415 1532 3694 1587 Ecclesiaa

2043 1617 2246 1670 Patres
2279 1617 2338 1669 in
2371 1616 2492 1671 suis
2525 1623 2729 1671 contra
2760 1634 3018 1689 paganos
3064 1620 3299 1690 scriptis
3333 1628 3390 1676 et
3428 1623 3697 1694 disputa-

2045 1706 2304 1759 tionibus
2336 1704 2500 1759 nulla
2531 1705 2879 1760 Christianis
2911 1707 3122 1762 altaria
3169 1709 3352 1764 fuisse
3397 1710 3694 1781 dixerunt,

2043 1795 2105 1848 in
2140 1794 2274 1848 aliis
2306 1793 2586 1864 operibus
2633 1800 2735 1847 aut
2785 1796 3159 1851 sermonibus
3208 1799 3280 1852 ad
3331 1799 3696 1854 Christianos

2043 1883 2282 1950 habitis,
2308 1898 2414 1937 sua
2444 1883 2603 1953 ipsos
2627 1882 2837 1937 altaria
2861 1883 3136 1938 habuisse
3161 1893 3451 1941 asserunt.
3482 1889 3700 1952 Quam-

2049 1972 2254 2027 obrem
2287 1988 2421 2026 cum
2453 1971 2853 2041 antiquissimi
2914 1972 3000 2026 illi
3059 1975 3376 2045 scriptores
3407 1975 3518 2030 sibi
3551 1977 3695 2045 ipsis

2048 2059 2331 2115 contrarii
2363 2075 2492 2113 esse
2551 2075 2671 2112 non
2730 2059 2978 2130 possint,
3036 2061 3217 2116 iidem
3256 2062 3461 2132 procul
3492 2063 3692 2130 dubio,

2048 2148 2149 2203 nbi
2182 2148 2330 2202 illud
2363 2147 2723 2213 inﬁcientur,
2759 2147 2838 2202 ibi
2885 2149 2954 2202 de
2988 2149 3272 2205 altaribus
3323 2151 3598 2222 publicis,
3633 2151 3695 2206 in

2048 2237 2264 2308 quibus
2295 2237 2586 2292 sacriﬁcia
2618 2238 2876 2292 maximo
2907 2244 3213 2310 apparatu,
3244 2245 3303 2294 et
3333 2258 3695 2313 paganorum

2047 2343 2212 2381 more
2247 2327 2478 2392 flerent,
2520 2332 2659 2380 sunt
2707 2327 3100 2400 intelligendi.
3135 2331 3204 2382 Et
3230 2335 3387 2384 certe
3419 2347 3552 2384 cum
3587 2330 3697 2400 ipsi

2049 2415 2468 2470 eucharistiam
2500 2431 2702 2468 verum
2733 2416 2994 2486 corporis
3043 2421 3101 2470 et
3149 2418 3455 2488 sanguinis
3485 2419 3699 2472 Christi

2049 2506 2407 2562 sacrificium
2428 2521 2556 2560 esse
2581 2506 2741 2560 omni
2762 2508 3196 2562 asseveratione
3218 2508 3700 2578 afﬁrment,apud

2048 2595 2414 2650 Christianos
2463 2610 2665 2649 verum
2723 2610 2789 2649 ac
2846 2597 3152 2666 proprium
3218 2597 3404 2652 altare
3462 2597 3701 2668 aliquod

2048 2684 2252 2753 fuisse,
2284 2700 2499 2756 negare
2527 2701 2647 2738 non
2678 2689 3017 2754 potuerunt.

2121 2776 2201 2829 De
2233 2773 2607 2829 eucharistiaa
2631 2780 3001 2829 sacramento
3027 2774 3327 2831 disserens
3355 2777 3414 2832 D.
3438 2777 3702 2848 Ignatius

2049 2865 2223 2920 simul
2259 2863 2522 2920 declarat
2544 2863 2805 2919 divinum
2835 2865 2990 2919 hunc
3014 2865 3210 2920 cibum
3243 2866 3539 2936 quoddam
3575 2884 3699 2921 esse

2049 2954 2403 3021 remedium,
2433 2953 2590 3025 quod
2611 2953 2884 3026 producit
2908 2954 3416 3009 immortalitatem
3441 2972 3453 3009 :
3478 2955 3704 3027 Φάρμα-

2048 3066 2141 3100 κον
2176 3046 2482 3114 ἀθανασίας,
2516 3070 2529 3096 ‹
2577 3047 2963 3116 pharmacum
3011 3046 3475 3102 immortalitatis
3507 3050 3637 3115 (67).
3670 3068 3698 3098 »

2047 3136 2306 3208 glorioso
2337 3136 2447 3191 hoc
2479 3136 2723 3190 nomine
2764 3135 2922 3191 istud
2969 3134 3232 3190 divinum
3264 3143 3701 3191 sacramentum

2051 3225 2310 3298 appellat
2336 3241 2348 3280 :
2383 3225 2702 3295 statimque
2734 3224 2900 3280 addit
2929 3224 3086 3295 quod
3117 3232 3555 3281 sacramentum
3595 3227 3706 3281 hoc

2053 3320 2143 3370 est
2165 3339 2189 3364 ‹‹
2217 3313 2645 3379 antidotum,ne
2664 3314 3116 3378 moriamur,sed
3135 3315 3383 3370 vivamus
3400 3332 3626 3386 semper
3645 3315 3704 3370 in

2053 3405 2188 3460 Jesu
2215 3404 2465 3458 Christo.
2502 3404 2868 3476 »Magni{icaa
2902 3404 3211 3475 hujumodi
3245 3406 3490 3476 phrases
3519 3406 3580 3459 in
3602 3423 3704 3461 au-

2054 3501 2213 3548 ctore
2248 3497 2366 3548 tam
2392 3497 2640 3560 vetusto,
2675 3493 2829 3548 sicut
2875 3498 2964 3547 est
2993 3495 3056 3547 D.
3091 3495 3374 3565 Ignatius,
3407 3512 3705 3550 summam

2057 3581 2361 3637 evidenter
2391 3581 2709 3636 ostendunt
2731 3581 3193 3648 venerationem,
3221 3599 3335 3652 qua
3356 3583 3706 3638 colebantur

2057 3669 2256 3726 divina
2285 3670 2411 3725 haec
2443 3669 2726 3742 mysteria
2762 3670 2972 3741 primis
3002 3669 3281 3724 Ecclesiae
3315 3671 3701 3742 temporibus.

2623 3830 3017 3886 ARTICULUS
3062 3831 3132 3886 II.

2517 3979 2951 4020 OBSERVATXONES
2994 3981 3241 4020 IORALES

2125 4110 2346 4162 Praater
2363 4106 2749 4178 obligationes
2767 4107 3478 4179 episcOpos,presbyteros
3496 4125 3562 4164 ac
3583 4109 3704 4166 dia-

2056 4213 2236 4252 conos
2257 4202 2708 4262 concernentes,
2728 4195 3198 4251 Christianorum
3232 4197 3475 4268 insuper
3496 4199 3702 4253 munia

2055 4291 2114 4341 et
2142 4286 2534 4358 obligationes
2566 4287 2624 4340 in
2657 4285 2909 4358 epistola
2928 4286 3001 4340 ad
3026 4286 3417 4357 Polycarpum
3440 4289 3551 4358 (68)
3569 4305 3701 4359 per-

2054 4380 2286 4444 tractat,
2319 4376 2379 4430 in
2411 4392 2527 4446 qua
2556 4376 2785 4447 magnis
2815 4375 2991 4430 etiam
3035 4375 3309 4430 laudibus
3341 4383 3514 4430 ornat
3541 4377 3704 4431 caeli-

2053 4466 2188 4522 bem
2211 4468 2389 4523 vitam
2410 4469 2522 4538 (69)
2545 4473 2818 4539 agentes:
2854 4483 2953 4521 eos
2977 4474 3175 4522 tamen
3198 4474 3511 4538 pr0pterea
3535 4468 3698 4522 inani

2052 4559 2240 4630 gloria
2270 4559 2466 4614 etTerri
2517 4574 2636 4611 non
2666 4557 2806 4612 vult.
2840 4556 2925 4611 Illi
2971 4573 3125 4622 vero,
3159 4556 3260 4625 qui
3290 4555 3528 4626 nuptias
3559 4573 3698 4611 con-

281 4651 610 4708 contendit.
643 4648 953 4703 Enimvero
985 4646 1144 4702 idem
1176 4646 1301 4716 ipse
1334 4646 1630 4712 Vedelius,
1663 4662 1798 4700 cum
1828 4646 1938 4701 hos
1969 4648 2016 4711 D
2057 4649 2320 4716 trahunt,
2352 4647 2554 4702 subdit
2585 4647 2710 4718 ipse
2742 4647 2852 4716 (7'0)
2884 4645 2940 4699 id
2984 4646 3255 4716 episcOpo
3288 4651 3587 4700 annuente
3613 4647 3698 4700 fa-

282 4744 423 4797 citat
455 4755 735 4805 canones,
776 4737 876 4808 qui
910 4752 1111 4791 vocem
1161 4735 1364 4789 altaris
1410 4751 1552 4788 vero
1585 4751 1653 4789 ac
1682 4735 1940 4807 genuino

283 4849 467 4888 sensu
485 4827 1064 4901 usurpant,seipsum
1090 4825 1436 4897 imprudens
1453 4824 1938 4896 jugulat.Deinde

280 4921 546 4993 Ignatius
577 4919 648 4974 de
679 4916 1039 4973 eucharistia
1084 4915 1368 4985 loquitur,
1419 4930 1487 4969 ac
1534 4913 1783 4984 proinde
1818 4931 1938 4970 non

274 5071 463 5144 Ἰὴσοῦ
501 5073 736 5147 Χριστοῦ
791 5069 930 5124 κατὰ
988 5068 1160 5122 πάντα
1204 5087 1234 5120 τ
1273 5067 1405 5120 όπον
1454 5071 1616 5119 πᾶσιν
1669 5061 1931 5138 ἀρέσκεινο

276 5147 338 5192 οὗ
366 5147 474 5192 γὰο
501 5144 809 5192 Baconiith
840 5141 930 5192 καὶ
973 5144 1154 5192 ποτῶν
1207 5084 1306 5192 εἶσι
1341 5136 1609 5192 διάκονοι.
1644 5134 1771 5190 ἀλλ’
1808 5138 1931 5191 Ἐκ-

276 5134 474 5222 oti-{ip
501 5134 809 5219 βρωμάτων
840 5141 930 5194 καὶ
973 5144 1154 5194 ποτῶν
1207 5134 1306 5192 εἶσι
1341 5136 1609 5201 διάκονοι,
1644 5134 1771 5190 ἀλλ’
1808 5138 1936 5191 Ἐκ-

276 5217 507 5263 nith
538 5219 672 5263 Θεοῦ
707 5215 994 5263 ὑπήοεται,
1025 5233 1052 5263 ‹‹
1080 5214 1324 5263 Oportet
1343 5216 1542 5263 autem
1570 5213 1628 5263 et
1649 5209 1933 5263 diaconos

271 5214 511 5285 κλήσίὲιέ
538 5219 672 5270 Θεοῦ
707 5215 814 5282 ὑπή
827 5231 994 5286 ρεται.
1025 5233 1052 5263 ‹‹
1080 5214 1324 5282 Oportet
1343 5216 1542 5264 autem
1570 5214 1628 5263 et
1649 5214 1933 5263 diaconos

274 5290 695 5396 mysteriorum
718 5288 856 5340 Jesu
873 5283 1088 5364 Christi
1111 5282 1414 5363 ministros
1432 5281 1593 5336 omni
1612 5280 1788 5334 modo
1811 5297 1934 5362 om-

274 5364 330 5396 n:
367 5378 450 5396 me
484 5360 712 5396 nlnnnra
770 5359 890 5396 Nnn
925 5371 1085 5396 mum
1124 5353 1392 5396 mhnrnm
1447 5361 1505 5396 at.
1536 5358 1780 5396 nntnnm
1819 5367 1932 5396 mi...

274 5353 452 5416 nibus
484 5359 894 5432 placere._Non
925 5356 1087 5432 enim
1119 5353 1394 5432 ciborum
1433 5361 1505 5432 et
1536 5358 1782 5432 pot_u_ur_n

279 5432 451 5487 nistri
485 5423 642 5497 sunt,
666 5429 771 5485 sed
815 5427 1090 5482 Ecclesim
1118 5425 1220 5480 Dei
1243 5425 1520 5480 ministri.
1548 5445 1574 5473 »
1608 5423 1692 5477 Ad
1725 5423 1928 5489 Trall.,

281 5523 332 5559 θ’
356 5508 470 5644 (ξι)
505 5571 624 5644 Lib.
658 5571 734 5626 De
762 5571 1036 5639 virginit,
1069 5584 1125 5644 c.
1153 5567 1243 5644 l8,
1271 5568 1298 5634 §
1329 5567 1449 5620 119.

358 5642 470 5713 (62)
501 5643 626 5698 Lib.
661 5659 674 5695 l
705 5645 782 5697 De
810 5644 990 5711 0fﬁc.,
1023 5657 1073 5696 c.
1105 5642 1194 5692 41.

358 5718 470 5786 (63)
502 5716 737 5770 Canone
767 5716 856 5768 41.

357 5789 472 5861 (64)
499 5787 639 5858 Cap.
669 5787 723 5842 5.

2054 4737 2234 4803 ciant,
2261 4741 2327 4791 ut
2354 4736 2577 4807 nuptiae
2611 4735 2938 4790 secundum
2965 4735 3150 4789 Deum
3174 4735 3314 4803 sint,
3338 4751 3457 4789 non
3487 4751 3696 4790 secun-

2055 4825 2196 4882 dum
2228 4825 2635 4896 cupiditatem.

2125 4917 2191 4970 In
2223 4913 2475 4985 epistola
2495 4913 2568 4969 ad
2592 4912 2877 4984 Ephesios
2900 4919 3136 4969 sanctus
3156 4918 3380 4984 martyr
3401 4929 3698 4969 commen-

2117 5069 2230 5140 (65)
2258 5069 2397 5139 Cap.
2428 5069 2482 5122 4.

2116 5159 2226 5228 (66)
2257 5155 2482 5213 Concil.
2514 5155 2944 5226 Laodicaenum,
2978 5172 3206 5212 canone
3236 5158 3324 5211 44.

2114 5247 2228 5317 (67)
2255 5245 2435 5317 Epist.
2471 5244 2544 5300 ad
2574 5246 2813 5316 Ephes.,
2845 5262 2974 5317 cap.
2999 5249 3089 5301 20.

2139 5338 2224 5392 68)
2259 5336 2396 5392 Can.
2431 5337 2482 5390 6.

2111 5336 2224 5475 (ἐξ)
2254 5336 2542 5489 ῗὲἓῖὀϐιίίἓ
2569 5413 2760 5489 potest
2789 5406 2847 5460 in
2882 5406 3423 5489 cas‘titateinanere
3461 5407 3532 5462 ad
3561 5409 3693 5489 ho:

2042 5494 2250 5534 norem
2284 5478 2480 5534 carnis
2505 5480 2847 5541 Dominicis,
2881 5479 2939 5532 in
2973 5478 3306 5532 humilitate
3339 5487 3594 5536 maneat.
3633 5481 3689 5535 Si

2041 5550 2347 5622 glorietur,
2377 5551 2574 5620 periit.
2604 5552 2674 5604 Et
2695 5551 2742 5606 si
2773 5567 2834 5605 se
2857 5551 3145 5620 majorem
3169 5549 3442 5620 episcopo
3466 5559 3688 5615 censet,

2039 5619 2288 5694 interiit.
2316 5641 2349 5694 ε
2379 5619 2564 5692 Epist.
2597 5622 2671 5676 ad
2700 5619 3030 5694 Polycarp.,
3064 5637 3114 5677 c.
3147 5624 3198 5674 ὕ.

2111 5692 2218 5761 (70)
2250 5715 2278 5743 ιι
2314 5690 2492 5747 Decet
2519 5698 2585 5746 ut
2613 5690 2822 5763 sponsi
2870 5699 2928 5748 et
2949 5690 2964 5692 _
2985 5708 3216 5762 sponsae
3267 5690 3339 5747 de
3389 5695 3689 5750 sententia

2037 5766 2297 5837 episcopi
2322 5763 2662 5835 conjugium
2684 5763 2923 5832 faciant,
2947 5780 3064 5834 quo
3091 5763 3312 5835 nuptiae
3344 5763 3464 5822 sint
3484 5783 3688 5821 secun-
