4060 6206
425 346 543 410 890

1506 342 1569 403 S.
1615 338 2007 403 IGNATIUS.
2056 372 2128 383 —
2173 331 2796 399 PROLEGOMENA.

3683 340 3788 405 600

430 482 550 548 dat,
585 481 764 536 fidem
803 496 872 535 ac
902 479 1251 534 charitatem
1308 477 1451 548 (7t);
1511 476 1796 532 orationis
1827 474 2080 547 publica
2108 475 2158 538 Α
2193 470 2397 526 Nullus
2427 470 2604 525 ﬁdem
2635 469 3061 540 repromittens
3091 475 3310 540 peccat,
3345 487 3528 543 neque
3557 475 3794 534 charita-

432 575 743 626 enumerat
771 567 1058 622 utilitates
1089 566 1226 634 (72).
1263 587 1284 614 σ
1323 567 1504 620 Nemo
1535 572 1712 634 erret,
1737 565 1822 620 ait
1842 566 1897 619 S.
1917 565 2082 636 lgna-

432 659 572 727 tius,
609 657 722 712 nisi
747 655 880 725 quis
911 655 1067 708 intra
1096 642 1282 709 altare
1322 655 1420 724 sit,
1451 655 1715 726 privatur
1752 670 1904 725 pane
1937 653 2036 707 Dei
2065 668 2078 706 :

435 749 484 801 si
515 746 674 801 enim
706 744 882 800 unius
914 749 1090 814 atque
1121 744 1364 800 alterius
1413 745 1673 816 precatio
1705 749 1899 798 tantas
1929 744 2082 798 vires

432 834 630 896 habet,
666 839 888 902 quanto
920 834 1107 904 magis
1129 833 1253 901 illa,
1278 851 1409 904 qua
1440 834 1702 906 episcopi
1735 839 1844 897 est,
1876 832 1967 887 vel
1999 837 2082 886 to-

433 924 549 978 tius
581 922 878 978 Ecclesia.
912 923 1018 987 Qui
1052 923 1230 995 igitur
1259 925 1320 978 in
1364 929 1716 979 conventum
1748 940 1868 978 non
1898 923 2080 990 venit,

431 1013 529 1067 hic
556 1011 684 1082 jam
717 1012 995 1082 superbia
1027 1013 1217 1067 elatus
1247 1019 1357 1080 est,
1391 1018 1448 1066 et
1476 1012 1740 1084 seipsum
1766 1013 2080 1083 separavit.

433 1101 574 1156 Date
605 1101 804 1171 itaque
828 1116 1092 1172 operam,
1123 1123 1143 1147 ιι
1171 1101 1255 1155 ait
1277 1101 1522 1173 insuper
1542 1100 1615 1156 ad
1637 1099 1877 1156 eosdem
1901 1100 2086 1172 Ephe-

432 1190 574 1257 sios,
628 1212 648 1238 α
685 1196 745 1243 ut
793 1191 1033 1244 crebrius
1076 1190 1534 1262 congregemini,
1583 1189 1659 1245 ad
1703 1189 1922 1262 gratias
1964 1190 2082 1244 Deo

431 1277 707 1349 agendas,
743 1277 1024 1348 illiusque
1072 1279 1360 1350 gloriam:
1407 1278 1644 1348 quando
1676 1279 1834 1334 enim
1865 1279 2084 1351 sapius

431 1366 494 1420 in
519 1365 677 1419 idem
700 1366 814 1420 loci
839 1367 1186 1434 convenitis,
1207 1367 1639 1422 labefactantur
1659 1368 1811 1422 vires
1833 1367 2082 1436 Satana,

433 1459 492 1509 et
514 1454 833 1509 concordia
854 1461 1060 1509 vestra
1086 1455 1219 1511 ﬁdei
1245 1455 1495 1511 solvitur
1514 1457 1782 1525 exitium,
1803 1457 1961 1527 quod
1981 1456 2082 1510 ille

431 1543 632 1600 infert.
671 1567 699 1594 »
734 1545 790 1599 Si
839 1545 1197 1617 gravissima
1250 1547 1591 1618 hujusmodi
1643 1549 1919 1604 veritates
1949 1565 2085 1620 pro-

434 1632 615 1687 funde
645 1633 706 1688 in
738 1634 1040 1689 mentibus
1074 1635 1339 1690 ﬁdelium
1377 1642 1594 1691 nostra
1640 1639 1832 1692 atatis
1861 1637 2087 1692 inscul-

434 1725 509 1775 ta
541 1727 760 1788 essent,
792 1724 1141 1793 neutiquam
1192 1723 1540 1780 innumeros
1582 1727 2083 1797 conspiceremus,

433 1809 535 1878 qui
559 1809 782 1879 absque
801 1810 1065 1882 legitima
1086 1827 1263 1867 causa
1285 1818 1343 1867 et
1358 1819 1564 1868 contra
1584 1830 1788 1868 verum
1814 1813 2086 1869 Ecclesia
2116 1843 2164 1908 Β

430 1898 730 1968 spiritum,
763 1907 1138 1956 sacrosancto
1191 1903 1388 1958 missa
1437 1903 1753 1973 sacriﬁcio,
1782 1909 1842 1959 et
1870 1903 2084 1959 divinis

426 1989 681 2059 propria
715 1990 984 2059 paracia
1018 1991 1252 2058 ofﬁciis,
1278 2009 1345 2047 ac
1367 1993 1415 2047 si
1439 2010 1641 2049 revera
1673 1995 1970 2048 immunes
2002 2010 2085 2048 es-

429 2081 580 2144 sent,
601 2093 732 2132 raro
757 2084 860 2133 aut
880 2096 1185 2150 nunquam
1209 2082 1454 2136 omnino
1478 2083 1860 2138 intersunt.Si
1883 2089 2083 2138 autem

430 2164 706 2218 maxima
735 2165 1042 2229 utilitates,
1080 2183 1209 2237 qua
1259 2167 1536 2224 fidelibus
1566 2169 1890 2224 obveniunt
1916 2169 2085 2225 Chri-

429 2251 638 2305 stianis
669 2253 827 2307 hisce
859 2270 893 2308 a
925 2257 1334 2324 conventibus,
1367 2274 1466 2312 eos
1507 2275 1627 2314 non
1653 2265 1924 2332 tangunt,
1957 2276 2081 2314 mo-

429 2355 562 2394 vere
587 2341 798 2396 saltem
825 2342 1114 2398 deberent
1131 2346 1415 2416 pericula,
1444 2347 1659 2418 quibus
1682 2355 2082 2420 exponuntur,

431 2427 575 2484 dum
608 2430 834 2501 seipsos
866 2431 939 2486 ab
972 2432 1087 2486 illis
1118 2442 1444 2508 segregant.

502 2518 821 2590 Complura
841 2520 1097 2592 denique
1121 2531 1452 2581 memoratu
1474 2526 1824 2599 dignissima
1845 2528 1916 2582 de
1943 2527 2076 2598 ﬁde,

430 2607 738 2673 charitate,
772 2626 840 2664 ac
876 2610 1085 2666 timore
1119 2613 1299 2668 tradit
1331 2615 1384 2672 S.
1419 2622 1676 2688 martyr:
1707 2615 1780 2672 de
1814 2617 1928 2672 ﬁde
1958 2619 2084 2689 qui-

429 2696 587 2760 dem,
619 2702 800 2768 atque
831 2700 1120 2756 charitate
1178 2702 1259 2758 ita
1317 2703 1616 2774 loquitur:
1651 2728 1679 2755 ‹‹
1715 2706 2082 2777 Principium

432 2785 673 2856 quidem
707 2787 885 2858 (vita)
920 2789 1087 2851 ﬁdes,
1125 2791 1261 2846 ﬁnis
1299 2809 1435 2847 vero
1485 2794 1744 2849 charitas
1787 2795 1835 2864 (1
1869 2798 2008 2851 Tim.
2041 2812 2081 2860 ι,

427 2874 501 2945 5).
535 2895 556 2924 ι
592 2894 624 2928 ι(
655 2877 787 2931 Hac
813 2883 1010 2932 autem
1035 2878 1151 2933 duo
1175 2880 1235 2934 in
1266 2897 1453 2935 unum
1485 2883 1761 2937 coeuntia
1783 2883 1883 2938 Dei
1907 2889 2045 2939 sunt
2071 2901 2087 2940 :

425 2964 628 3019 omnia
656 2981 792 3020 vero
830 2965 945 3022 alia
977 2967 1049 3023 ad
1099 2969 1454 3039 probitatem
1498 2977 1892 3030 consectanea
1922 2979 2081 3029 sunt.

425 3087 562 3169 dum
599 3091 938 3169 Dominum,
971 3098 1041 3169 et
1077 3111 1222 3169 n_on_
1247 3095 1572 3152 secundum
1607 3097 2012 3169 cupiditatem.
2051 3123 2072 3152 ι

423 3160 668 3234 Ibidem.
704 3164 787 3217 En
823 3164 1074 3234 requirit
1103 3166 1154 3220 S.
1191 3165 1398 3222 doctor
1429 3160 1807 3233 sententiam,
1841 3187 1946 3225 seu
1977 3170 2076 3224 be-

427 3231 830 3310 nedictignem
850 3231 1131 3310 episcapi,
1147 3244 1211 3291 ut
1232 3239 1452 3310 nuptia
1475 3231 2077 3310 conferantgratiam.

495 3307 610 3375 (7t)
643 3306 904 3380 Epistola
933 3307 1006 3380 ad
1037 3306 1273 3380 Ephes.,
1306 3306 1435 3380 cap.
1492 3312 1523 3364 8
1566 3318 1623 3366 et
1667 3314 1750 3368 14.
1781 3306 1930 3369 Vide
1961 3330 2076 3368 no-

433 3380 613 3452 stram
645 3378 930 3452 énalysin
963 3378 1217 3452 laudata
1251 3378 1532 3452 epistola.

503 3449 612 3589 (72;
645 3449 826 3518 Epist.
863 3449 935 3504 ad
967 3451 1206 3522 Ephes,
1235 3449 1364 3523 cap.
1387 3455 1423 3507 6
1445 3459 1500 3508 et
1528 3456 1610 3508 l3.

504 3519 590 3588 (73
648 3519 732 3573 Ad
759 3521 968 3589 Ephes.
996 3525 1124 3589 Ep.,
1148 3540 1276 3589 cap.
1300 3527 1364 3578 14
1388 3530 1445 3579 et
1466 3527 1518 3589 8,
1538 3525 1610 3580 di:

504 3519 612 3594 (73)
648 3519 732 3594 Ad
759 3521 968 3592 Ephes.
996 3519 1124 3593 Ep.,
1148 3540 1276 3594 cap.
1300 3519 1364 3578 l4
1388 3530 1445 3579 et
1466 3527 1518 3593 8,
1538 3525 1712 3581 dicit:
1737 3549 1765 3574 «
1799 3527 2080 3584 Carnales

433 3589 1113 3669 spiritu_alia__exercere
1133 3589 1480 3669 nequeunt,
1505 3589 1709 3669 neque
1741 3599 2080 3669 spirituales

432 3661 712 3740 carnalia,
746 3663 900 3740 sicut
930 3682 1040 3719 nec
1073 3661 1406 3740 ﬁdesfqua
1454 3661 1888 3725 incredulitatis
1919 3677 2078 3740 sunt,

431 3749 540 3788 nec
571 3733 974 3810 incredulitas,
1000 3754 1130 3808 qua
1155 3733 1326 3810 ﬁdei';
1361 3756 1490 3810 qua
1514 3756 1649 3796 vero
1673 3747 1732 3795 et
1752 3733 2080 3798 secundum

429 3819 669 3880 carnem
728 3807 920 3880 agitis,
973 3807 1039 3863 ea
1089 3807 1422 3880 spirituali'a
1453 3818 1609 3880 sunt,
1644 3813 1704 3868 in
1750 3814 1887 3869 Jesu
1923 3816 2082 3870 enim

431 3876 660 3932 Christo
692 3876 1177 3935 omnia’anitisf»

502 3896 660 3932 ll‘lSlO
692 3896 895 3935 omnia
923 3897 956 3935 a
999 3896 1115 3935 ius.
1149 3903 1177 3930 »

502 3949 616 4020 (74)
646 3950 830 4021 Epist.
863 3951 937 4007 ad
959 3896 1206 4024 %phes.,
1240 3969 1366 4026 cap.
1402 3956 1455 4012 9.

2191 565 2309 614 tem
2342 559 2652 630 possidens
2684 559 2829 613 odit.
2863 558 3179 614 Manifesta
3225 565 3309 615 est
3337 561 3505 616 arbor
3533 579 3597 618 ex
3627 566 3798 624 fructu

2190 649 2415 720 ipsius:
2470 648 2743 703 similiter
2798 647 2900 718 qui
2952 649 3304 718 proﬁtentur
3359 667 3418 705 se
3473 653 3796 712 Christianos

2190 754 2341 804 esse,
2361 754 2432 792 ex
2455 738 2550 802 iis,
2573 754 2703 808 qua
2726 737 2964 804 facient,
2987 743 3328 792 cernentur.
3348 740 3468 794 Non
3490 741 3637 796 enim
3660 760 3802 801 nunc

2190 826 2671 898 repromissionis
2702 843 2872 898 opus,
2890 826 2994 881 sed
3017 844 3124 898 per
3153 826 3423 882 virtutem
3455 829 3607 898 ﬁdei,
3627 833 3670 886 si
3688 834 3803 903 quis

2191 915 2525 972 inveniatur
2571 932 2759 987 usque
2809 915 2883 971 ad
2932 915 3111 971 ﬁnem
3143 918 3271 988 (73).
3305 938 3332 966 ιι
3385 918 3461 972 De
3509 920 3701 976 timore
3731 939 3806 977 se-

2191 1006 2435 1076 quentia
2466 1005 2644 1060 habet
2667 1021 2680 1060 :
2709 1027 2736 1055 «
2761 1008 3239 1073 Revereamur,et
3260 1006 3565 1062 timeamus
3587 1010 3679 1065 Dei
3700 1011 3805 1065 lon-

2191 1097 2620 1170 ganimitatem,
2641 1115 2714 1154 ne
2739 1099 2799 1154 in
2812 1099 3109 1170 judicium
3141 1099 3311 1154 nobis
3342 1099 3637 1157 cedat.Aut
3662 1103 3804 1159 enim

2193 1186 2452 1241 futuram
2485 1187 2800 1242 timeamus
2845 1186 3015 1254 iram,
3059 1192 3161 1242 aut
3206 1194 3556 1259 prasentem
3584 1192 3804 1262 gratiam

2195 1274 2531 1348 diligamus,
2555 1291 2741 1331 unum
2773 1291 2841 1330 ex
2873 1275 3125 1346 duobus,
3157 1277 3333 1333 modo
3359 1279 3420 1333 in
3449 1279 3662 1334 Christo
3688 1282 3810 1338 Jesu

2193 1365 2568 1421 inveniamur
2597 1365 2670 1420 ad
2697 1381 2900 1420 veram
2930 1368 3106 1421 vitam
3139 1367 3445 1423 vivendam
3474 1370 3601 1442 (74).
3629 1392 3655 1418 ››

2751 1500 3145 1556 ABTICULUS
3184 1500 3280 1555 ΠΙ.

2565 1625 2997 1666 OBSERVATIONES
3043 1628 3470 1668 DISCIPLINARES.

2268 1720 2491 1774 Prater
2511 1718 2638 1790 jam
2689 1719 2808 1774 alia
2863 1719 3022 1774 inter
3076 1720 3440 1792 dogmaticas
3469 1721 3810 1778 animadver-

2199 1807 2397 1863 siones
2419 1809 2792 1863 occurrentia
2814 1807 3145 1880 disciplina
3167 1810 3558 1882 puncta,illud
3579 1811 3740 1866 etiam
3760 1813 3813 1868 in

2195 1898 2251 1952 S.
2274 1896 2485 1970 Ignatii
2509 1897 2779 1970 epistolis
2803 1897 3210 1954 adnotandum
3231 1905 3482 1968 est,cum
3507 1901 3815 1972 episcopum

2197 1986 2516 2056 quemdam
2574 1985 2646 2041 ab
2705 1986 2956 2042 ecclesia
3011 2004 3119 2043 sua
3167 1988 3298 2044 sine
3343 1989 3464 2044 ulla
3494 1989 3702 2045 reditus
3729 2005 3819 2062 spe

2194 2075 2401 2130 abesse
2433 2075 2822 2148 contingeret,
2855 2077 2983 2147 ejus
3016 2082 3217 2132 tamen
3248 2078 3638 2134 ministerium
3667 2095 3729 2134 ea
3754 2079 3816 2134 de

2194 2181 2374 2220 causa
2404 2163 2478 2219 ad
2510 2165 2808 2220 seniorem
2836 2165 2948 2238 (75)
2982 2183 3012 2221 e
3043 2167 3411 2238 presbyteris
3441 2168 3683 2224 delatum
3711 2185 3814 2222 non

2194 2253 2398 2323 fuisse,
2413 2259 2591 2324 atque
2613 2271 2766 2326 sape
2783 2253 3086 2325 juniorem
3103 2255 3516 2328 presbyterum
3534 2259 3634 2328 (76)
3652 2258 3818 2313 senio-

2195 2343 2358 2398 ribus
2380 2343 2732 2414 posthabitis
2763 2344 2838 2399 ad
2879 2344 3290 2416 episcopatum
3339 2352 3596 2402 evectum
3634 2346 3812 2401 fuisse.

2267 2431 2659 2488 Observamus
2699 2439 2996 2504 postremo
3041 2435 3413 2491 Dominicam
3443 2442 3578 2491 tunc
3608 2435 3816 2491 Sabbati

2196 2523 2326 2578 loco
2361 2522 2422 2578 in
2451 2523 2590 2578 Jesu
2620 2522 2836 2578 Christi
2869 2525 3333 2581 resurrectionis
3354 2525 3689 2582 memoriam
3718 2525 3817 2580 coli

2197 2610 2431 2666 solitam
2465 2627 2614 2666 esse.
2648 2611 2850 2681 Inquit
2876 2611 3034 2666 enim
3059 2612 3112 2666 S.
3139 2611 3402 2685 lgnatius
3426 2613 3483 2668 in
3507 2611 3737 2685 epistola
3755 2611 3817 2667 ad

2195 2703 2604 2774 Magnesianos
2637 2705 2741 2766 (77)
2779 2719 2792 2757 :
2853 2727 2880 2753 ιι
2913 2704 3002 2758 Ad
3031 2704 3360 2762 novitatem
3409 2707 3535 2760 vita
3564 2709 3818 2760 venerunt

2193 2795 2540 2866 (propheta)
2574 2812 2693 2849 non
2744 2794 3002 2866 amplius
3051 2795 3376 2852 Sabbatum
3429 2796 3698 2863 colentes,
3727 2794 3815 2849 sed

2189 2882 2357 2953 juxta
2393 2883 2760 2938 Dominicam
2797 2883 3076 2952 viventes,
3112 2885 3172 2938 in
3227 2903 3349 2956 qua
3397 2892 3456 2941 et
3501 2886 3614 2939 vita
3642 2891 3818 2938 nostra

2198 2978 2404 3028 exorta
2434 2978 2523 3028 est
2552 2989 2658 3044 per
2677 2973 2876 3028 Jesum
2898 2972 3197 3029 Christum
3230 2981 3295 3029 et
3316 2982 3561 3030 mortem
3585 2974 3769 3046 ipsius.
3793 2995 3814 3024 »

2264 3099 2372 3168 (75)
2403 3119 2423 3147 ι
2447 3099 2734 3170 Memores
2759 3102 2946 3170 estote
2996 3098 3056 3152 in
3101 3099 3387 3170 precibus
3416 3101 3617 3155 vestris
3644 3099 3815 3154 Eccleo

2191 3170 2453 3243 sia,qua
2484 3175 2575 3243 est
2604 3169 2689 3243 _in
2719 3169 2885 3243 Syria
2914 3185 3047 3243 qua
3079 3169 3185 3240 pro
3214 3187 3315 3226 me
3365 3193 3391 3222 ι(
3416 3175 3530 3228 Deo
3563 3178 3774 3243 pastore
3797 3191 3815 3218 ο

2189 3240 2575 3298 utitur.Solus
2601 3241 2980 3315 ips_am»Jesus
3005 3242 3279 3315 Christus
3310 3244 3433 3298 vice
3465 3240 3711 3315 episcopi
3739 3257 3816 3296 re-

2192 3318 2309 3385 get,
2343 3319 2402 3386 et
2433 3313 2931 3386 vestracharitas.
2967 3333 3007 3386 »_
3028 3313 3113 3367 Ad
3132 3316 3333 3379 Rom.,
3365 3313 3594 3386 capfix.

2257 3385 2372 3455 (76)
2407 3405 2435 3434 «
2466 3385 2577 3458 Yos
2608 3382 2802 3458 decet
2826 3400 2944 3438 non
2985 3384 3349 3458 familiarius
3389 3382 3455 3441 ac
3485 3385 3717 3458 superbe
3745 3383 3816 3458 uti

2191 3462 2364 3510 atate
2395 3455 2681 3526 episcopi,
2703 3455 2807 3509 sed
2857 3456 3186 3512 secundum
3212 3457 3495 3513 virtutem
3529 3455 3622 3513 Hei
3652 3456 3815 3511 Patris

2191 3543 2431 3600 omnem
2456 3526 2746 3600 impertiri
2773 3527 2858 3580 illi
2883 3530 3279 3584 reverentiam
3306 3547 3320 3596 ;
3348 3527 3816 3600 quemadmodum

2189 3599 2319 3672 novi
2355 3603 2589 3652 sanctos
2637 3597 2830 3672 facere
2878 3600 3295 3672 presbyteros;
3329 3597 3450 3655 non
3491 3601 3812 3672 repicientes

2191 3671 2264 3725 ad
2310 3674 2693 3740 apparentem
2745 3669 3075 3741 juve’nilern
3134 3669 3600 3735 ordinationem,
3644 3670 3734 3725 sed
3761 3673 3816 3722 ut

2190 3743 2510 3816 prudentes
2559 3740 2620 3816 i_n
2681 3740 2801 3816 Dee
2839 3742 3118 3816 cedentes
3149 3743 3291 3816 ipsi,
3328 3762 3449 3800 non
3483 3745 3590 3816 ipsi
3621 3749 3816 3816 autem2

2191 3811 2292 3888 sed
2349 3812 2506 3868 Patri
2555 3812 2691 3888 Iesu
2745 3813 2960 3868 Christi
3019 3811 3292 3870 omnium
3349 3811 3640 3888 episcopo.
3675 3837 3700 3864 υ
3744 3811 3818 3865 Ad

2191 3887 2486 3956 Magnes,
2499 3899 2630 3954 cap.
2663 3884 2718 3939 3.

2286 3953 2372 4020 77)
2405 3953 2493 4012 Ad
2521 3953 2801 4027 Magnes.,
2835 3973 2964 4029 cap.
2998 3959 3050 4013 9.
