4030 6212
244 320 363 382 60!
892 317 991 380 DE
1034 318 1578 381 INTEGRlTATE
1620 319 1929 382 TEXTUS
1971 319 2300 383 RECEPTI
2345 323 2521 384 EPP.
2571 321 2630 385 S.
2681 323 3004 386 IGNATII.
3544 325 3665 390 602

250 448 2490 485 Μ

1309 645 1474 738 DE
1521 645 1988 740 TEXTUS
2063 649 2588 745 HECEPTI

486 874 1441 1002 EPISTULARUM
1599 879 1704 1004 S.
1876 880 2424 1005 IGNATII
2572 884 3411 1009 ANTIOCHE‘NI

1679 1113 2226 1175 INTEGHITATE

1067 1313 2086 1462 DISQUISITIO
2183 1320 2843 1444 CRITIGA

1385 1565 1668 1632 Iteratis
1709 1565 1905 1634 curis
1951 1567 2197 1637 Latine
2231 1569 2511 1640 reddita

1798 1810 2124 1861 AUCTORE

802 1974 1716 2080 HBNBICO
1891 1979 3081 2082 DBNZINGBR

435 2203 516 2264 IN
562 2203 1157 2264 UNIVEHSI'I‘A'I‘E
1200 2202 1866 2264 WIRCEBURGENSI
1909 2203 2381 2265 THEOLUGUE
2427 2205 2897 2266 DOGMATICE
2929 2206 3450 2268 PltOFESSOBE.

1941 2534 1968 2600 Ι

1177 2703 1674 2770 Controversia
1713 2722 1924 2770 causa
1957 2711 2022 2771 et
2051 2712 2274 2770 status
2307 2702 2722 2791 quaestionis.

321 2845 606 2935 Duplex
646 2845 1030 2933 hucusque
1061 2841 1538 2935 epistularum
1573 2846 1642 2910 S.
1694 2843 1992 2931 lgnatii,
2029 2843 2353 2934 episcopi
2387 2847 2456 2911 et
2508 2844 2854 2933 martyris
2907 2845 3376 2935 Antiocheni,
3414 2849 3651 2916 textus

235 2933 489 3006 aderat
506 2934 731 3007 Alter.
771 2954 988 3023 quem
1018 2953 1276 3026 omnes
1309 2933 1620 3026 rationes
1649 2939 1730 3026 ut
1755 2933 2165 3026 genuinum
2197 2935 2843 3016 commendabant,
2871 2934 3140 3023 quique
3175 2937 3648 3026 antiquorum

238 3028 732 3116 scriptorum,
757 3021 1162 3116 praesertim
1211 3021 1521 3116 Eusebii,
1572 3023 2288 3116 testimoniisplane
2346 3021 3047 3116 consonat,_septem
3080 3021 3422 3116 epistolas
3452 3048 3648 3116 com-

239 3109 631 3206 plectitur;
671 3109 876 3190 alter,
922 3112 1152 3206 multo
1198 3109 1557 3206 prolixior,
1595 3111 1884 3206 easdem
1946 3109 2286 3206 epistolas
2332 3112 2581 3206 multis
2624 3109 3143 3206 additamentis
3174 3115 3649 3206 interpolatas

245 3199 650 3294 praeterque
681 3223 804 3269 eas
835 3201 1160 3294 quinque
1204 3199 1411 3294 alias,
1446 3220 1759 3294 quarum
1797 3199 2146 3294 Eusebius
2179 3203 2632 3294 mentionem
2668 3222 2816 3294 non
2851 3202 3043 3294 fecit,
3079 3199 3393 3272 exhibet:

323 3287 576 3382 Nuper
603 3312 774 3382 vero
815 3287 900 3358 ei:
952 3287 2055 3382 quibusdam,collectaneorum
2106 3291 2574 3380 Syriacorum
2632 3291 3034 3382 codicibus,
3080 3313 3258 3381 quos
3310 3293 3526 3381 Angli
3575 3293 3651 3361 in

246 3379 687 3451 monasterio
719 3383 788 3447 S.
828 3379 1074 3448 Mariae
1105 3379 1370 3469 deserti
1393 3379 1790 3469 Nitriensis
1820 3379 2241 3448 detexerunt
2270 3384 2340 3448 et
2372 3385 2746 3469 coemptos
2796 3381 2872 3447 in
2907 3379 3227 3449 Museum
3281 3379 3658 3450 Britanni-

245 3494 416 3540 cum
460 3470 881 3538 detulerunt
910 3473 1068 3556 (78),
1098 3469 1210 3535 vir
1240 3468 1325 3535 de
1357 3467 1615 3535 litteris
1645 3469 2140 3537 Orientalibus
2167 3467 2966 3547 benemerentissimus,
3005 3471 3409 3538 Gulielmus
3440 3475 3652 3540 Cure-

244 3566 394 3639 ton,
443 3565 719 3628 textum
754 3559 1149 3650 quemdam
1197 3557 1576 3650 Syriacum
1627 3558 1875 3639 edidit,
1932 3579 2150 3650 quem
2185 3562 2326 3626 tres
2392 3560 2679 3627 codices
2711 3580 3028 3650 consone
3107 3561 3457 3648 praebent,
3528 3562 3653 3650 qui

245 3650 545 3719 nonnisi
589 3652 732 3716 tres
765 3646 1130 3737 epistolas,
1162 3646 1249 3713 ad
1289 3647 1800 3736 Polycarpum,
1839 3647 2184 3736 Ephesios
2225 3652 2294 3715 et
2351 3652 2744 3737 Romanos,
2779 3648 3071 3715 exhibet
3109 3646 3388 3736 “easque
3423 3646 3650 3717 multo

245 3740 613 3810 breviores
665 3758 750 3804 ac
794 3736 868 3803 in
901 3740 1097 3805 textu
1160 3740 1446 3825 recepto
1489 3737 1869 3825 habentur.
1946 3737 2167 3802 Multa
2225 3738 2627 3824 praesertim
2671 3736 2957 3818 desunt,
3031 3757 3192 3825 quas
3233 3739 3322 3804 de
3380 3737 3649 3804 Christi

245 3828 539 3899 Domini
571 3826 802 3894 nostri
844 3825 1223 3893 divinitate
1265 3830 1334 3892 et
1375 3824 1835 3893 hierarchica
1870 3825 2378 3913 episcoporum
2422 3829 2769 3914 potestate
2813 3825 2885 3891 in
2931 3824 3079 3904 illo,
3135 3847 3351 3914 quem
3391 3825 3655 3895 hucus-

242 3940 378 4009 que
423 3938 553 4007 pro
585 3915 921 4009 genuino
955 3934 1486 4009 receperamus,
1524 3917 1748 4009 textu,
1792 3914 2179 4009 habentur.

325 4001 650 4087 Quaestio
681 4004 851 4072 inde
881 4009 1037 4072 orta
1076 4001 1204 4079 est,
1251 4023 1401 4071 non
1434 4002 1612 4070 levis
1653 4023 1853 4093 sane,
1907 4024 2078 4093 cum
2121 4002 2208 4070 de
2257 4001 2775 4093 antiquissimo
2824 4001 3274 4092 maximique
3315 4005 3653 4093 ponderis

247 4096 501 4197 seaculi
545 4093 927 4197 apostolici
971 4096 1478 4197 monumento,
1512 4091 2246 4197 praecl‘arissimisque
2295 4095 2366 4193 et
2405 4091 2891 4197 sanctissimis
2950 4097 3216 4194 nostrae
3273 4091 3652 4197 religionis

249 4181 690 4255 testimoniis
731 4186 1032 4274 agatur:
1079 4186 1325 4274 utrum
1385 4185 1623 4274 textus
1663 4181 1796 4249 iste
1838 4203 2069 4250 novus
2134 4181 2532 4274 genuinus,
2579 4181 3022 4270 proindeque
3090 4183 3215 4271 qui
3273 4181 3652 4274 hucusque

247 4279 586 4366 receptus
616 4278 791 4366 erat,
838 4270 1318 4366 interpolatus
1363 4271 1480 4352 sit,
1516 4291 1832 4366 an_vero_
1870 4274 2107 4366 textus
2147 4272 2492 4360 Syriacus
2538 4275 2945 4354 truncatus,
2999 4270 3214 4361 atque
3281 4272 3401 4342 ille
3432 4270 3653 4362 quem

247 4386 376 4456 pro
408 4360 736 4456 genuino
767 4360 1222 4432 habebamus
1260 4381 1474 4451 porro
1506 4360 1930 4430 retinendus
1961 4363 2078 4430 sit.

1927 4505 1993 4573 II

949 4651 1143 4738 Quid
1167 4650 1251 4718 de
1277 4651 1411 4719 hac
1447 4652 1826 4740 quastione
1874 4649 2232 4739 hucusque
2261 4653 2640 4720 statuerint
2671 4653 2955 4721 eruditi.

333 4785 438 4857 Gl.
473 4788 808 4864 Cureton,
851 4783 978 4874 qui
1007 4785 1288 4874 textum
1329 4782 2014 4874 Syriacumidetexit
2045 4785 2261 4874 atque
2319 4782 2603 4872 primus
2651 4783 2898 4862 edidit,
2933 4783 3416 4874 criticamque
3447 4785 3533 4854 de
3567 4807 3650 4856 eo

249 4872 1151 4975 disquisitionemprimus
1172 4872 1516 4975 instituit,
1550 4872 1741 4975 quod
1778 4872 2421 4975 mirandum‘sane
2461 4893 2610 4940 non
2653 4876 2784 4975 est,
2827 4876 3108 4975 textum
3147 4872 3364 4975 suum
3396 4877 3653 4975 genui-

248 4960 1026 5064 num_esse_lgpatium
1069 4965 1332 5046 tuetur,
1379 4960 1599 5064 atque
1638 4962 1713 5030 in
1764 4962 2124 5064 prioribus
2149 4960 2690 5064 “duobus,un
2731 4962 2871 5064 hac
2927 4962 3013 5064 de
3047 4964 3356 5064 materia
3396 4960 3647 5064 edidit,

249 5055 590 5145 operibus
621 5050 1123 5145 (78'),_textum
1153 5050 1531 5145 receptum
1553 5051 1637 5145 _in
1687 5050 1908 5145 priori
1949 5050 2198 5145 szeculi
2235 5071 2311 5120 1v
2357 5050 2564 5145 parte
2597 5051 2686 5120 ad
2731 5051 3079 5145 tuendam
3129 5053 3476 5145 adversus
3516 5062 3653 5121 Ae-

251 5140 441 5213 rium
472 5147 688 5233 atque
717 5140 1020 5210 Arianos
1051 5140 1494 5233 catholicam
1531 5140 1945 5233 doctrinam
1978 5142 2070 5233 ab
2114 5140 2628 5233 interpolatore
2685 5141 3362 5233 contectumtuisse
3394 5163 3652 5231 suppo-

249 5234 397 5322 nit;
436 5229 776 5322 epistolas
815 5235 1130 5320 quatuor
1153 5249 1318 5319 qua;
1358 5229 1437 5296 in
1477 5229 1782 5322 Syriaca
1807 5231 2142 5300 versione
2175 5229 2461 5306 desunt,
2491 5251 2639 5298 non
2659 5230 2962 5299 omnino
3003 5229 3284 5309 nothas,
3328 5229 3649 5320 interpo-

246 5319 429 5392 latas
467 5318 715 5392 tamen
747 5324 818 5392 et
839 5318 1006 5410 ipsa
1045 5340 1225 5398 esse,
1273 5318 1678 5388 contendit.

314 5537 419 5608 (‘78)
451 5532 691 5607 Singula
719 5546 851 5603 qua
879 5531 998 5616 huc
1027 5532 1326 5612 pertinent
1355 5531 1486 5588 vide
1519 5531 1674 5605 apud
1705 5534 1983 5593 Cureton.
2015 5534 2220 5602 Corpus
2253 5535 2631 5604 Ignatt'anum,
2757 5547 2910 5597 xxvx,
2945 5547 3076 5616 sqq.

318 5611 401 5659 (78
436 5609 451 5659 δ
486 5609 594 5659 Tne
623 5609 838 5659 antient
866 5619 1044 5659 sartae
1072 5619 1288 5658 verszou
1318 5606 1384 5659 of
1407 5611 1496 5659 tne
1524 5606 1745 5659 enistles
1783 5610 1847 5659 of
1868 5607 2014 5659 saint
2043 5605 2308 5659 Ianatius.
2345 5605 2588 5659 London
2635 5609 2656 5658 1
2703 5607 2790 5659 46.
2833 5605 3076 5659 νίηάισιέ

318 5605 451 5678 (78⁷)
486 5605 594 5663 The
623 5609 838 5678 antient
866 5605 1288 5678 syriaegversioy
1318 5606 1496 5678 argue
1524 5606 1758 5678 epistles
1783 5610 1847 5674 of
1868 5607 2014 5662 saint
2043 5605 2308 5673 Ignatius.
2345 5605 2588 5661 London
2635 5605 2790 5660 1846.
2833 5605 3106 5662 νίηάὶοἱέε
3145 5605 3481 5677 Ιαηαείαηέε,
3534 5614 3649 5670 etc.

318 5621 401 5678 ΠΒ
433 5621 451 5678 )
486 5621 594 5663 Tne
623 5621 838 5660 arment
866 5621 1044 5672 synae
1072 5621 1288 5658 verszou
1318 5621 1380 5673 οῙ
1407 5621 1425 5658 ι
1468 5622 1496 5659 e
1524 5622 1551 5660 e
1597 5621 1745 5661 mles
1783 5621 1827 5674 ο)

250 5679 507 5750 London,
542 5679 679 5735 1841')
709 5676 1012 5747 (adversus
1041 5673 1189 5732 Rud.
1222 5673 1357 5730 Chr.
1390 5621 1827 5749 θοι-ἄζηται).
