4060 6206
263 268 382 326 623
919 265 1019 324 DE
1062 261 1590 324 INTEGRITATE
1633 258 1943 321 TEX’I‘US
1989 259 2330 322 RECEPTI
2374 261 2548 323 EPP.
2595 263 2659 322 S.
2709 260 3037 323 IGNATII.
3568 261 3689 320 624

269 401 441 482 tico,
475 401 600 491 qui
631 400 923 470 articuli
954 399 1196 466 vicem
1240 398 1430 491 apud
1471 400 1700 491 Syros
1745 396 1965 491 tenet.
2003 397 2275 464 Verum
2323 399 2861 491 Petermannus
2891 395 3175 466 notavit
3217 397 3490 491 statum
3531 416 3686 464 em-

272 486 655 581 phaticum
698 509 1190 581 nonnunqum
1231 486 1453 581 etiam
1486 486 1970 581 indefinitum
1989 504 2289 581 sensum
2313 486 2590 581 ‘habere
2623 492 2852 581 Porro
2877 490 3138 581 notum
3169 488 3301 581 est,
3337 505 3687 581 numeros

274 573 684 650 cardinales
723 573 1171 666 ordinali'um
1244 577 1488 645 locum
1531 575 1718 664 apud
1767 573 2120 666 Semitas
2156 575 2563 666 saepissime
2613 579 2877 666 tenere.
2941 576 3097 644 Dici
3156 575 3378 666 etiam
3419 577 3680 665 potest,

279 687 812 756 amanuenisem
863 665 1348 735 determinate
1395 663 1620 755 loqui,
1665 664 1788 733 sed
1843 667 1987 756 tres
2051 663 2214 733 illas
2259 663 2568 756 epistola
2611 665 3036 754 signiﬁcare
3092 663 3443 756 voluisse;
3499 685 3685 756 quas

277 755 529 825 lectori
551 755 814 846 _offerre
845 760 1222 846 excerptas
1254 754 1751 846 proposuerat.
1790 754 2112 844 Denique
2144 754 2436 824 tota’res
2476 756 2899 825 auctoritate
2942 754 3426 825 amanuensis
3461 755 3687 823 unius

277 843 569 914 obscuri
595 845 816 933 atque
846 843 1093 914 forsan
1126 843 1534 933 ignorantis
1567 844 1852 913 nititur.

367 933 442 1000 Si
484 932 647 1021 quis
673 935 998 1024 denique
1030 932 1226 1023 mgre
1255 935 1389 1002 sibi
1434 936 1510 1002 in
1545 937 1869 1002 mentem
1907 932 2234 1024 inducat,
2278 937 2556 1004 textum
2598 936 2865 1024 Ignatii
2906 935 3373 1003 decurtatum
3413 933 3682 1024 fuisse:

275 1021 592 1113 alterum
623 1021 978 1109 ejusmodi
1011 1021 1427 1113 exemplum
1470 1025 1697 1105 adest,
1728 1025 1970 1113 atque,
2005 1023 2193 1111 quod
2231 1021 2663 1092 evidentius
2679 1028 2810 1103 est,
2850 1025 2926 1091 in
2978 1024 3156 1113 ipsis
3191 1023 3458 1113 Ignatii
3489 1023 3683 1111 epis-

275 1109 443 1179 tolis
468 1113 904 1202 consistens.
942 1109 1310 1182 Habemus
1340 1113 1541 1180 enim
1565 1112 1757 1200 apud
1787 1109 2196 1180 Simeonem
2224 1113 2755 1202 Metaphrasten
2783 1109 3169 1202 epistolam
3196 1109 3286 1181 ad
3312 1109 3678 1182 Roma—nos

275 1199 680 1292 narrationi
723 1203 1055 1292 martyrii
1089 1203 1466 1292 insertam,
1511 1199 1732 1292 quam
1768 1222 1842 1268 se
1864 1206 1952 1261 ἐπὶ
1985 1206 2152 1278 λέξως
2186 1199 2642 1270 redditurum
2675 1199 3083 1292 pollicetur,
3128 1203 3204 1292 in
3246 1223 3392 1292 qua
3429 1205 3682 1270 tamen

275 1224 680 1268 narrationi
723 1224 1055 1290 martyrii
1089 1224 1466 1279 insertam,
1565 1224 1732 1269 uam
1768 1224 1842 1268 se
1864 1224 1952 1261 επι
1985 1224 2152 1278 Λεζως
2186 1224 2642 1270 redditurum
2675 1224 3083 1292 pouicetur,
3128 1224 3204 1270 in
3246 1224 3392 1292 qua
3429 1224 3682 1270 tamen

275 1291 345 1356 et
403 1289 525 1390 bic
565 1287 779 1390 plura
807 1290 1072 1358 desunt
1101 1294 1173 1390 et
1201 1291 1347 1360 alia
1386 1224 1684 1380 quidem
1723 1311 1944 1379 quem
2011 1292 2204 1380 apud
2237 1293 2529 1381 Syrum.
2595 1294 2752 1362 Non
2792 1296 2949 1362 erat
3009 1291 3314 1382 proinde
3352 1291 3690 1361 insuetus

279 1377 541 1470 modus
573 1377 706 1470 iste
745 1380 1203 1470 excerpendi.

369 1466 628 1560 Quoad
663 1468 890 1536 ﬁnem
924 1466 1120 1560 yiero,
1177 1491 1395 1560 quem
1455 1473 1679 1560 Syrus
1738 1468 1859 1560 ille
1902 1469 2038 1560 sibi
2081 1474 2580 1560 proposuerat,
2622 1491 2796 1560 cum
2857 1471 3121 1560 Ignatii
3182 1470 3523 1560 epistolas
3583 1470 3691 1539 ita

277 1555 662 1647 excerpsit,
685 1579 836 1626 non
870 1558 1155 1628 videtur
1184 1555 1271 1627 ad
1306 1555 1574 1626 tuenda
1602 1559 1894 1647 propria
1916 1555 2268 1646 dogmata
2298 1559 2576 1628 factum
2610 1555 3062 1642 fuisse,cum,
3097 1563 3176 1628 ut
3204 1555 3691 1637 ostendimus,

277 1644 354 1710 in
388 1644 724 1739 doctrina
765 1667 936 1739 cum
969 1647 1474 1739 nostroplane
1523 1644 1961 1739 consentiat.
2016 1644 2672 1739 Menophysita,_ut
2719 1651 3102 1739 supposuit
3142 1649 3688 1732 Wordsworth,

278 1753 426 1828 non
469 1737 642 1828 erat,
679 1757 850 1828 cum
896 1737 966 1803 in
1003 1737 1308 1828 epistola
1339 1737 1426 1828 ad
1476 1736 1958 1828 Polycarpum
1995 1740 2126 1828 (65)
2161 1736 2456 1828 insigne
2490 1737 2786 1828 effatum
2813 1736 3221 1828 reliquerit,
3257 1739 3381 1828 qui
3435 1741 3689 1806 Mono-

279 1820 732 1918 physiticum
784 1820 1064 1918 dogma
1088 1826 1417 1918 destruit.
1485 1820 2275 1918 Précaa—terispitaque
2317 1820 2783 1918 admittenda
2849 1820 3476 1918 illa-hypotliesis,
3525 1847 3691 1916 quae

281 1913 546 2007 Syrum
580 1913 973 2007 quemdam
1035 1915 1123 1981 ad
1185 1936 1399 2007 usum
1460 1916 1859 2007 asceticum
1919 1915 2085 2007 illas
2119 1913 2458 2007 epistolas
2507 1917 2982 2007 descripsisse
3043 1913 3486 2006 suspicatur,
3529 1913 3695 2006 quae

282 1998 530 2096 plures
579 1998 937 2096 ejusmodi
980 2005 1324 2072 materias
1366 2004 1807 2096 retinebant,
1841 2005 2134 2096 omissis
2165 1998 2279 2096 iis,
2315 2025 2478 2093 quae
2523 1998 2912 2096 scopo'suo
2967 2027 3115 2096 non
3165 1998 3695 2076 inserviebant.

280 2088 452 2186 Quae
484 2088 915 2186 bypoLhesis
943 2097 1016 2186 et
1040 2114 1120 2162 eo
1170 2095 1761 2186 commandatur,
1802 2094 1992 2186 quod
2025 2088 2359 2186 ejusdem
2393 2088 2684 2186 generis
2725 2095 2873 2165 sint
2919 2095 3065 2165 alia
3097 2095 3475 2186 opuscula,
3518 2114 3687 2183 qua}

277 2175 356 2242 in
397 2175 868 2248 collectaneis
901 2181 1290 2267 habentur,
1323 2183 1398 2250 in
1433 2183 1694 2272 quibus
1738 2175 2081 2272 Ighatius'
2107 2175 2451 2274 Syriacu's
2480 2184 2812 2254 detectus
2847 2191 2980 2255 est.

346 2343 462 2416 (65)
492 2345 560 2403 N.
592 2346 648 2400 3.
