4030 6212
347 419 464 483 627

1313 402 1601 465 SANCTI
1644 401 1956 464 lGNA'l'II
2005 402 2409 467 lil’lSTOL/E
2452 406 2848 468 GENUINAE.

3631 414 3739 476 628

246 616 247 619 η
342 572 509 645 jano,
543 574 750 627 contra
794 560 1138 622 Armeniam
1179 562 1238 614 et
1281 556 1534 612 Parthos
1582 556 1998 628 proﬁciscente
2028 541 2084 607 Α
2112 538 2761 645 ὲοεὶῩᾶΓῙ-ιωὴωῗδίῗίτίν
2808 539 3103 645 fluenti?“
3128 541 3431 645 Pythia},
3471 546 3735 605 Antonius

348 660 799 726 Antiochimque
859 653 1156 717 morante,
1217 647 1291 703 ad
1351 646 1573 702 bestias
1632 647 2002 718 damnatum,

356 755 599 807 Romam
633 760 763 799 esse
795 741 1143 796 abductum.

422 841 558 892 Post
590 835 825 903 longam
856 836 914 886 et
965 829 1364 901 periculosam
1415 827 1872 900 navigationem,
1931 826 2005 883 ad

350 926 552 980 decem
588 921 831 988 milites,
875 936 1023 990 quos
1054 916 1365 989 leopardos
1407 922 1572 971 vocat
1621 918 1753 986 (13),
1801 915 2006 987 alliga-

351 1019 469 1083 tus,
520 1016 760 1067 sanctus
816 1014 1042 1079 martyr
1091 1008 1401 1079 Smyrnam
1449 1006 1735 1078 pervenit,
1782 1005 1883 1061 ubi
1936 1021 2010 1060 ex

353 1102 652 1172 colloquio
711 1116 847 1155 cum
898 1099 954 1153 S.
997 1097 1321 1168 Polycarpo
1353 1100 1412 1151 et
1453 1095 1853 1167 adjacentium
1897 1095 2008 1150 Ec-

350 1193 666 1249 clesiarum
728 1188 937 1262 legatis
996 1186 1222 1256 habito,
1281 1185 1587 1258 ingentem
1643 1184 2009 1256 voluptatem

352 1281 636 1353 percepit,
673 1284 731 1334 et
779 1283 1038 1349 quatuor
1070 1274 1350 1347 epistolas
1381 1274 1456 1329 ad
1515 1274 1823 1346 Ephesios,
1882 1274 2012 1328 Ma-

350 1369 608 1441 gnesios,
639 1365 973 1422 Trallianos
1012 1368 1073 1419 et
1094 1366 1391 1419 Romanos
1422 1362 1797 1433 conscripsit.

310 1514 313 1521 ,
424 1459 674 1529 Smyrna
699 1456 992 1512 Troadem
1025 1454 1203 1520 venit,
1238 1453 1339 1508 ubi
1390 1454 1654 1525 Ignatius
1684 1465 2013 1524 paucorum

324 1536 331 1541 ’
356 1547 581 1604 dierum
605 1562 830 1602 moram
851 1543 1121 1617 epistolis
1140 1542 1213 1597 ad
1240 1541 1795 1614 Philadelphenses,
1818 1541 2017 1610 Smyr-

355 1652 516 1692 nmos
548 1642 607 1690 et
637 1633 1028 1705 Polycarpum
1061 1628 1377 1686 exarandis
1404 1627 1637 1684 dicavit.
1687 1627 1830 1683 Inde
1864 1628 2015 1681 Nea-

354 1725 564 1798 polim,
589 1728 654 1778 ut
681 1723 874 1778 verbis
897 1720 1174 1792 Lumperi
1193 1724 1347 1785 utar,
1378 1716 1689 1785 adductus,
1710 1716 2015 1787 Philippos

354 1813 761 1886 pertransiens
795 1809 1206 1866 Macedoniam
1248 1812 1434 1863 totam
1468 1805 1817 1878 peragravit.
1879 1804 2019 1875 Epi-

2114 631 2324 703 Pagius
2353 638 2411 689 et
2438 633 2786 689 Guillelmus
2815 632 3092 705 Lloydius
3123 634 3231 704 (18)
3264 635 3602 705 probarunt,
3628 638 3738 693 bel-

2113 721 2240 777 lum
2269 722 2505 793 Trajani
2537 722 2879 778 Parthicum
2911 738 3066 779 anno
3097 722 3311 778 Christi
3358 725 3456 779 112
3483 726 3732 797 coepisse.

2115 811 2172 865 Si
2207 812 2407 883 itaque
2429 812 2715 884 Trajanus
2739 811 2926 867 semel
2948 816 3178 867 tantum
3201 818 3407 868 contra
3427 816 3736 871 Armeniam

2116 902 2487 973 Parthosque
2518 916 2683 957 arma
2716 900 2968 969 tulisset,
3005 906 3064 956 et
3088 901 3275 957 semel
3309 906 3529 959 tantum
3558 905 3740 959 Antio-

2117 990 2267 1045 chia:
2302 996 2461 1046 esset
2499 996 2786 1058 moratus,
2840 991 3047 1063 utique
3091 997 3150 1046 et
3200 992 3458 1064 lgnatius
3498 999 3621 1065 post
3648 1011 3743 1049 an-

2120 1095 2267 1135 num
2300 1079 2401 1135 112
2431 1080 2783 1151 martyrium
2816 1078 3095 1135 subisset.

2194 1169 2307 1226 Sed
2333 1169 2627 1242 duplicem
2644 1169 3020 1225 Armenicam
3044 1170 3494 1242 Parthicamque
3525 1170 3741 1244 expedi-

2121 1261 2348 1316 tionem
2379 1277 2414 1314 a
2434 1260 2684 1331 Trajauo
2708 1265 3041 1331 susceptam
3066 1259 3476 1316 Tillemontius
3501 1263 3604 1330 (19)
3628 1261 3746 1332 jure

2120 1350 2451 1422 conjecisse
2470 1350 2722 1418 videtur,
2747 1348 2918 1420 cujus
2940 1350 3298 1405 sententiam
3318 1350 3613 1406 Eduardus
3633 1351 3751 1405 Cor-

2123 1439 2312 1494 sinius
2361 1441 2494 1511 (20),
2538 1440 2627 1494 vir
2674 1438 3052 1510 politioribus
3104 1438 3323 1495 litteris
3369 1446 3661 1511 prmstans,
3692 1456 3755 1494 ex

2123 1528 2386 1584 nummis
2407 1528 2585 1585 etiam
2607 1528 3005 1584 confirmavit.
3030 1528 3303 1584 Testibus
3330 1529 3487 1584 enim
3515 1530 3685 1584 Dione
3705 1535 3758 1584 et

2125 1617 2370 1676 Zonara.
2404 1616 2617 1687 Optimi
2648 1632 2872 1671 nomen
2896 1621 3038 1672 tunc
3064 1616 3329 1689 primum
3360 1617 3601 1688 Trajano
3630 1634 3758 1672 con-

2125 1722 2359 1761 cessum
2380 1707 2512 1773 fuit,
2533 1722 2681 1760 cum
2714 1706 2764 1760 is
2788 1706 3132 1761 Armeniam
3164 1706 3406 1778 expulso
3438 1706 3759 1761 Parthama-

2126 1796 2308 1853 siride
2326 1796 2673 1867 czeterisque
2696 1795 2919 1868 regulis
2951 1796 3195 1851 omnino
3219 1796 3469 1851 sublatis
3498 1812 3759 1867 occupas-

358 1885 559 1959 damni
590 1918 725 1956 vero
754 1903 814 1971 (ἱ.
869 1917 916 1955 c.
948 1897 1241 1970 Dyrachii)
1271 1897 1335 1953 in
1383 1897 1557 1968 Epiro
1606 1910 1816 1951 navem
1846 1893 2011 1949 brevi
2049 1916 2096 1980 Β
2129 1892 2238 1944 set.
2269 1885 2550 1980 ldeoquc,
2578 1902 2714 1941 cum
2746 1885 2807 1940 in
2823 1886 3101 1980 gummis
3125 1885 3397 1980 pluribus
3420 1888 3607 1941 Romae
3634 1902 3758 1980 per-

359 1990 685 2048 soluturam
712 1988 1039 2056 offendens,
1073 1986 1439 2043 Adriaticum
1470 2002 1632 2041 mare
1657 1983 2004 2056 enavigavit,

324 2076 337 2147 Ϊ
357 2086 534 2153 atque
564 2082 626 2136 in
657 2080 1025 2151 Tyrrhenum
1057 2077 1343 2133 ascendit.
1366 2074 1644 2131 Puteolos
1674 2074 1777 2129 ubi
1802 2089 2005 2146 perve-

358 2172 467 2239 nit,
502 2189 532 2225 e
563 2171 697 2228 navi
747 2168 1106 2225 descendere
1156 2166 1452 2239 cupiebat,
1502 2170 1567 2220 ut
1610 2164 1684 2220 ad
1730 2165 1783 2219 S.
1842 2162 2009 2219 Pauli

360 2260 698 2332 exemplum
730 2262 975 2316 Romam
1004 2257 1271 2313 Puteolis
1303 2254 1711 2311 contenderet.
1732 2256 1807 2309 At
1836 2258 2008 2308 vento

360 2350 694 2406 vehementi
718 2350 780 2404 in
809 2347 992 2404 altum
1018 2347 1315 2419 repulsus,
1344 2345 1552 2401 urbem
1577 2344 1740 2401 illam
1772 2348 2010 2415 praeter-

362 2441 447 2496 ire
478 2444 715 2495 coaetus
746 2443 853 2494 est.
873 2438 1138 2509 Denique
1160 2436 1233 2492 ad
1258 2438 1500 2491 Portum
1532 2437 1865 2490 Romanum
1887 2450 2012 2504 per-

359 2531 623 2595 veniens,
657 2545 692 2584 a
722 2527 1017 2595 ﬁdelibus,
1042 2528 1226 2582 Roma
1257 2525 1490 2579 obviam
1523 2523 1823 2588 euntibus,
1859 2521 2013 2577 salu-

306 2660 313 2661 κ
361 2624 537 2684 tatus,
571 2635 606 2673 a
636 2616 981 2672 custodibus
1002 2620 1203 2671 autem
1234 2613 1657 2669 festinantibus
1682 2614 1927 2667 Romam
1950 2612 2011 2666 in

359 2708 863 2780 amphitheatrum
918 2705 1150 2772 ductus,
1185 2709 1245 2758 et
1273 2703 1504 2759 duobus
1545 2702 1821 2757 leonibus
1850 2702 2015 2772 obje-

360 2802 488 2851 ctus
521 2799 628 2855 est.
662 2793 761 2865 qui
794 2792 955 2846 illico
999 2792 1193 2862 ipsum
1224 2790 1604 2857 devorarunt,
1638 2788 1780 2843 solis
1812 2788 2012 2843 durio~

359 2885 521 2941 ribus
576 2882 799 2937 relictis
853 2879 1106 2946 ossibus,
1141 2894 1273 2949 qua)
1333 2877 1582 2933 collecta
1643 2876 2017 2933 Antiochiam

359 2972 605 3046 pretiosi
638 2972 827 3026 instar
849 2969 1112 3024 thesauri
1140 2968 1452 3037 deportata
1482 2971 1641 3022 sunt.

428 3062 720 3133 lgnatium
751 3076 910 3114 nono
945 3073 1102 3112 anno
1127 3055 1510 3127 imperatoris
1532 3056 1794 3128 Trajani,
1829 3072 1937 3112 seu
1967 3073 2021 3111 a.

2129 1976 2319 2032 cussis
2337 1974 2548 2047 Optimi
2571 1992 2794 2030 nomen
2822 1973 3075 2045 Trajano
3100 1975 3389 2031 tributum
3412 1979 3688 2041 occurrat,
3708 1975 3764 2029 in

2120 2065 2335 2136 quibus
2392 2065 2517 2135 ipse
2575 2062 2780 2119 consul
2809 2065 2849 2118 V
2879 2067 3139 2132 vocatur,
3172 2063 3433 2120 dubitari
3473 2068 3621 2119 certe
3679 2063 3763 2116 vix

2116 2153 2352 2226 poterit,
2387 2154 2531 2224 quin
2573 2152 2864 2225 Trajanus
2913 2154 3256 2209 Armeniam
3289 2154 3585 2226 subegerit
3644 2156 3764 2209 ante

2124 2258 2353 2297 annum
2411 2245 2513 2296 112
2562 2243 2649 2311 (υ.
2683 2244 2742 2296 C.
2777 2244 2923 2310 865),
2974 2259 3091 2314 quo
3131 2244 3361 2299 Sextum
3413 2242 3758 2299 consolatam

2129 2334 2329 2389 Roma:
2354 2332 2635 2404 suscepit.
2661 2332 2952 2403 Denique,
2969 2338 3037 2389 ut
3056 2332 3175 2389 alia
3198 2333 3453 2390 Corsinii
3479 2349 3766 2407 argumen-

2121 2427 2182 2478 ta
2207 2422 2445 2477 silentio
2477 2428 2848 2494 praeteream,
2878 2423 3129 2479 eximius
3161 2424 3318 2480 alter
3347 2424 3581 2496 Trajani
3612 2439 3770 2478 num-

2124 2530 2257 2568 mus
2306 2512 2578 2580 hahetur,
2630 2514 2692 2568 in
2741 2530 2857 2585 quo
2921 2515 3115 2569 Caesar
3164 2515 3291 2587 ipse
3346 2516 3578 2572 APICT.
3628 2515 3764 2570 CEB.

2124 2605 2338 2659 I‘EBM-
2388 2608 2541 2657 AAK.
2590 2606 2792 2658 ΠΑΡΘ.
2847 2603 2883 2658 i.
2937 2621 2989 2659 e.
3024 2606 3296 2675 Optimus,
3330 2606 3618 2675 Augustus,
3651 2604 3769 2659 Ger—

2124 2691 2399 2759 manicus,
2451 2693 2705 2758 Dacicus,
2766 2692 3060 2747 Parthicus
3106 2693 3463 2764 appellatur,
3496 2691 3768 2762 simulque

2129 2781 2371 2837 decimus
2401 2781 2637 2853 imperii
2681 2781 2869 2853 ipsius
2907 2797 3103 2837 annus
3150 2799 3472 2853 expressus
3503 2780 3770 2852 conspici-

2128 2876 2243 2926 tur.
2276 2873 2425 2940 Ergo
2477 2886 2633 2925 anno
2681 2870 2746 2925 U.
2779 2870 2840 2924 C.
2873 2872 2972 2924 861
3034 2872 3159 2941 (107
3189 2889 3246 2942 p.
3312 2872 3467 2944 011.),
3522 2872 3583 2927 in
3612 2885 3771 2942 quem

2129 2960 2371 3016 decimus
2401 2960 2638 3032 imperii
2675 2978 2868 3016 annus
2900 2961 3175 3030 incurrit,
3207 2963 3501 3035 Trajanus
3523 2963 3644 3035 jam
3669 2962 3770 3031 0p-

2132 3052 2252 3105 timi
2273 3055 2449 3121 atque
2479 3051 2730 3106 Parthici
2759 3066 2971 3106 nomen
3004 3059 3340 3122 acceperat.
3379 3052 3596 3125 Duplex
3616 3051 3775 3123 igitur

364 3156 461 3207 107
493 3169 549 3221 p.
583 3150 718 3204 Chr.
782 3153 926 3214 nat.,
972 3147 1046 3201 ad
1107 3146 1325 3200 bestias
1374 3144 1745 3212 damnatum,
1777 3146 2024 3200 ineunte
2130 3139 2367 3210 Trajani
2408 3140 2469 3193 in
2501 3140 2803 3195 Orientem
2850 3140 3136 3211 profectio
3180 3142 3425 3214 agnosci
3457 3141 3628 3196 debet
3654 3140 3774 3211 (21).

362 3245 560 3297 autem
587 3238 819 3293 decimo
851 3236 1089 3309 Trajani
1149 3250 1329 3302 anno,
1364 3238 1433 3289 2O
1464 3236 1599 3289 Dec.
1638 3236 1757 3303 107,
1793 3241 2019 3306 marty-

361 3331 451 3386 rio
483 3333 832 3385 coronatum
880 3342 1031 3393 esse,
1088 3327 1231 3380 Acta
1280 3324 1579 3395 passionis
1612 3324 1744 3396 ejus
1777 3325 2019 3380 tradunt

365 3437 415 3476 c.
446 3423 560 3473 2et
589 3422 645 3476 7.

434 3508 627 3566 Aliam
659 3505 1017 3563 sententiam
1042 3504 1403 3559 Pearsonius
1428 3504 1779 3575 excogitavit
1809 3508 2018 3577 etpro-

365 3598 642 3672 pugnavit
671 3598 733 3652 in
762 3595 1182 3652 dissertatione
1205 3593 1523 3665 posthuma
1543 3592 1615 3647 de
1647 3610 1795 3649 anno
1821 3611 1927 3666 quo
1960 3594 2014 3651 S.

364 3691 613 3759 Ignatius
642 3705 676 3742 a
710 3688 951 3758 Trajano
999 3684 1318 3740 Antiochiae
1373 3682 1447 3737 ad
1487 3682 1684 3739 bestias
1739 3690 1859 3739 erat
1889 3700 2017 3739 con-

322 3781 651 3835 *demnatus
700 3778 831 3850 (14).
884 3776 1002 3849 Ipsi
1053 3778 1435 3831 accesserunt
1485 3774 1780 3830 Antonius
1806 3776 2018 3848 Pagius

365 3871 500 3941 (15),
536 3869 781 3926 Grabius
811 3867 950 3940 (16).
1003 3864 1371 3921 Benedictini
1405 3880 1435 3919 e
1467 3864 1926 3938 congregatione
1958 3867 2015 3922 S.

368 3962 550 4017 Mauri
583 3960 714 4033 (17),
737 3965 795 4014 et
825 3957 995 4013 multi
1030 3956 1153 4012 alii.

438 4051 797 4104 Auctoritate
821 4046 1064 4101 Joannis
1095 4044 1317 4100 Malalze
1352 4044 1476 4099 nixi
1508 4044 1615 4098 viri
1649 4044 1707 4098 hi
1741 4044 1898 4100 docti
1923 4062 2018 4100 as-

370 4143 573 4194 serunt
598 4136 937 4205 Trajanum,
971 4136 1033 4187 in
1082 4134 1334 4188 Parthos
1377 4133 1875 4203 proﬂcisceniem,
1909 4134 2016 4189 sub

370 4227 549 4279 finem
599 4222 738 4276 anni
792 4221 914 4287 115,
964 4226 1228 4290 tempore
1285 4220 1448 4276 illius
1490 4227 1884 4290 terrzemotus,
1913 4224 2016 4295 qui

369 4315 787 4385 imperatorem
810 4327 960 4381 pene
992 4310 1308 4380 oppressit,
1344 4310 1675 4365 Antioehim
1698 4311 2014 4382 hiemasse;

370 4402 729 4471 ineunteque
749 4414 905 4454 anno
928 4398 1026 4452 116
1048 4396 1335 4468 lgnatium
1367 4398 2016 4469 nostruminjudieium

370 4506 605 4548 vocasse
631 4508 644 4555 ;
678 4489 917 4543 beatum
942 4490 1138 4541 autem
1162 4486 1321 4541 hunc
1343 4486 1661 4557 praesulem
1686 4487 1895 4543 eodem
1918 4506 2013 4544 an-

371 4599 447 4638 no
479 4582 577 4635 116
610 4580 920 4635 desinente
954 4577 1238 4649 martyrio
1271 4592 1398 4631 esse
1432 4583 1802 4633 coronatum.

2135 3229 2407 3301 nihilque
2438 3230 2674 3303 gravius
2721 3231 2832 3303 (22)
2866 3231 3081 3300 obstat,
3114 3249 3232 3304 quo
3268 3233 3470 3288 minus
3508 3248 3658 3288 anno
3688 3230 3776 3284 107

2126 3320 2419 3392 Ignatium
2442 3335 2472 3374 e
2495 3320 2634 3375 vivis
2666 3320 2996 3377 decessisse
3025 3326 3330 3393 putemus.

2196 3411 2267 3466 It.
2296 3409 2647 3475 Quindecim
2701 3408 2809 3466 sub
2853 3411 3095 3466 nomine
3128 3411 3183 3466 S.
3218 3412 3436 3485 Ignatii
3469 3411 3770 3468 circumfe-

2127 3506 2341 3556 runtur
2369 3501 2658 3572 epistolm,
2703 3517 2734 3556 e
2785 3501 3002 3573 quibus
3048 3507 3165 3557 tres
3211 3502 3423 3559 Latine
3458 3508 3679 3559 tantum
3707 3500 3771 3557 ad

2128 3608 2238 3646 nos
2269 3596 2688 3663 pervenerunt,
2713 3596 2772 3646 et
2801 3591 3185 3646 Grmcismum
3216 3592 3472 3649 minime
3519 3591 3770 3648 redolen-

2130 3687 2239 3750 tes,
2274 3698 2395 3736 non
2427 3681 2498 3737 ab
2547 3682 2892 3753 interprete,
2923 3680 3027 3736 sed
3058 3686 3301 3738 auctore
3352 3683 3561 3739 Latino
3591 3681 3769 3756 profe-

2129 3776 2235 3828 cta:
2267 3769 2669 3825 videnturzad
2703 3772 2765 3827 Β.
2801 3770 3097 3843 Virginem
3127 3788 3270 3840 una,
3305 3772 3382 3828 ad
3414 3775 3471 3829 S.
3505 3775 3769 3830 Joannem

2128 3861 2279 3917 duae.
2311 3864 2550 3917 Creterae
2582 3865 2782 3916 autem
2818 3861 3013 3915 Graece
3049 3866 3397 3933 supersunt.

2197 3955 2280 4007 Ex
2309 3951 2650 4023 quindecim
2681 3951 2773 4006 his
2807 3951 3077 4024 epistolis
3109 3957 3244 4007 octo
3274 3953 3551 4009 unanimi
3582 3952 3773 4007 docto—

2129 4059 2262 4098 rum
2293 4058 2588 4097 consensu
2619 4040 2836 4113 spuriaa
2867 4040 3165 4097 habentur
3191 4059 3202 4097 :
3242 4043 3295 4115 1)
3328 4059 3452 4099 una
3482 4041 3554 4098 ad
3580 4044 3638 4096 B.
3658 4040 3770 4095 Vir-

2126 4134 2350 4205 ginem,
2402 4134 2457 4205 2)
2502 4138 2560 4187 et
2604 4136 2656 4204 3)
2688 4130 2817 4187 dum
2867 4131 2942 4187 ad
2991 4133 3048 4187 S.
3095 4133 3413 4201 Joannem,
3476 4133 3530 4205 4)
3562 4149 3676 4190 una
3704 4129 3771 4185 ad

2127 4224 2369 4278 Mariam
2399 4222 2846 4290 Cassabolitem,
2874 4224 2927 4294 5)
2960 4239 3079 4277 una
3110 4222 3182 4277 ad
3215 4224 3563 4292 Tarsenses,
3594 4221 3644 4295 6)
3665 4237 3771 4277 una

2127 4312 2199 4367 ad
2232 4312 2655 4383 Antiochenos,
2710 4312 2765 4372 7)
2797 4327 2918 4366 una
2975 4311 3049 4366 ad
3110 4312 3437 4380 Heronem,
3471 4313 3769 4370 diaconum

2125 4402 2588 4473 Antiochenum,
2613 4402 2668 4473 8)
2695 4418 2812 4456 una
2842 4400 2915 4455 ad
2948 4401 3372 4473 Philippenses
3404 4407 3537 4475 (23).

2194 4491 2576 4561 Reliquarum
2612 4497 2861 4565 septem,
2896 4509 3025 4562 quas
3057 4491 3208 4547 data:
3233 4500 3379 4549 sunt
3408 4498 3450 4563 1)
3491 4493 3564 4550 ad
3595 4491 3771 4564 Ephe-

2125 4581 2267 4647 sios,
2302 4581 2354 4650 2)
2385 4580 2458 4636 ad
2492 4582 2841 4654 Magnesios,
2898 4583 2948 4652 3)
2982 4581 3053 4636 ad
3098 4582 3455 4652 Trallianos,
3488 4585 3540 4656 4)
3570 4582 3641 4638 ad
3669 4584 3768 4635 llo-

438 4671 645 4744 Negari
676 4686 797 4726 non
824 4672 1036 4740 potest,
1070 4665 1226 4739 quod
1252 4665 1496 4720 maximi
1528 4684 1728 4723 rerum
1759 4668 2010 4726 chrono-
2041 4653 2095 4721 Ῑ)
2125 4686 2355 4730 manes.
2388 4671 2440 4742 5)
2471 4670 2545 4725 ad
2591 4653 3138 4743 Philadelphenses,
3173 4672 3228 4743 6)
3261 4672 3340 4728 ad
3371 4653 3691 4746 Stnyrnzeos
3718 4673 3771 4723 et

443 4818 557 4896 (l3)
591 4821 797 4896 I_gnat.,
825 4832 918 4896 ep.
958 4828 1032 4896 aq
1062 4814 1232 4896 litem.
1267 4815 1399 4896 eis.

440 4883 553 4957 (14)
601 4883 760 4944 Hanc
784 4883 790 4885 ⁷
818 4883 1300 4957 dissertationem
1334 4883 1619 4940 Smithius
1646 4891 1711 4939 ut
1740 4887 2021 4942 Jacobso-

371 4955 482 5016 nu‘s
513 4955 602 5031 (ll,
636 4978 692 5031 p.
726 4960 830 5013 524
861 4973 987 5026 sqq.
1026 4955 1165 5010 edit.
1200 4956 1255 5024 ιι)
1287 4956 1349 5009 in
1380 4972 1517 5011 suas
1549 4958 1842 5014 editiones
1873 4975 2017 5015 con-

375 5036 660 5089 iecerunt.

363 5052 660 5106 jceerunt.

439 5106 549 5171 (15)
586 5104 749 5168 Crit,
777 5099 851 5156 ad
880 5116 1021 5155 ann.
1060 5099 1178 5164 107,
1213 5115 1272 5153 n.
1305 5099 1423 5153 3-6.

438 5177 551 5244 (16)
582 5174 867 5245 Spicileg.,
903 5172 1047 5245 t._1I,
1080 5172 1168 5245 22.

437 5240 546 5317 (17)
578 5240 729 5302 Πανί
759 5240 822 5298 de
850 5242 1066 5313 vériﬁcr
1100 5242 1171 5296 les
1213 5240 1385 5310 dates,
1432 5258 1490 5312 p.
1525 5244 1650 5309 239,
1683 5258 1775 5313 ap.
1834 5244 2010 5299 Lum-

366 5332 491 5386 per,
517 5318 554 5371 1.
591 5336 666 5385 c.,
699 5335 757 5388 p.
791 5318 914 5371 250.

440 5389 548 5461 (18)
578 5383 990 5461 Grabe,‘sz;cil
1020 5428 1033 5451 ,
1060 5391 1100 5439 t.
1133 5383 1206 5450 Il,
1236 5400 1295 5461 Ρ.
1328 5387 1415 5438 22.

436 5456 546 5529 (19)
578 5462 716 5514 Hist.
765 5456 865 5513 des
895 5459 1136 5526 Empcr.,
1174 5461 1211 5509 t.
1246 5456 1317 5522 Il,
1364 5459 1486 5511 not.
1524 5456 1609 5522 17,
1642 5473 1745 5512 sur
1773 5459 2007 5528 Trajan.

368 5524 551 5588 ldem'.
584 5529 864 5584 Memoires
906 5524 1055 5600 poitr
1081 5529 1271 5593 servir,
1328 5533 1463 5592 etc.,
1497 5532 1538 5584 t.
1596 5529 1669 5597 Il,
1705 5547 1760 5600 p.
1796 5524 1918 5597 195,
1954 5538 2011 5588 et

370 5601 491 5649 not.
528 5600 613 5652 10.
656 5618 713 5652 ι).
749 5602 872 5652 583.

370 5602 491 5649 not.
528 5602 613 5660 10,
656 5618 713 5660 p.
749 5602 872 5653 583.

442 5670 549 5746 (21))
583 5669 878 5746 ᾒαΗδιιᾲη
912 5670 1201 5746 Βίὺιὶρῌμ,
1249 5672 1303 5746 t._
1339 5671 1383 5733 Ι,
1416 5669 1669 5746 Prole‘gw
1706 5689 1761 5742 p.
1797 5690 1883 5727 1.x:
1917 5692 2004 5746 sq.

2128 4829 2259 4869 eam
2289 4813 2554 4884 agnoscit
2582 4814 2848 4869 Francke
2872 4815 2935 4868 in
2960 4812 3112 4869 libro
3138 4830 3151 4869 :
3179 4818 3286 4870 Zur
3309 4816 3628 4874 Geschichte
3650 4818 3768 4872 Tra-

2117 4886 2274 4956 jans,
2305 4891 2415 4940 etc.
2454 4887 2609 4951 1837,
2642 4902 2698 4954 p.
2738 4889 2857 4941 161.

2197 4957 2307 5029 (22)
2334 4956 2504 5029 Apud
2536 4956 2804 5029 Malalam
2840 4958 3208 5029 enim..teste
3240 4958 3556 5015 Gallandio
3586 4960 3644 5025 (1.
3675 4958 3764 5028 c.),

2125 5028 2245 5083 sive
2290 5028 2420 5099 ejus
2470 5028 2725 5092 inscitia,
2760 5028 2880 5083 sive
2939 5028 3325 5086 librariorum
3370 5033 3681 5088 oscitantia
3709 5031 3764 5085 iu

2124 5101 2491 5177 notationem
2522 5104 2858 5177 temporum
2890 5117 3023 5177 cum
3076 5101 3313 5177 imperii
3361 5104 3619 5177 Trajani,
3652 5110 3762 5158 tum

2122 5171 3021 5247 lgnatianigmartvrii,menda
3073 5171 3324 5247 nonulla
3371 5171 3650 5247 irrépisse
3690 5190 3762 5229 no

2122 5242 2387 5299 scuntur.
2420 5245 2587 5299 Teste
2618 5243 2824 5315 Malala
2867 5242 3173 5313 Trajanus,
3205 5245 3461 5315 Septima
3490 5242 3760 5309 Januarii,

2120 5315 2269 5371 feria
2298 5314 2907 5388 quintaAntiochiam
2956 5314 3402 5387 ingressus'est.
3439 5319 3552 5373 Sed
3594 5320 3761 5388 Septi-

2118 5402 2264 5440 mam
2293 5386 2554 5441 Januarii
2586 5402 2725 5458 cum,
2747 5388 2892 5454 feria
2912 5386 3129 5455 quinta,
3162 5403 3213 5442 a.
3258 5390 3361 5442 107
3396 5393 3542 5458 (non
3570 5408 3622 5447 a.
3649 5386 3761 5454 115)

2119 5459 2496 5596 Icom;urrisse
2525 5457 2783 5513 ostendit
2814 5457 3085 5514 Usserius
3123 5461 3271 5530 (not.
3305 5463 3339 5514 6
3371 5457 3434 5516 in
3468 5465 3678 5534 Martyr
3702 5461 3749 5514 S.

2146 5544 2242 5596 gn.
2278 5569 2290 5584 .

2186 5546 2290 5584 ΠΛ.

2331 5600 2448 5655 Cfr.
2483 5600 3088 5678 visorumdoctornm
3116 5600 3216 5678 _de
3277 5602 3447 5661 hisce
3507 5605 3753 5678 epistolis

2112 5670 2339 5749 judicia
2368 5672 2522 5742 apud
2547 5671 2879 5729 Russelium
2898 5678 2956 5729 et
2976 5672 3374 5731 Jacobsonum
3402 5678 3467 5747 (t.
3500 5670 3561 5745 I,‘
3575 5696 3631 5749 p.
3653 5690 3753 5732 xxv

439 5741 549 5810 ('31)
583 5741 770 5793 Unam
801 5743 1031 5794 tantum
1068 5738 1305 5808 'l‘rajaui
1338 5738 1773 5810 expeditiOneln
1805 5738 2027 5800 Parthi,
2115 5738 2293 5816 sqq.)
