4060 6206
365 351 478 413 631

1328 339 1616 402 SANCTI
1662 332 1968 398 lGNATIl
2011 330 2417 394 EPISTOL/E
2460 335 2855 398 GENUINE.

3637 332 3742 395 632

442 489 600 542 Pene
631 487 869 539 centum
901 479 1071 535 annis
1103 481 1234 547 post
1256 475 1552 530 breviores
1579 473 1820 527 demum
1847 473 1904 524 et
1923 484 2016 540 ge-
2047 466 2406 534 Acasionem
2423 468 3259 542 prtebuisseperhibetur,esse
3272 467 3740 522 commentitium.

372 578 575 633 nuime
603 576 658 630 S.
687 570 893 643 Ignatii
919 566 1180 638 epistolae
1207 564 1453 620 detecta}
1485 567 1645 628 sunt,
1670 577 1888 632 easque
1902 559 2025 630 pri-

379 684 512 724 mus
544 667 736 719 Graece
781 657 965 712 edidit
1011 655 1416 710 Amstelodam
1476 655 1611 710 1646
1659 653 1734 707 Is.
1786 649 2024 706 Vossius

382 775 452 815 ex
487 769 603 808 uno
635 748 953 820 superstite
980 745 1353 799 bibliothecae
1382 743 1657 798 Mediocre
1688 740 1888 795 codice
1911 757 2020 795 ms.

381 841 581 900 saeculi
615 855 692 900 ιιι,
727 843 1103 905 veteremque
1129 835 1391 890 Latinam
1416 833 1748 888 versionem
1772 829 2020 896 addidit,

377 947 554 1002 quam
584 931 781 983 Graeco
815 925 1135 996 exemplari
1175 922 1603 996 propemodum
1656 920 1716 974 in
1747 917 2024 974 omnibus

378 1017 839 1090 respondentem
864 1014 1070 1069 Oxonii
1100 1016 1234 1068 1244
1261 1031 1290 1066 e
1313 1012 1542 1066 duobus
1561 1009 1887 1075 codicibus,
1906 1024 2024 1062 uno

375 1105 845 1177 Cantabrigiensi
868 1109 925 1158 et
946 1103 1131 1158 altero
1151 1120 1219 1158 ex
1246 1101 1602 1157 bibliotheca
1625 1097 1858 1154 Ricardi
1891 1096 2025 1168 epi-

377 1198 537 1269 scopi
555 1191 1204 1256 Norvicensis,Jacobus
1220 1190 1510 1255 Usserius,
1544 1185 2026 1258 archiepiscopus

377 1287 807 1352 Armachanus,
842 1282 1175 1354 vulgaverat
1205 1281 1336 1351 (37).

451 1377 663 1430 Verum
696 1389 830 1428 cum
864 1373 924 1426 in
947 1371 1049 1426 illo
1079 1374 1163 1438 (et
1191 1369 1390 1439 unico)
1415 1367 1618 1424 codice
1642 1365 1899 1422 Mediceo
1922 1381 2026 1420 seu

377 1463 715 1520 Florentino
750 1462 982 1517 deesset
1013 1458 1264 1531 epistola
1295 1458 1368 1514 ad
1418 1462 1736 1528 Romanos,
1787 1454 2029 1510 Vossius

380 1555 546 1610 illam
573 1571 643 1609 ex
665 1550 1156 1623 interpolatarum
1180 1549 1440 1604 editione
1468 1545 2027 1617 desumptam,duce

380 1649 576 1699 vetere
599 1643 943 1712 interprete,
965 1657 1084 1694 suae
1103 1637 1425 1711 integritati
1450 1637 1763 1692 restituere
1785 1633 2028 1690 adortus

382 1737 491 1787 est.
517 1733 687 1786 Anno
705 1735 904 1784 autem
935 1731 1068 1782 1689
1097 1727 1406 1799 epistolam
1427 1725 1499 1780 ad
1522 1722 2028 1791 Romanos,veteri

2205 559 2260 629 a)
2290 559 2606 631 Trajanum
2639 560 2800 615 enim
2831 557 3164 614 Antiochiae
3195 557 3484 612 hiemasse
3506 555 3745 612 dubitari

2134 664 2254 702 non
2286 655 2502 720 potest,

2205 736 2264 808 b)
2298 739 2443 793 Eum
2475 738 2856 802 Christianos,
2886 735 3019 791 illos
3040 735 3369 808 przesertim
3396 735 3490 805 qui
3514 734 3679 790 delati
3703 742 3752 790 et

2136 829 2395 882 accusati
2429 833 2618 892 erant,
2661 828 2735 882 ad
2767 832 3020 881 mortem
3051 825 3387 892 damnasse,
3427 840 3592 879 nemo
3633 825 3749 895 jure

2136 916 2525 988 negabit..lam
2547 915 2740 970 Plinio
2757 915 2912 970 enim
2931 914 3270 986 proconsuli
3285 914 3596 985 imperator
3609 929 3752 969 man-

2137 1005 2376 1060 daverat
2403 1021 2416 1062 :
2449 1007 2512 1060 Si
2539 1006 2865 1074 deferantur
2888 1011 2938 1059 et
2963 1011 3298 1074 arguantur,
3322 1005 3588 1074 puniendi
3620 1011 3753 1058 sunt.

2210 1095 2262 1164 c)
2292 1093 2485 1163 Plebs,
2513 1111 2714 1164 panem
2747 1099 2807 1149 et
2853 1097 3113 1150 circenses
3165 1093 3489 1165 postulans,
3543 1091 3754 1148 meliori

2138 1184 2303 1239 nullo
2326 1183 2501 1240 modo
2534 1184 2755 1256 placari
2787 1189 3038 1256 poterat,
3089 1200 3268 1255 quam
3315 1183 3752 1238 Christianorum

2138 1273 2212 1329 ad
2241 1274 2458 1328 bestias
2489 1273 2891 1330 damnatione.

2209 1363 2268 1434 d)
2299 1363 2726 1436 Imperatorem
2758 1364 3070 1420 damnatos
3127 1363 3490 1419 Christianos
3535 1365 3758 1418 Romam

2140 1455 2396 1523 misisse,
2428 1461 2496 1512 ut
2524 1458 2802 1512 Romanze
2856 1455 3015 1528 plebi
3067 1456 3213 1528 grati
3264 1453 3487 1526 aliquid
3540 1453 3760 1522 faceret,

2139 1546 2306 1602 nullo
2338 1547 2514 1603 modo
2535 1547 2767 1602 veritati
2792 1551 3104 1619 repugnat.

2211 1639 2262 1706 e)
2297 1637 2462 1702 Quod
2492 1637 2755 1709 Ignatius
2787 1638 3051 1708 Smyrnaa
3083 1641 3143 1691 et
3169 1634 3395 1692 Troade
3417 1635 3620 1692 fratres
3643 1653 3765 1691 cou-

2140 1727 2372 1781 venisse
2405 1725 2607 1797 ibique
2639 1725 2920 1798 epistolas
2952 1725 3261 1798 scripsisse
3312 1725 3665 1798 perhibetur,
3711 1725 3763 1781 id

382 1822 602 1876 Latinae
634 1819 889 1873 versioni
933 1817 1296 1872 adamussim
1349 1815 1796 1886 mquiparatam,
1831 1830 1862 1868 e
1895 1811 2025 1868 cod.
2057 1841 2106 1907 B
2139 1815 2388 1871 minime
2419 1815 2772 1871 contradicit
2803 1814 3139 1872 crudelitati
3172 1815 3506 1880 custodum,
3547 1815 3614 1870 de
3659 1831 3765 1886 qua

380 1913 509 1965 1451
569 1907 944 1964 bibliotheca)
995 1905 1186 1977 Regia:
1237 1904 1590 1959 Parisiensis
1643 1902 2021 1958 membrana-

377 2018 480 2056 ceo
521 2001 653 2072 (38),
687 1997 928 2053 Parisiis
982 1995 1203 2068 publici
1241 1995 1396 2066 juris
1443 1993 1585 2049 fecit
1629 1992 2024 2048 Theodericus

377 2090 696 2148 Ruinartus
727 2089 790 2142 in
822 2088 974 2143 Actis
1011 2092 1318 2154 martyrum
1348 2085 1611 2150 sinceris;
1647 2099 1822 2153 quam
1856 2081 2022 2136 dein-

376 2196 514 2250 ceps
546 2177 795 2232 Grabius
829 2180 884 2229 et
915 2173 1176 2229 Clericus
1208 2172 1445 2244 prodire
1493 2173 1823 2244 jusserunt.
1860 2173 2026 2225 Anno

379 2270 514 2321 1709
537 2266 744 2321 Oxonii
768 2264 993 2336 prodiit
1012 2263 1507 2334 prmstantissima
1531 2262 1770 2316 Thomze
1794 2259 2027 2316 Smithii

377 2357 578 2425 editio,
608 2372 786 2427 quam
818 2355 1002 2410 secuti
1036 2356 1177 2409 sunt
1216 2353 1539 2408 Ludovicus
1572 2353 1742 2423 Frey,
1784 2352 2028 2407 Richar-

377 2449 488 2504 dus
510 2447 739 2514 Russel,
758 2445 1019 2500 Andreas
1033 2444 1376 2500 Gallandius
1390 2443 1809 2498 etGuilielmus
1823 2442 2030 2496 Jacob-

379 2555 560 2594 sonus
589 2555 603 2603 ;
637 2555 787 2609 quos
819 2542 876 2592 et
906 2554 1013 2592 nos
1046 2535 1224 2590 duces
1254 2534 1592 2589 habuimus.

447 2629 543 2681 IV.
567 2628 729 2680 Inter
747 2641 847 2680 eos
871 2625 970 2694 qui
994 2640 1098 2693 pro
1119 2622 1386 2693 epistolis
1403 2622 1563 2677 hisce
1580 2622 1865 2676 vindicias
1880 2621 2035 2676 evul-

376 2720 591 2789 garunt
608 2713 998 2769 Pearsonium
1026 2712 1140 2783 (39)
1161 2712 1425 2766 eminere
1444 2727 1619 2765 nemo
1643 2711 1852 2766 nescit.
1879 2713 2037 2782 Opus

383 2806 518 2876 ejus
551 2819 892 2875 oppugnare
931 2807 1069 2856 sunt
1099 2801 1356 2873 aggressi
1386 2800 1692 2856 Matthmus
1717 2801 2042 2870 Larroqua-

376 2910 489 2949 nus
521 2892 759 2948 Samuel
780 2892 1121 2962 Basnagius,
1141 2890 1461 2945 Casimirus
1483 2889 1770 2954 Oudinus,
1788 2891 2042 2944 Joannes

373 2983 630 3038 Dallzeus
651 2987 708 3036 et
725 2980 1065 3052 alii,quibus
1085 2980 1366 3049 frequens
1384 2979 1800 3050 episcoporum
1817 2979 2040 3034 mentio

373 3071 437 3126 in
471 3070 563 3125 his
595 3068 864 3141 epistolis
895 3073 1112 3139 praeter
1140 3067 1256 3121 alia
1299 3066 1546 3121 minime
1577 3065 1869 3138 placebat.
1924 3066 2037 3121 Sed

375 3161 448 3217 iis
461 3159 897 3232 responderunt
913 3157 1280 3212 authentiam
1296 3155 1684 3227 epistolarum
1711 3161 2036 3212 nostrarum

373 3249 782 3313 defendentes,
819 3246 1090 3302 Nicolaus
1143 3246 1431 3300 Nourrius
1484 3247 1616 3315 (40),
1667 3246 1831 3301 Remi
1882 3245 2031 3302 Ceil-

377 3341 488 3396 lier
517 3341 646 3410 (41),
670 3338 922 3392 Thomas
964 3336 1145 3390 Maria
1175 3335 1539 3390 Mamachius
1568 3336 1685 3404 (42)
1707 3340 1767 3390 et
1795 3335 2039 3406 Lumpe-

384 3445 483 3484 rus
508 3427 642 3498 (43).
676 3426 898 3481 Nostris
930 3423 1296 3496 temporibus
1318 3423 1650 3496 praisertim
1674 3425 1738 3478 D.
1764 3425 2034 3490 Baurius,

377 3516 787 3589 Tubingensis,
812 3514 1182 3571 authentiam
1205 3512 1591 3585 epistolarum
1621 3514 1826 3586 lgnatii
1851 3514 1910 3568 in
1936 3514 2038 3570 du-

386 3607 550 3662 bium
580 3605 823 3671 vocavit,
857 3603 1188 3674 mediisque
1221 3601 1422 3657 saeculi
1457 3619 1496 3656 ιι
1541 3601 1907 3674 temporibus
1937 3619 2036 3660 eas

389 3699 588 3752 Roma)
619 3712 652 3750 a
679 3694 915 3749 falsario
945 3693 1203 3764 quodam
1250 3693 1310 3747 in
1348 3693 1608 3748 favorem
1662 3692 2038 3765 episcopatus

385 3782 532 3838 ideae
551 3782 849 3838 confectas
863 3797 990 3836 esse
1017 3778 1326 3835 contendit
1345 3779 2036 3850 (tt),contradicentibus

385 3873 758 3944 potissimum
794 3871 1037 3924 Doctore
1072 3869 1256 3922 Rothe
1301 3868 1437 3940 (45),
1493 3869 1716 3924 Joanne
1765 3868 2034 3924 Eduardo

391 3962 647 4017 lluthero
681 3961 814 4030 (46),
848 3958 1144 4012 Friderico
1177 3957 1565 4012 Dusterdieck
1615 3959 1730 4026 (47)
1781 3964 1838 4012 et
1887 3960 2036 4013 Ano-

387 4068 562 4122 nymo
591 4049 851 4120 quodam
875 4049 933 4100 in
967 4045 1482 4117 cphemeridibus:
1519 4046 1726 4100 Hcrold
1755 4047 1846 4100 dcs
1875 4047 2038 4102 Glau-

391 4141 514 4193 bens
541 4140 672 4206 (48).

467 4229 526 4280 V.
561 4226 698 4290 Quas
731 4239 862 4288 nos,
897 4221 1283 4292 epistolarum
1308 4223 1514 4294 lgnatii
1537 4239 1660 4277 rem
1689 4239 1880 4295 agere,
1913 4241 2036 4279 mo-

388 4319 580 4380 veant,
614 4312 748 4367 audi
777 4328 788 4364 :

2138 1905 2265 1975 ipse
2301 1904 2361 1958 in
2392 1921 2484 1976 ep.
2518 1904 2592 1959 ad
2625 1907 2791 1962 Rom.
2825 1921 2875 1960 c.
2910 1907 2940 1958 5
2968 1905 3256 1975 queritur.
3294 1904 3461 1976 Apud
3491 1906 3764 1960 Romanos

2135 1994 2297 2049 enim
2331 1994 2596 2064 captivis,
2617 1992 2689 2048 ad
2711 1993 2933 2049 milites
2952 1993 3228 2066 alligatis,
3250 1993 3604 2065 permissum
3631 1999 3762 2060 erat,

2136 2081 2359 2140 amicos
2385 2082 2686 2152 suscipere
2710 2087 2766 2136 et
2787 2081 2974 2137 libere
2989 2081 3246 2151 colloqui
3273 2098 3408 2138 cum
3431 2082 3766 2139 illis.Paulus

2139 2189 2191 2227 e.
2221 2188 2273 2244 g.
2311 2171 2372 2225 in
2431 2169 2683 2226 vinculis
2727 2170 3027 2226 Christum
3073 2169 3441 2242 praedicavit.
3493 2172 3605 2229 Cfr.
3649 2175 3762 2226 Act.

2138 2278 2334 2329 xxvul,
2369 2263 2455 2327 16,
2490 2261 2578 2328 30,
2613 2262 2699 2314 31.
2752 2261 3046 2316 Prteterea
3095 2260 3429 2332 smpissime
3477 2261 3766 2316 Christiani

2141 2350 2366 2407 aditum
2386 2349 2459 2405 ad
2491 2355 2785 2420 martyres
2809 2354 2866 2404 et
2889 2350 3294 2406 incarceratos
3315 2356 3553 2424 argento
3578 2367 3609 2406 a
3631 2349 3769 2404 mili-

2145 2439 2302 2494 tibus
2331 2443 2625 2493 emerunt.
2652 2437 2884 2508 Optime
2903 2455 3041 2510 ergo
3056 2439 3419 2495 Pearvonius
3441 2439 3548 2509 (49)
3563 2439 3768 2495 scribit:

2144 2551 2175 2580 «
2203 2531 2334 2583 Haec
2350 2543 2484 2582 cum
2507 2527 3096 2583 fueritvetustissima
3118 2527 3400 2584 Ecclesia
3413 2528 3771 2594 consuetudo,

2145 2618 2302 2674 idem
2327 2617 2504 2671 etiam
2531 2616 2589 2670 in
2618 2617 2825 2688 lgnatii
2859 2616 3110 2671 vinculis
3142 2618 3367 2672 factum
3401 2623 3640 2674 constat.
3673 2659 3684 2671 .
3717 2657 3727 2670 .
3759 2658 3770 2672 .

2147 2706 2434 2763 Omnibus
2467 2705 2645 2775 igitur
2676 2705 2868 2760 modis
2899 2705 3132 2761 diaconi
3164 2706 3391 2778 aliique
3421 2707 3492 2764 ab
3521 2706 3772 2763 Ecclesiis

2147 2798 2316 2855 missi
2336 2797 2562 2868 Ignatio
2586 2797 2646 2852 in
2676 2797 2888 2851 itinere
2912 2798 3356 2858 ministrabant,
3378 2799 3633 2870 adeoque
3653 2815 3770 2854 eum

2150 2909 2183 2947 a
2214 2889 2623 2944 vexationibus
2645 2888 3222 2960 militum,quantum
3238 2891 3303 2946 in
3330 2892 3474 2962 ipsts
3495 2896 3768 2962 erat,praa-

2151 2980 2288 3038 miis
2308 2978 2857 3034 redimebantﬂinc
2874 2985 3071 3034 autem
3092 2979 3772 3051 recteintelligitur,quod

2153 3069 2225 3124 de
2257 3067 2568 3137 militibus,
2603 3083 2750 3138 quos
2783 3067 3098 3140 leopardos
3128 3075 3321 3136 vocat,
3356 3071 3596 3126 scribit:
3629 3064 3677 3123 οἵ
3693 3065 3771 3121 καὶ

2156 3156 2604 3232 εὐεργετούμενοι
2647 3156 2869 3230 χείρους
2902 3155 3167 3232 γίνονται,
3201 3159 3454 3228 scilicet,
3504 3176 3613 3232 quo
3656 3157 3772 3230 plus

2151 3248 2420 3321 pecunize
2451 3264 2486 3302 a
2508 3247 2779 3303 ﬁdelibus
2800 3249 3139 3320 acciperent
3167 3267 3274 3321 pro
3311 3251 3661 3307 relaxatione
3687 3265 3774 3304 ve-

2146 3337 2430 3402 xationis,
2463 3353 2532 3392 eo
2565 3337 2760 3392 acrius
2791 3354 2862 3393 ex
2894 3337 3206 3395 intervallo
3239 3339 3298 3396 S.
3354 3347 3662 3412 martyrem
3690 3355 3775 3393 ve-

2144 3427 2386 3495 xabant,
2419 3443 2536 3498 quo
2569 3427 2858 3499 majorem
2890 3429 3158 3499 pecuniae
3209 3429 3329 3485 vim
3376 3434 3774 3502 extoequerent

2147 3524 2206 3574 et
2233 3517 2598 3574 Christianos
2629 3517 2928 3587 copiosius
2960 3526 3377 3592 emungerent.
3433 3522 3616 3586 Quare
3658 3535 3773 3574 cum

2147 3608 2323 3663 toties
2347 3606 2570 3680 Ignatio
2585 3605 3294 3680 contigeretrefrigeratio
3317 3615 3377 3665 et
3401 3609 3473 3665 ab
3489 3609 3772 3680 iniquitate

2145 3700 2404 3757 militum
2437 3697 2788 3770 redemptio,
2824 3704 2901 3767 et,
2945 3703 3011 3752 ut
3059 3699 3329 3771 loquitur
3376 3700 3769 3764 Tertullianus,

2145 3789 2394 3846 facultas
2423 3787 2627 3842 liberae
2659 3787 2964 3855 custodiae,
2997 3789 3171 3844 facile
3203 3791 3401 3861 potuit
3445 3790 3598 3856 illas,
3643 3805 3772 3860 quas

2147 3879 2456 3945 habemus,
2491 3876 2772 3948 epistolas
2803 3893 3068 3946 exarare,
3129 3894 3386 3949 quarum
3432 3879 3640 3950 aliquze
3668 3893 3773 3932 non

2148 3968 2401 4024 multum
2436 3965 2724 4039 longiore,
2755 3983 2934 4038 quam
2965 3967 3143 4023 unius
3176 3967 3337 4024 hora:
3382 3969 3569 4042 spatio
3617 3965 3774 4022 scribi

2147 4059 2486 4131 potuerunt,
2519 4071 2712 4126 neque
2746 4071 2816 4111 ex
2847 4055 2967 4111 illis
2997 4056 3123 4112 ulla
3154 4062 3273 4114 tam
3301 4059 3532 4131 prolixa
3575 4063 3678 4128 est,
3722 4059 3778 4110 ut

2146 4147 2346 4220 plures
2378 4160 2554 4217 quam
2596 4149 2717 4200 tres
2748 4145 2924 4201 horas
2955 4147 3216 4218 postulet
3248 4170 3299 4203 ››.

2217 4237 2259 4307 f)
2296 4235 2571 4307 lgnaiius,
2602 4235 2850 4305 Smyrna
2899 4237 3178 4292 Romanis
3211 4238 3504 4306 scribens,
3537 4253 3650 4292 non
3687 4234 3776 4291 ab-

2149 4325 2350 4391 surda,
2381 4330 2446 4379 ut
2476 4323 2687 4379 Baurio
2716 4324 2968 4392 videtur,
3026 4327 3272 4398 peregit.
3328 4328 3466 4383 Duze
3497 4327 3649 4382 enim
3684 4324 3777 4378 vite

465 4408 511 4472 1)
541 4403 784 4458 Minime
825 4403 888 4456 D.
944 4399 1192 4456 Baurius
1249 4401 1422 4456 nobis
1485 4403 1797 4472 persuasit,
1848 4405 2040 4459 Roma-

2155 4420 2402 4489 Smyrna
2433 4419 2678 4472 Romam
2710 4415 3032 4486 ducebant,
3053 4417 3240 4474 altera
3263 4419 3582 4483 maritima,
3612 4417 3780 4496 altera

390 4511 516 4548 num
552 4493 754 4562 Ignatii
784 4493 909 4556 iter,
943 4489 1101 4561 quod
1135 4489 1429 4544 scribeudi
1463 4490 1568 4544 has
1599 4491 1881 4561 epistolas
1939 4509 2041 4548 oc-

459 4639 570 4707 (37)
601 4635 716 4707 Cfr.
762 4632 1270 4707 Diisterdiek,_De
1315 4635 2038 4707 Ignatianarumepistola-

389 4703 508 4764 ruin
541 4703 851 4772 authentia,
884 4711 995 4760 etc.
1021 4703 1309 4776 Gottingae
1343 4703 1403 4758 in
1436 4704 1674 4759 officina
1696 4705 2036 4772 Dietericli.,

435 4824 446 4836 .
483 4781 598 4844 1-3,
629 4784 687 4832 et
719 4777 927 4832 Russel
961 4776 1022 4830 in
1055 4775 1314 4830 editione
1343 4779 1579 4831 Patrum
1609 4778 2038 4846 apostolicorum

434 4851 638 4907 ondiui
676 4851 834 4903 1746.
1645 4881 1656 4890 .

458 4923 573 4991 (38)
605 4920 798 4976 Codex
823 4919 943 4991 hic,
977 4917 1121 4991 olim
1153 4917 1526 4991 Colbertinus
1555 4921 1679 4975 460.
1703 4921 1848 4974 Acta
1879 4936 2040 4975 mar-

391 4989 524 5065 tyrii
560 4995 613 5047 S.
649 4990 855 5065 lgnatii
907 4989 1190 5065 continet,
1243 4989 1457 5065 quibus
1501 4991 1693 5062 capite
1724 4993 1756 5045 4
1788 4991 2038 5063 epistola

392 5059 707 5138 lignatiiiad
739 5065 1034 5138 Romanos
1066 5059 1415 5138 interposita
1442 5067 1550 5138 est.

460 5136 567 5207 (39)
602 5137 665 5189 In
699 5131 958 5189 secundo
1019 5136 1176 5186 tomo
1235 5131 1513 5187 editionis
1571 5135 1799 5188 Patrum
1857 5141 2036 5204 apost.

385 5207 792 5265 Coteleriante.

457 5281 568 5352 (40)
605 5281 878 5350 Apparat.
911 5275 986 5330 ad
1015 5274 1280 5328 Biblioth.
1340 5291 1492 5330 max.
1543 5277 1790 5345 Patrum,
1825 5282 1865 5331 t.
1899 5277 1941 5346 Ι,
1975 5294 2033 5349 p.

385 5355 450 5406 78
483 5367 613 5406 saa.

459 5367 738 5493 (ῗῖἷῐὶῖἱει.
774 5419 1038 5487 général.,
1075 5422 1112 5493 _t.
1148 5417 1280 5493 I,Ap.
1304 5421 1441 5493 6‘26.

457 5488 567 5563 (42)
600 5493 856 5564 Origines
884 5496 936 5564 et
965 5491 1145 5564 antiq.
1181 5488 1407 5564 Ch_rist.,
1443 5494 1483 5564 ι.
1519 5490 1608 5557 IV,
1641 5508 1698 5561 p.
1731 5492 1834 5546 377
1866 5508 1997 5563 sqq.

459 5560 568 5624 (43)
601 5560 738 5616 Hist.
774 5561 941 5618 theol.
975 5560 1128 5624 erit,
1172 5565 1209 5614 t.
1245 5561 1288 5628 Ι,
1322 5578 1378 5632 p.
1413 5560 1676 5616 266-268.

460 5634 571 5701 (44)
604 5635 770 5686 Baur.
811 5633 902 5685 Die
931 5638 1305 5699 sogcnanntcn
1355 5633 1784 5700 Pastoralbric/‘e
1831 5634 1922 5687 des
1962 5636 2030 5690 Α.

382 5704 594 5774 faulus,
626 5702 770 5768 auf’s
799 5717 936 5756 neue
967 5702 1193 5756 kritisch
1216 5705 1553 5773 untersucht,
1580 5721 1690 5762 von
1714 5706 1810 5761 Dr.
1838 5707 2032 5776 Baur.,

2145 4507 2467 4577 terrestris,
2499 4512 2564 4562 ut
2592 4507 2743 4563 bene
2776 4507 2980 4563 docuit
3006 4510 3064 4561 V.
3092 4510 3150 4563 C.
3175 4509 3335 4564 Tafel
3359 4511 3492 4582 (50).
3513 4503 3776 4564 Terrestrl

2144 4661 2202 4715 p.
2236 4645 2324 4715 87.
2353 4639 2759 4715 Abgengthigte
2816 4641 3154 4715 Erklarung.
3204 4642 3338 4715 Tuti.
3394 4640 3646 4697 Zeitschr.
3687 4640 3776 4705 fur

2148 4711 2334 4770 Theol.
2364 4712 2522 4767 1836.
2556 4712 2698 4766 Fasc
2752 4728 2834 4775 Ill,
2869 4729 2925 4782 p.
2963 4711 3063 4766 199
3097 4717 3156 4766 et
3187 4714 3344 4777 1838,
3380 4715 3540 4768 Fasc.
3591 4727 3666 4773 ιιι,
3723 4726 3772 4778 p.

2146 4787 2249 4840 149
2282 4800 2412 4854 sqq.
2448 4782 2641 4836 Baurii
2683 4783 3008 4855 sententias
3059 4784 3331 4854 repetivit
3376 4783 3773 4855 Schwegierus,

2144 4859 2252 4914 Das
2280 4854 2784 4927 nachapos_toli_sche
2815 4855 3088 4922 Zeitalter,
3123 4862 3161 4909 t.
3197 4857 3266 4921 ll,
3299 4873 3356 4927 p.
3395 4854 3644 4910 159-179.

2217 4928 2328 4996 (45)
2361 4927 2496 4993 Anf.
2530 4925 2585 4997 d7.
2619 4925 2804 4979 christ.
2841 4927 3061 4991 Kirche,
3093 4943 3150 4996 p.
3189 4925 3454 4997 715'sqq.

2216 5001 2330 5068 (46)
2357 4996 2728 5068 Betrachtung
2759 4997 2856 5050 der
2907 4997 3250 5066 wichtigsten
3292 4996 3576 5053 Bedenken
3621 5007 3775 5068 geggm

2145 5064 2234 5125 die
2262 5069 2532 5126 Echtheit
2563 5067 2660 5121 der
2691 5064 3141 5137 Ignatianischen
3170 5071 3374 5138 Briefe.
3402 5069 3524 5124 Von
3546 5064 3636 5123 Dr.
3659 5064 3773 5138 Job.

2145 5141 2250 5197 Ed.
2287 5141 2528 5207 lluther,
2562 5139 2622 5193 in
2655 5135 2879 5211 lllgenii
2913 5141 3227 5209 Zeitschri/‘t
3257 5135 3355 5210 fiir
3384 5141 3576 5196 histor.
3606 5135 3773 5192 Theot.

2146 5218 2185 5268 t.
2223 5215 2315 5278 XI,
2347 5213 2510 5267 Fasc.
2545 5227 2618 5274 iv,
2654 5228 2709 5281 p.
2755 5214 2908 5265 3-73.

2217 5286 2332 5356 (47)
2367 5281 2760 5357 Diisterdieck
2785 5282 2845 5357 in
2877 5282 3028 5338 libro
3054 5285 3183 5355 jam
3216 5301 3394 5357 supra
3428 5282 3674 5339 laudato.

2241 5358 2328 5423 48)
2362 5353 2664 5424 Herbipoli
2709 5355 2866 5417 1839,
2898 5371 2958 5408 ιι.
2991 5353 3186 5410 45.

2240 5428 2328 5496 49)
2369 5424 2646 5498 Vindiciae
2676 5427 2998 5498 Ignatianae,
3032 5444 3190 5498 pars.
3224 5445 3284 5497 ιι,
3312 5446 3361 5485 c.
3399 5431 3481 5482 11.

2216 5493 2325 5567 (50)
2354 5495 2534 5565 Tafel,
2593 5498 2667 5550 De
2707 5493 2802 5550 via
2849 5493 3084 5553 militari
3133 5493 3497 5555 Romanorum
3548 5493 3764 5563 Egnatia

2143 5569 2594 5641 qualllyricum,
2653 5569 2970 5641 Macedonia
3012 5577 3064 5624 et
3116 5571 3347 5627 Thracia
3381 5568 3760 5641 jungebantur.

2141 5633 2440 5715 :l‘ubingas,
2477 5639 2886 5715 Laupp.A1842.
2922 5640 3036 5696 Cfr.
3071 5657 3309 5715 quoque
3351 5633 3679 5711 Martyrium
3708 5633 3757 5687 S.

2142 5709 2374 5784 Ignatii,
2407 5727 2575 5783 capp.
2601 5709 2662 5778 ὅ,
2693 5712 2745 5765 6.
