4030 6212
243 383 367 444 633

1441 367 1507 426 C.
1553 365 1612 429 J.
1659 359 1970 424 HBFELII
2015 355 2458 421 PRIEFATIO.

3545 303 3670 412 sai

242 517 336 574 via
369 517 634 588 lgnatus,
669 510 916 566 fortasse
951 505 1090 579 quia
1131 503 1421 562 militibus
1469 498 1706 574 negotia
1731 499 1901 553 erant
1931 499 1986 565 A
2018 510 2148 566 quae
2180 493 2433 547 Huterus
2461 488 2504 558 l,
2539 504 2588 543 c.
2619 505 2676 560 p.
2727 489 2888 542 57.61
2952 490 3160 542 contra
3217 485 3495 542 Baurium
3530 500 3662 541 mo-

243 608 304 664 in
355 603 582 661 Troade
643 605 701 657 et
773 596 1135 661 Macedonia,
1193 593 1520 650 ducebatur
1572 591 1699 661 (cfr.
1760 589 1902 643 Acta

248 702 524 768 martyr.,
550 710 600 748 c.
634 692 688 760 5)
717 706 729 756 ;
763 687 1012 761 epistola
1037 690 1259 751 autem,
1294 684 1420 738 sine
1453 680 1633 736 dubio
1664 678 1756 734 via
1785 692 1900 732 ma-

246 788 472 853 ritima,
496 783 627 838 navi
651 779 901 853 quadam
930 777 1198 843 cursoria,
1222 775 1282 830 in
1303 773 1518 829 Urbem
1541 770 1744 835 missa,
1767 771 1903 822 ante

243 876 544 951 lgnatium
575 872 772 943 ipsum
801 870 1001 924 Roma:
1035 865 1308 921 advenire
1340 865 1606 934 'poterat.
1642 861 1755 914 Nec
1786 857 1903 911 du-

244 945 422 1023 bitari
450 960 652 1034 potes?
683 959 828 1031 quin
852 954 1116 1012 terrestri
1145 969 1380 1025 quoque
1399 952 1489 1005 via
1519 945 1903 1021 epistolailla,

245 1056 341 1113 alii
375 1033 616 1109 cuidam
650 1047 884 1115 tradita,
913 1044 1088 1101 citius
1118 1045 1362 1098 Romam
1385 1039 1583 1095 venire
1616 1033 1902 1109 potuerit,

243 1158 423 1216 quam
457 1138 716 1212 lgnatius
740 1136 886 1210 ipse,
919 1131 1082 1189 senio
1109 1131 1414 1188 confectus
1443 1127 1578 1200 (51).

311 1271 366 1342 g)
400 1271 521 1325 Nec
550 1263 806 1322 absurde
838 1261 1100 1334 Ignatius
1130 1276 1165 1314 a
1197 1255 1480 1314 Romanis
1513 1257 1787 1326 precatus
1811 1254 1902 1305 est

238 1366 302 1418 ut
317 1341 394 1416 ab
415 1355 580 1414 omni
604 1360 822 1412 conatu
841 1353 1036 1424 ipsum
1059 1346 1352 1405 liberandi
1372 1341 1893 1402 abstinerent.Mos

242 1450 404 1507 enim
435 1453 565 1502 erat
594 1443 1088 1510 Christianorum,
1119 1444 1350 1494 tantum
1400 1437 1690 1508 quantum
1726 1434 1906 1503 pote-

246 1543 388 1595 rant
445 1535 559 1591 niti
593 1575 608 1601 ,
671 1537 738 1588 ut
789 1530 1003 1586 fratres
1058 1531 1301 1599 propter
1357 1523 1534 1579 fidem
1590 1524 1791 1592 captos
1847 1523 1907 1573 et

248 1628 565 1684 damnatos
614 1621 961 1687 liberarent,
1023 1615 1180 1689 quod
1237 1612 1522 1669 discimus
1571 1627 1646 1666 ex
1704 1608 1903 1663 Const.

249 1721 442 1789 apost.
478 1731 554 1780 iv,
586 1714 615 1782 §
644 1715 675 1767 9
705 1729 718 1778 ;
775 1727 829 1776 v,
861 1712 914 1778 ἐξ
947 1709 997 1775 1,
1055 1709 1112 1773 2,
1167 1722 1238 1761 ex
1283 1701 1525 1760 Luciani
1581 1699 1904 1768 Peregrina,

249 1811 275 1878 §
304 1810 396 1872 12,
431 1810 492 1859 et
525 1821 595 1858 ex
623 1799 860 1856 Eusebii
885 1799 1030 1853 Hist.
1063 1796 1217 1863 θοι-1.,
1248 1811 1322 1857 v1,
1374 1794 1442 1846 lio
1499 1790 1633 1862 (52).
1693 1790 1907 1844 Notum

250 1875 424 1972 parro
462 1894 722 1966 est,jam
764 1896 1029 1962 tempore
1083 1892 1280 1942 autem
1332 1883 1647 1940 Domitiani
1703 1880 1903 1937 Domi-
1937 1875 1983 1941 B

244 1969 437 2044 tillam
470 1990 532 2040 et
563 1982 961 2046 Clementem,
995 1994 1064 2032 ex
1091 1975 1318 2032 familia
1349 1972 1594 2029 Caesaris
1623 1969 1908 2026 Christia-

250 2092 465 2133 norum
498 2088 669 2129 sacra
693 2075 928 2126 secutos
975 2083 1126 2132 esse,
1159 2065 1341 2120 refert
1401 2060 1736 2118 Suetonius.
1795 2061 1909 2115 Ro-

253 2181 574 2224 manorum
617 2159 875 2231 denique
906 2156 1360 2229 magistratuum
1392 2167 1622 2207 sacram
1654 2148 1783 2205 auri
1821 2148 1910 2202 fa-

265 2274 423 2314 mem
453 2270 636 2310 nemo
668 2251 875 2307 nescit.
910 2246 1097 2303 Facile
1125 2246 1322 2314 itaque
1353 2248 1456 2299 aut
1483 2239 1758 2314 pecunia.
1807 2241 1910 2293 aut

254 2346 406 2414 dolo,
441 2351 548 2400 aut
578 2342 697 2398 alia
725 2338 985 2412 quadam
1013 2335 1270 2400 ratione,
1308 2331 1516 2387 fideles
1568 2327 1796 2400 aliquid
1844 2327 1906 2382 in

253 2437 512 2493 favorem
547 2430 757 2504 lgnatii
789 2426 988 2484 moliri
1015 2427 1310 2496 poterant.

323 2565 381 2633 h)
419 2560 713 2634 lgnatium
746 2558 808 2612 in
838 2553 1219 2610 Occidentem
1269 2549 1599 2621 profectum
1657 2561 1808 2609 esse,
1843 2559 1913 2597 ex

255 2632 522 2709 verbis—S.
561 2644 1058 2720 Polycarpipatet.
1083 2641 1283 2712 Capite
1303 2639 1460 2693 enim
1482 2638 1546 2691 13
1569 2652 1660 2708 ep.
1682 2634 1753 2690 ad
1777 2632 1915 2687 Phi-

257 2743 572 2815 lippenses
603 2735 890 2809 legimus:
929 2756 949 2780 ιι
986 2732 1054 2785 Et
1085 2730 1156 2784 de
1179 2729 1306 2800 ipso
1341 2725 1590 2799 Ignatio,
1625 2728 1684 2779 et
1713 2722 1784 2777 de
1804 2720 1918 2790 his,

256 2811 361 2904 qui
383 2847 525 2887 cum
551 2845 620 2882 eo
645 2820 966 2894 sunt,quod
992 2820 1210 2877 certius
1238 2811 1920 2890 agnoveritis,signiﬁca-

263 2901 337 2978 te.
356 2944 383 2970 ι)
399 2916 571 2986 Quod
590 2916 637 2971 si
657 2919 854 2970 autem
890 2910 1146 2984 lgnatius
1161 2906 1485 2962 Antiochia:
1512 2901 1920 2964 remansisset,

262 3029 369 3067 nec
403 3009 465 3063 in
499 3005 880 3062 Occidentem
929 2999 1204 3066 venisset,
1239 2995 1404 3050 nullo
1431 2992 1604 3049 modo
1635 2990 1909 3062 Polycar-

262 3117 368 3174 pus
384 3093 768 3168 Smyrnensis
789 3090 965 3146 verba
987 3088 1090 3142 illa
1112 3086 1185 3141 ad
1210 3084 1626 3156 Philippenses
1647 3078 1912 3150 scripsis-

263 3172 369 3258 set,
406 3183 569 3259 quod
601 3181 771 3237 facile
803 3197 874 3235 ex
906 3179 1023 3233 situ
1052 3176 1321 3231 locorum
1352 3172 1814 3226 demonstratur.

324 3308 649 3360 Roma.....
710 3294 1110 3366 Philippi.....
1175 3291 1515 3361 Smyrna...

260 3396 441 3450 Nemo
477 3406 622 3447 sane
648 3388 1122 3459 Smyrneaiorum
1165 3379 1578 3450 Philippenses
1609 3372 1818 3440 adibit,
1850 3375 1917 3427 ut

261 3485 478 3541 certior
512 3481 615 3536 flat
645 3477 716 3532 de
749 3477 820 3530 iis
853 3490 982 3546 qua:
1037 3468 1366 3526 Antiochia}
1417 3467 1736 3538 gerantur;
1767 3461 1916 3516 bene

260 3579 461 3630 autem
490 3585 623 3642 quin
644 3569 843 3621 Romae
878 3560 1170 3627 eveniant,
1204 3575 1238 3614 a
1267 3552 1748 3628 Philippensibus
1779 3549 1917 3605 edo-

271 3663 390 3718 ceri
422 3657 666 3732 poterit.

332 3780 376 3849 i)
401 3775 694 3850 lgnatium
725 3769 800 3826 ad
842 3767 1065 3824 bestias
1122 3764 1468 3820 damnatum
1523 3775 1676 3828 esse,
1709 3757 1763 3811 S.
1800 3758 1921 3811 Ire-

264 3848 576 3937 naaus—(53)
612 3863 879 3915 testatur.
904 3877 932 3905 «
970 3852 1107 3908 Vide
1138 3848 1498 3906 Testimonia
1527 3851 1791 3901 veterum
1823 3859 1920 3897 su-

264 3973 371 4029 pra
405 3929 516 4010 sub
540 3967 706 4006 num.
742 3969 772 3998 »
805 3945 900 4013 ll.)
929 3948 1188 3999 Irenazus
1219 3943 1440 4003 autem,
1475 3932 1776 4006 Polycarpi
1807 3929 1919 3985 dis-

267 4027 525 4117 cipulus,
557 4039 725 4095 nullo
758 4035 933 4092 modo
966 4031 1162 4088 hacin
1195 4046 1258 4085 re
1291 4043 1488 4083 errare
1519 4027 1769 4096 poterat.

341 4164 411 4233 k)
443 4158 734 4233 lgnatium
766 4159 965 4213 Roma)
995 4167 1131 4207 cum
1165 4148 1368 4204 bestiis
1400 4159 1714 4218 pugnasse,
1763 4142 1922 4198 clare

270 4232 446 4308 docet
475 4232 759 4320 Origenes
789 4243 902 4314 (54)
936 4265 963 4292 ‹‹
999 4240 1141 4295 Vide
1171 4237 1338 4306 ibid.,
1372 4234 1480 4290 sub
1528 4248 1693 4289 num.
1729 4252 1756 4281 η
1809 4232 1923 4296 IV.)

340 4367 379 4437 l)
417 4363 651 4420 Itineris
683 4358 933 4416 Romani
977 4355 1264 4412 Eusebius
1298 4352 1410 4424 (55)
1458 4365 1694 4423 quoque
1756 4345 1923 4402 testis

271 4464 376 4514 est.
416 4479 443 4507 ι(
479 4452 648 4527 (Vide
682 4450 784 4507 ubi
815 4465 1014 4521 supra.
1051 4446 1158 4502 sub
1192 4461 1355 4499 num.
1395 4463 1419 4489 η
1457 4441 1541 4511 ν.)

339 4579 426 4648 m)
459 4573 649 4647 Magni
682 4571 938 4642 denique
971 4565 1251 4641 ponderis
1283 4565 1338 4619 S.
1371 4557 1774 4634 Chrysostomi
1811 4554 1925 4628 (56)

274 4674 362 4724 est
394 4645 663 4729 effatum,
716 4659 1151 4716 Antiochenam
1185 4654 1255 4711 de
1292 4651 1510 4725 lgnatio
1559 4645 1928 4706 Antiocheno

271 4756 662 4813 traditionem
719 4749 1068 4806 testificans.
1104 4746 1156 4817 (ιι
1191 4744 1335 4816 Ejus
1367 4738 1776 4796 testiinonium
1806 4734 1935 4790 vide

271 4847 433 4902 inter
454 4843 593 4910 alia,
625 4839 732 4897 sub
766 4854 932 4894 num.
964 4857 991 4886 »
1025 4835 1117 4907 X.)

349 4958 776 5018 Recentiorum
807 4951 1154 5009 testimonia
1208 4956 1536 5011 taceamus,
1568 4943 1640 4998 de
1671 4944 1936 4997 Romano

273 5049 488 5125 lgnatii
521 5047 738 5102 itinere
771 5041 1018 5097 minime
1072 5038 1433 5094 dubitantes.
1475 5031 1688 5090 Confer
1735 5033 1935 5084 autem

350 5211 469 5284 (51)
498 5201 1156 5284 Οζινχεοδιριιιιιθφιξι.
1191 5200 1257 5283 lii
1290 5199 1345 5255 S.
1368 5192 1755 5284 lgpat.,“t.‘ll,
1795 5206 1846 5271 (ξ.
1880 5191 1936 5257 4,

276 5302 338 5366 p.
354 5265 478 5363 ’598
493 5279 586 5340 ed.
613 5265 840 5359 Montf.)
870 5265 1056 5356 addit,
1077 5265 1648 5353 Trajanuni'lgnatio
1667 5265 1937 5333 longiora

275 5362 515 5432 itineris
536 5354 736 5432 spatia
767 5361 1168 5432 proposuisse.
1191 5347 1613 5432 utiet'itlneris‘
1626 5341 1934 5432 etAt‘empo-

273 5427 360 5481 ris
396 5410 902 5481 longitudine'viri
936 5415 1333 5473 constantiam
1363 5410 1771 5468 labefactaret.

347 5498 463 5568 (52)
487 5481 761 5568 Cotele_r.,
785 5488 860 5544 ad
891 5487 1306 5568 (EAi‘EpiStBlm
1419 5481 1627 5568 lgnatii
1658 5481 1731 5568 ad
1764 5487 1932 5568 Rom.

347 5554 460 5638 (53)
497 5565 640 5638 Adi).
672 5563 806 5638 hair.
840 5554 1163 5638 v_,28,Apud
1183 5555 1394 5613 Euseb.
1414 5554 1555 5612 Hist.
1583 5554 1709 5610 eccl.
1733 5572 1814 5622 ιιι,
1845 5558 1932 5611 36.

271 5633 393 5712 (54)
425 5633 639 5712 Homil.
678 5652 731 5688 iv
761 5633 822 5712 i_n
862 5635 987 5687 Luc.

349 5703 471 5782 (55)
500 5707 638 5765 Hist.
672 5705 838 5777 eccl.,
871 5718 958 5769 ni,
993 5703 1083 5760 36.

2018 585 2170 641 nuit.

2085 676 2139 746 2)
2178 675 2302 729 Non
2334 671 2532 727 minus
2565 666 2920 724 testimoniis
2977 671 3241 723 veterum
3287 667 3525 739 probari
3556 685 3661 740 po-

2015 769 2128 820 test
2158 761 2447 836 lgnatium
2478 759 2680 832 plures
2708 773 2980 813 exarasse
3016 755 3314 828 epistolas.

2085 854 2138 925 a)
2172 854 2250 907 De
2275 849 2540 922 epistolis
2554 847 2762 921 lgnatii
2784 847 3013 920 primus
3035 846 3390 918 Polycarpus
3407 845 3516 918 (57)
3543 860 3666 899 ver-

2014 945 2089 1000 ba
2114 937 2427 1006 facit;Ta‘tc
2482 933 2772 995 ἐπιστολὰς
2835 932 3118 1010 Ἰγνατίου,
3169 934 3266 996 τὰς
3324 933 3669 1010 πεμφθείσας

2014 1034 2151 1104 ἡμῖν
2185 1028 2274 1084 ὐπ’
2314 1027 2504 1098 αὐτοῦ,
2535 1024 2625 1079 καὶ
2658 1019 2858 1091 ἄλλας,
2888 1022 3016 1083 ὅσας
3065 1023 3292 1098 εἴχομεν
3347 1024 3475 1099 παρ’
3506 1025 3668 1095 ἡμῖν,

2016 1120 2336 1194 ἐπέμψαμεν
2386 1116 2539 1189 ὑμῖν,
2571 1113 2754 1178 καθὼς
2786 1110 3210 1168 ἐνετείλασθεο...
3243 1110 3294 1182 ἐξ
3343 1113 3415 1168 ὧν
3454 1110 3664 1187 μεγάλα

2015 1207 2368 1290 ὠφεληθῆναι
2428 1202 2740 1275 δυνήσεσθε.
2804 1202 3123 1290 Ποριὲχουσι
3181 1200 3285 1276 γὰρ
3343 1201 3521 1255 πίστιν
3562 1199 3655 1256 καὶ

2018 1300 2299 1374 ὑπομονὴν
2343 1295 2433 1352 καὶ
2493 1300 2663 1350 πᾶσαν
2721 1289 3045 1365 οἰκοδομὴν,
3104 1292 3202 1361 τὴν
3242 1291 3317 1352 εἷς
3345 1294 3436 1346 τὸν
3472 1291 3664 1366 Κύριον

2013 1392 2174 1464 ἡμῶν
2208 1388 2528 1457 ἀνήκουσαν.
2594 1385 2701 1451 Qui
2761 1384 2941 1456 igitur
2997 1381 3277 1456 epistolas
3334 1381 3544 1454 lgnatii
3604 1381 3665 1435 in

2016 1481 2262 1538 dubium
2294 1492 2506 1534 vocare
2537 1475 2738 1543 velint,
2772 1473 3081 1546 Polycarpi
3106 1487 3341 1544 quoque
3375 1470 3666 1544 epistolae,

2015 1573 2320 1646 praeeunte
2353 1567 2595 1636 Dalleeo,
2628 1565 2856 1621 bellum
2905 1563 3174 1621 indicant
3228 1566 3481 1635 oportet,
3513 1561 3675 1634 quod

2017 1662 2295 1719 Baurium
2328 1658 2518 1715 latuit.
2553 1655 2666 1712 Sed
2697 1656 2831 1727 quis
2869 1659 2980 1722 est,
3012 1653 3112 1725 qui
3141 1657 3310 1727 putet
3357 1651 3670 1708 falsarium

2017 1741 2336 1815 quemdam
2370 1756 2436 1795 eo
2471 1737 2824 1794 temeritatis
2875 1751 3001 1791 esse
3050 1750 3451 1807 progressum,
3482 1738 3550 1790 ut
3577 1734 3665 1788 vi-

2017 1837 2187 1888 vente
2229 1830 2421 1886 adhuc
2478 1831 2682 1883 sancto
2741 1825 3065 1897 Polycarpo
3125 1823 3235 1895 (58)
3295 1839 3416 1877 non
3471 1822 3663 1878 solum

2017 1922 2208 1978 amico
2245 1920 2374 1992 ejus
2404 1917 2652 1991 Ignatio,
2683 1914 2786 1970 sed
2835 1919 2892 1970 et
2934 1913 3044 1986 ipsi
3103 1911 3420 1984 Polycarpo
3485 1910 3666 1966 falsas

2019 2013 2381 2084 supponeret
2413 2005 2694 2080 epistolas
2715 2005 2742 2060 ?
2769 2003 2910 2070 Quis
2941 2001 3164 2059 credat.

2090 2101 2150 2173 b)
2174 2101 2466 2154 Irenaeum
2499 2111 2759 2168 quoque,
2804 2091 3114 2164 Polycarpi
3140 2089 3521 2163 discipulum,
3555 2089 3664 2144 du-

2021 2190 2236 2263 plicem
2254 2185 2622 2242 huncdolum
2639 2201 2756 2238 non
2770 2181 3144 2255 perspexisse
3157 2181 3184 2235 ?
3199 2181 3458 2236 Irenaeus
3475 2183 3673 2234 autem

2024 2277 2231 2353 epistol
2243 2277 2292 2332 is
2310 2282 2369 2330 et
2391 2273 2596 2348 lgnatii
2614 2279 2673 2328 et
2686 2271 2984 2344 Polycarpi
3005 2269 3411 2326 testimonium
3426 2268 3670 2340 praebet.

2095 2368 2149 2439 α)
2183 2365 2350 2432 Quod
2388 2362 2795 2419 testimonium
2829 2361 2900 2417 de
2934 2359 3181 2433 epistola
3214 2359 3423 2432 lgnatii
3455 2358 3528 2413 ad
3560 2361 3676 2414 Ro-

2171 2475 2379 2514 manos
2410 2457 2640 2524 attinet,
2691 2453 2823 2508 vide
2869 2452 3211 2508 testimonia
3240 2456 3526 2517 veterum,
3561 2449 3670 2505 sub

2169 2564 2330 2603 num.
2369 2547 2436 2602 ΙΙ.

2103 2637 2157 2712 β)
2192 2640 2270 2694 De
2302 2634 2554 2709 epistola
2581 2638 2778 2690 autem
2811 2631 3118 2705 Polycarpi
3140 2629 3214 2686 ad
3262 2628 3675 2700 Philippenses

2172 2728 2253 2783 ita
2278 2725 2519 2781 disserit
2539 2727 2594 2781 S.
2650 2726 2946 2780 Irenaeus:
3009 2719 3164 2774 Ἔστι
3198 2714 3254 2773 δὲ
3284 2715 3375 2772 καὶ
3406 2713 3671 2783 ἐπιστολὴ

2031 2814 2394 2889 Πολυκάρπου
2409 2813 2544 2888 πρὸς
2569 2809 2982 2880 Φιλιππησίους
2993 2807 3370 2886 γεγραμμένη,
3387 2802 3677 2878 κ.τ.λ.(59)

2103 2906 2156 2975 e)
2185 2905 2447 2961 Tertium
2481 2901 2869 2975 epistolarum
2923 2899 3282 2972 lgnatiarum
3319 2901 3529 2952 testem
3551 2895 3678 2950 Fri-

2029 2996 2265 3052 dericus
2290 2991 2675 3049 Diisterdieck
2703 2989 3023 3044 Lucianum
3040 2987 3283 3044 adhibet
3304 2988 3676 3042 Samosaten-

2032 3102 2180 3151 sem,
2203 3070 2303 3155 ᾳάί
2327 3083 2387 3137 in
2405 3081 2636 3152 dialogo
2662 3082 2738 3134 De
2760 3085 2932 3133 morte
2950 3078 3236 3146 Peregrini
3255 3075 3459 3148 lgnatii
3484 3073 3671 3128 nostri

2031 3173 2340 3230 historiam
2374 3169 2642 3227 deridere
2700 3169 2951 3224 videtur.
3012 3165 3366 3238 Peregrinus
3417 3164 3466 3236 (ἓ
3499 3166 3547 3231 1,
3581 3163 3674 3233 52)

1577 3283 1910 3339 Antiochia.

2040 3264 2189 3319 enim
2222 3261 2438 3334 saepius
2469 3254 2821 3328 κακοδαίμων
2873 3256 3235 3323 nominatur,
3270 3271 3386 3326 quo
3432 3252 3673 3308 nomine

2028 3352 2320 3427 lgnatium
2344 3366 2580 3422 quoque
2610 3347 2897 3419 Trajanus
2929 3345 3153 3401 notavit
3173 3343 3301 3416 (cfr.
3337 3341 3674 3413 Martyrium

2033 3441 2262 3515 lgnatii,
2283 3457 2332 3496 c.
2362 3440 2437 3511 2).
2461 3437 2682 3494 Deinde
2700 3437 3055 3508 Peregrinus
3081 3439 3364 3504 tanquam
3389 3433 3675 3502 episcopus

2020 3527 2578 3596 describitur(§lt),
2613 3531 2671 3580 et
2696 3525 2788 3580 his
2837 3523 3069 3579 verbis:
3122 3520 3173 3574 ἐν
3235 3520 3406 3591 Συρίᾳ
3461 3516 3674 3581 δεθέντα

2025 3621 2072 3691 (§
2105 3619 2214 3692 18).
2248 3621 2428 3672 Porro
2460 3620 2662 3671 narrat
2715 3613 3004 3669 Lucianus
3062 3613 3110 3680 (§
3143 3611 3248 3680 13),
3306 3609 3670 3665 Christianos

2025 3708 2288 3766 subsidia
2317 3706 2551 3761 misisse
2583 3703 2809 3776 captivo
2837 3719 2942 3757 suo
2973 3700 3310 3771 Peregrino.
3344 3700 3549 3754 Nonne
3572 3714 3671 3751 ve-

2026 3815 2093 3854 ro
2123 3799 2318 3854 haacce
2346 3795 2568 3851 referes
2601 3793 2674 3848 ad
2704 3793 2954 3865 legatos,
2986 3807 3136 3860 quos
3169 3788 3439 3843 Asiaticae
3471 3787 3675 3842 Eccle-

2030 3889 2132 3945 sia:
2164 3886 2388 3959 lgnatio
2421 3882 2735 3937 mittebant
2763 3879 3160 3953 gratulaturos
3209 3877 3355 3949 (Ign.
3405 3876 3478 3931 ad
3530 3876 3676 3948 Eph.

2030 3994 2105 4033 c..
2153 3980 2202 4044 1,
2245 3980 2296 4043 2,
2334 3974 2407 4030 ad
2439 3974 2625 4044 Magn.
2660 3987 2708 4025 c.
2745 3969 2850 4039 2)?
2906 3969 3144 4022 Summa
3193 3983 3327 4021 vero
3361 3965 3681 4020 acerbitate

2031 4066 2322 4140 lgnatium
2354 4063 2543 4134 carpit
2564 4059 2833 4131 martyrii
2867 4061 3270 4130 appetentem.
3291 4055 3685 4122 Quasiamen-

2032 4162 2151 4213 tem
2173 4155 2332 4210 enim
2349 4147 2660 4220 κενοδοξίαν
2685 4148 2916 4205 deridet
2942 4145 3204 4202 nobilem
3231 4145 3284 4217 ej
3310 4161 3380 4200 us
3401 4144 3686 4199 fervorem

2034 4252 2094 4303 et
2119 4262 2252 4302 cum
2275 4243 2532 4316 lgnatius
2559 4243 2830 4296 hortatus
2860 4237 3376 4301 fueritEcclesias,
3398 4242 3462 4291 ut
3482 4235 3649 4290 mitte
3667 4266 3682 4275 ο

2031 4341 2168 4391 rent
2187 4333 2577 4407 gratulatores
2602 4329 2978 4385 Antiochiam
3002 4329 3143 4400 (Ign.
3172 4327 3248 4382 ad
3271 4326 3492 4381 Philad.
3513 4342 3563 4380 c.
3599 4325 3684 4392 10,

2033 4426 2107 4483 ad
2137 4424 2334 4498 Polyc.
2367 4440 2417 4478 c.
2449 4424 2480 4474 7
2531 4423 2705 4492 seq),
2749 4419 3009 4473 vicissim
3055 4417 3126 4472 de
3171 4416 3489 4487 Peregrino
3531 4412 3687 4484 apud

2036 4514 2360 4572 Lucianum
2401 4513 2483 4566 ita
2514 4514 2605 4564 est
2634 4506 2773 4563 Φασὶ
2805 4503 2863 4560 δὲ
2891 4506 3055 4567 πάσις
3088 4502 3283 4582 σχεδὸν
3310 4507 3428 4561 ταῖς
3459 4498 3691 4569 ἐνδόξοις

1963 4598 2004 4664 D
2033 4599 2209 4672 δόξοις
2239 4599 2462 4654 πόλεσιν
2497 4594 2789 4657 ἐπιστολὰς
2845 4591 3149 4666 διαπέμψαι
3208 4591 3436 4646 αὐτὸν...
3495 4587 3584 4642 καί
3612 4607 3694 4643 τι·

2039 4714 2129 4755 νας
2183 4691 2268 4747 ἐπὶ
2329 4691 2509 4761 τούτῳ
2565 4682 2893 4763 πρεσϐευτὰς
2938 4688 3046 4739 τῶν
3121 4681 3348 4754 ἑταίρων
3406 4677 3688 4759 ἐχειροτό-

2042 4803 2220 4852 νησε,
2304 4771 2698 4854 νεκραγγέλους
2802 4776 2892 4829 καὶ
2990 4769 3420 4849 νερτεροδόμους
3517 4789 3692 4844 προσ-

2043 4871 2340 4948 αγορεῦσας
2391 4870 2438 4943 (§
2492 4869 2605 4939 41),
2667 4873 2726 4923 at
2782 4881 3029 4948 rursum,
3080 4862 3288 4920 audias
3345 4861 3688 4934 lgnatium:

2043 4947 2234 5037 πρἑπει
2266 4947 3169 5034 -χειροτονῆσαι-θεοπρεσόὗτην
3197 4953 3454 5025 (Smyrn.
3489 4967 3539 5006 c.
3576 4951 3687 5020 ill,

2043 5047 2339 5126 θεόδρομος
2375 5047 2596 5122 (Polyc.
2630 5063 2680 5101 c.
2714 5049 2744 5098 7
2777 5044 2911 5115 (60).

2081 5197 2228 5327 d(53)
2263 5193 2479 5264 Homil,
2510 5193 2571 5247 in
2603 5192 2658 5247 S.
2693 5190 2903 5262 Ignat.,
2928 5205 2987 5243 n.
3014 5187 3070 5242 5.
3103 5187 3249 5258 Opp.
3285 5190 3326 5241 t.
3360 5185 3434 5251 ll,
3466 5201 3524 5256 p.
3558 5183 3685 5249 599,

2126 5313 2139 5326 .
2214 5286 2329 5325 uae.

2046 5286 2139 5328 ea.
2168 5286 2304 5325 nua)
2320 5310 2329 5322 .

2116 5341 2228 5412 (57)
2258 5338 2456 5412 Polyc.
2487 5338 2590 5412 Ep:
2623 5333 2697 5389 ad
2729 5331 3008 5412 Philipp,
3040 5347 3090 5384 c.
3134 5329 3218 5410 13..

2116 5356 2228 5412 (5⁷1)
2259 5356 2456 5463 ιὀἒῖο.
2489 5356 2590 5407 np.
2623 5356 2697 5389 au
2729 5356 2960 5402 ruuipp
2994 5372 3008 5397 ,
3040 5356 3090 5384 υ.
3136 5356 3218 5382 ιο.

2115 5414 2224 5483 (58)
2255 5411 2341 5483 Me
2390 5407 2841 5483 iis_enim_smc.
2895 5419 2930 5456 ll
2961 5399 3346 5483 temporibus,
3401 5414 3542 5483 ergo
3592 5398 3686 5451 vi-

2043 5470 2218 5540 vente
2245 5480 2438 5537 adhuc
2469 5479 2524 5533 S.
2589 5470 3240 5545 Polycarpo,iepis't‘olas
3282 5470 3517 5527 nostras
3549 5486 3688 5525 con-

2044 5557 2230 5612 fectas
2261 5568 2390 5608 esse
2425 5549 2668 5604 Baurius
2699 5543 3026 5600 contendit.
3059 5543 3172 5598 Cfr.
3210 5546 3434 5613 supra§
3462 5560 3532 5597 iv.

2116 5627 2227 5698 (5ο)
2251 5624 2390 5698 Adv.
2416 5622 2559 5698 haer.
2582 5635 2663 5698 ιιι,
2682 5619 2735 5698 3Σ
2754 5616 2921 5688 Apud
2941 5615 3174 5698 Euseb,
3201 5615 3485 5684 Histeccl.,
3503 5633 3577 5682 iv,
3609 5615 3689 5668 14.

2119 5689 2232 5772 (60)
2269 5691 2681 5761 Di’isterdiecK,
2717 5693 2758 5758 I,
2792 5701 2869 5756 c.,
2905 5706 2962 5764 p.
2995 5689 3084 5744 48.
