4060 6206
289 357 406 420 635

1243 349 1527 412 SANCTI
1571 346 1878 409 lGNATlI
1921 346 2326 409 El’ISTOL/‘E
2369 347 2769 409 GENUINAE.

3591 349 3707 408 636

364 493 425 568 (1)
455 492 633 551 Paulo
667 496 804 565 post
828 491 1119 545 Irenmum
1143 483 1425 558 Origenes
1447 484 1554 558 (61)
1572 483 1647 540 de
1672 481 1936 557 epistolis

2059 483 2238 540 fuisse
2269 484 2383 539 exl
2414 483 2546 539 Cor.
2576 499 2670 555 xv,
2702 483 2848 554 8-10,
2879 482 3072 556 Ephes
3126 500 3212 554 ιιι,
3262 485 3313 550 8,
3348 486 3406 539 et
3432 484 3458 538 Ι
3487 482 3636 541 Tim.
3665 499 3706 541 ι.

292 584 501 659 lgnatii
533 584 709 638 verba
738 579 900 636 fecit.

363 676 419 749 α)
450 672 668 728 Memini
697 669 942 739 aliquem
996 674 1322 725 sanctorum
1378 667 1603 735 dixisse,
1660 668 1940 738 Ignatium

435 763 676 826 nomine,
710 759 777 814 de
808 757 1062 815 Christo:
1118 760 1267 815 Meus
1314 763 1501 813 autem
1555 773 1710 813 amor
1763 758 1940 812 cruci-

432 855 574 921 ﬁxus
605 855 702 904 est.
737 871 764 899 »
789 851 873 904 Ex
903 848 1006 920 Ep.
1038 847 1248 921 Ignatii
1280 847 1355 903 ad
1386 850 1553 903 Rom.
1587 865 1638 903 c.
1672 849 1725 902 7.

368 939 422 1014 β)
456 936 796 995 Secundum
831 936 1097 1010 Origenis
1128 937 1539 993 testimonium
1580 936 1711 992 vide
1741 953 1940 1010 supra,

436 1029 549 1085 col.
583 1032 642 1084 9.

367 1119 419 1190 e)
440 1118 743 1175 Addamus
762 1117 924 1173 hisce
942 1117 1189 1173 testibus
1205 1117 1525 1174 Eusebium
1547 1116 1682 1191 (62),
1699 1116 1798 1189 qui
1822 1133 1942 1173 non

297 1208 488 1264 solum
521 1207 592 1263 de
626 1209 891 1263 Romano
923 1194 1361 1279 Ignatiiitinere
1394 1205 1495 1263 sed
1526 1212 1587 1262 et
1615 1207 1686 1263 de
1719 1212 1942 1279 septem

296 1297 424 1368 ejus
455 1295 721 1368 epistolis
751 1295 1108 1352 nominatim
1140 1296 1280 1368 agit,
1314 1296 1576 1369 singulas
1605 1296 1809 1368 paucis
1841 1297 1942 1351 de-

297 1386 582 1454 scribens,
604 1402 672 1440 ex
694 1384 960 1457 epistolis
974 1402 1108 1441 vero
1124 1385 1197 1441 ad
1220 1387 1386 1442 Rom.
1404 1402 1454 1440 c.
1471 1387 1501 1439 5
1526 1390 1585 1441 et
1612 1385 1686 1441 ad
1710 1385 1941 1458 Smyrn.

296 1491 347 1531 c.
378 1476 408 1529 3
438 1475 699 1547 plurima
731 1475 1090 1546 depronens.
1140 1473 1381 1547 (Eusebii
1425 1475 1794 1530 testimonium
1821 1474 1945 1530 vide

297 1552 489 1636 supra,
521 1566 624 1622 col.
658 1564 742 1633 11,
778 1563 884 1620 sub
918 1581 1083 1620 num.
1118 1565 1217 1636 V.)

366 1653 409 1724 ι’)
440 1651 800 1709 Athanasius
840 1652 953 1725 (63)
1015 1668 1251 1724 quoque
1302 1652 1623 1726 Ignatianis
1681 1652 1945 1726 epistolis

297 1742 706 1798 testimonium
731 1740 1006 1814 perhibet
1033 1744 1247 1812 (supra,
1282 1741 1384 1799 col.
1416 1745 1501 1813 l'o',
1533 1759 1686 1798 num.
1724 1742 1834 1814 VI).

367 1832 423 1904 g)
450 1831 1176 1933 Remiquellieron‘ymum
1200 1834 1334 1933 (6‘4),
1359 1832 1460 1904 qui
1494 1849 1615 1889 non
1636 1832 1749 1888 nisi
1768 1832 1947 1889 verba
1978 1866 2023 1933 Β

297 1920 530 1977 Eusebii
560 1919 869 1991 repetiisse
899 1920 1148 1987 videtur,
1163 1920 1477 1976 audiamus
1503 1923 1812 1992 :Ignatius.
1841 1924 1947 1977 An-

206 1998 211 2005 ’
300 2010 564 2067 tiochenzc
592 2010 858 2067 Ecclesiae
880 2012 1075 2066 tertius
1103 2016 1226 2084 post
1260 2013 1476 2066 Petrum
1506 2012 1815 2082 apostolum
1835 2014 1950 2084 epi-

297 2115 511 2170 scopus,
545 2103 657 2154 ete.
685 2098 959 2171 (Reliqua
986 2098 1117 2155 vide
1148 2117 1327 2173 supra
1352 2101 1466 2157 col.
1495 2104 1558 2156 16
1584 2117 1596 2156 :
1621 2119 1785 2158 num.
1812 2101 1945 2175 V11).

372 2187 777 2244 PoSteriorum
798 2190 1039 2244 Patrum
1071 2189 1433 2257 testimonia,
1466 2190 1623 2246 inter
1642 2208 1713 2247 ea
1742 2191 1947 2247 decem

300 2276 643 2333 testimonia
657 2278 1031 2344 Theodoreti,
1056 2278 1211 2351 apud
1243 2280 1616 2336 Gallandium
1638 2285 1697 2336 et
1724 2279 1947 2338 Cotele-

300 2366 457 2423 rium
490 2371 768 2440 congesta
816 2366 1103 2433 invenies,
1138 2368 1309 2424 initio
1368 2368 1549 2443 hujus
1603 2369 1944 2440 voluminis,

208 2504 209 2507 η
302 2457 452 2511 Emr.
494 2457 714 2512 PATROL
726 2494 739 2515 .

373 2545 428 2618 3)
450 2544 695 2602 Baurius
740 2547 1045 2603 contendit
1098 2548 1390 2621 Ignatium
1449 2549 1611 2604 omni
1654 2549 1826 2607 modo
1885 2549 1948 2606 in

302 2635 395 2713 his
419 2635 655 2707 litteris,
683 2641 809 2692 tum
823 2638 988 2708 justo
1008 2638 1307 2693 fervidiori
1330 2637 1624 2694 desiderio
1656 2640 1945 2712 martyrii,

236 2714 263 2757 ·’
303 2730 428 2785 tum
457 2726 681 2783 absona
720 2727 1071 2784 humilitatis
1104 2734 1161 2784 et
1189 2728 1494 2785 modestia:
1525 2746 1659 2786 cum
1680 2729 1950 2801 jactatio-

300 2834 376 2874 ne
404 2820 463 2874 et
492 2817 770 2890 superbia
798 2818 1221 2890 conjunctione
1257 2835 1318 2873 se
1352 2818 1528 2874 talem
1569 2819 1856 2892 praebere,
1883 2825 1949 2876 ut

300 2905 608 2981 apostolici
628 2905 735 2962 viri
765 2906 1010 2980 vestigia
1041 2906 1253 2963 nullibi
1289 2907 1547 2982 detegas,
1580 2909 1778 2966 ﬁctam
1810 2926 1944 2966 vero

296 3012 617 3070 personam
646 2995 818 3052 facile
850 2997 1133 3069 reperias.

445 3087 655 3142 Verum
670 3126 682 3142 .

368 3174 424 3249 a)
453 3175 775 3249 Singularis
793 3176 980 3232 animi
1002 3176 1165 3233 calor
1186 3178 1945 3242 etcommotio,inatl‘cctata

138 3256 145 3259 ⁷
178 3286 203 3295 ·⁴
297 3273 357 3337 et
379 3268 575 3324 nativa
604 3284 666 3323 se
688 3268 991 3341 prmbendi
1016 3270 1165 3325 ratio
1188 3270 1526 3327 omnimodo
1554 3272 1862 3327 sinceritas
1887 3276 1944 3327 et
1971 3249 2017 3315 θ

296 3356 667 3433 simplicitas,
701 3357 1051 3431 scriptorem
1086 3376 1153 3414 ex
1186 3360 1397 3416 intimo
1429 3360 1606 3416 corde
1630 3359 1805 3416 verba
1835 3377 1943 3417 sua

294 3448 717 3523 proferentem,
735 3464 855 3504 non
875 3447 1183 3506 falsarium
1205 3449 1468 3521 produnt
1487 3450 1621 3523 (65).
1645 3451 1711 3505 In
1732 3450 1942 3522 primis

296 3555 474 3596 nemo
487 3537 763 3597 falsarius
777 3538 1131 3611 praeclarum
1153 3540 1301 3596 illud
1322 3557 1428 3613 cap
1441 3582 1453 3595 .
1477 3542 1510 3595 4
1527 3539 1942 3597 ad'l‘rallianos

293 3628 648 3704 scripsisset,
670 3629 772 3687 ubi
794 3631 1053 3703 Ignatius
1082 3636 1283 3703 aperte
1298 3635 1943 3704 testatur,quantopere

112 3748 147 3787 ,λ
226 3726 229 3731 ’
294 3720 429 3798 ipsi,
461 3720 535 3778 ad
579 3738 862 3779 coronam
919 3721 1188 3795 martyrii
1245 3721 1614 3794 properanti,
1667 3722 1944 3795 superbia

293 3812 565 3885 quasdam
597 3813 675 3869 sit
696 3812 1052 3886 periculosa.
1078 3813 1142 3868 In
1163 3811 1461 3869 fervidiori
1483 3813 1643 3870 enim
1674 3814 1943 3886 martyrii

240 3968 245 3971 _
294 3900 591 3959 desiderio
612 3902 889 3960 falsarius
911 3902 1160 3976 gloriam
1191 3903 1391 3958 herois
1424 3903 1513 3959 sui
1544 3904 1859 3976 posuisset.

250 4050 253 4053 ,
362 3991 421 4067 1))
449 3996 670 4051 Revera
708 3993 957 4050 minime
991 3992 1162 4048 nobis
1193 3992 1413 4048 mirum
1439 3992 1687 4061 videtur,
1707 3993 1753 4047 si
1781 3994 1945 4065 Igna-

292 4082 437 4149 tius,
464 4098 747 4138 coronam
770 4082 1038 4152 martyrii
1061 4085 1430 4152 exspectans,
1464 4080 1668 4135 eadem
1693 4081 1802 4148 via,
1828 4097 1946 4152 qua

293 4168 533 4237 Paulus,
564 4172 813 4224 Romam
844 4168 1079 4239 ductus,
1121 4186 1155 4224 a
1184 4168 1467 4225 fratribus
1500 4168 1672 4242 longe
1706 4169 1944 4242 lateque

120 4286 123 4293 -
226 4294 241 4305 ο
296 4258 586 4315 salutatus
643 4257 1039 4331 laudibusque
1099 4262 1368 4328 ornatus,
1425 4258 1769 4329 fervidoque
1807 4274 1944 4331 erga

295 4347 587 4406 salutatus
627 4347 1026 4420 laudibusque
1083 4352 1349 4413 ornatus,
1408 4346 1751 4419 fervidoque
1808 4365 1946 4421 erga

292 4439 592 4497 Christum
614 4455 814 4497 amore
832 4438 1111 4512 ﬂagrans,
1136 4436 1471 4495 vehementi
1503 4435 1762 4509 quodam
1792 4453 1948 4494 mar-

291 4530 430 4606 tyrii
457 4530 754 4589 desiderio
780 4529 1028 4587 ardebat
1056 4530 1189 4603 (66).

2045 573 2217 629 12-13
2250 570 2598 645 perspicies.

2116 691 2177 763 d)
2205 689 2457 747 Iactatio
2492 689 2868 762 etsuperbia,
2900 691 3227 762 apostolico
3255 690 3377 747 viro
3401 691 3705 752 indecora,

2046 781 2108 837 in
2135 779 2486 854 cognomine
2519 778 2790 856 Θεοφόρος
2825 780 3083 836 inveniri
3116 797 3239 837 non
3268 785 3486 853 potest.
3539 783 3707 837 Tem-

2047 871 2290 944 poribus
2315 871 2478 927 enim
2509 870 2851 943 apostolicis
2904 870 3103 943 plures
3159 870 3428 927 fidelium
3483 871 3703 928 talibus

2050 960 2399 1018 honorificis
2428 959 2770 1016 nominibus
2801 960 2912 1032 ipsi
2947 964 3087 1017 sunt
3116 961 3230 1028 usi,
3280 967 3349 1017 ut
3378 963 3436 1016 Β.
3471 964 3708 1033 Petrus,

2052 1050 2374 1120 Barnabas,
2407 1049 2692 1105 Barsabas
2709 1051 2895 1106 Justus
2925 1048 3123 1105 etalii.
3144 1052 3436 1106 Praeterea
3467 1052 3523 1107 S.
3545 1053 3706 1123 lgna-

2050 1141 2170 1196 tius
2202 1157 2323 1196 non
2356 1138 2772 1195 immodestior
2800 1144 2890 1194 est
2918 1140 3091 1195 beato
3112 1139 3295 1195 Paulo
3320 1140 3389 1212 (ll
3412 1141 3542 1205 Cor,
3574 1158 3632 1209 ι,
3676 1145 3697 1195 ί

2049 1230 2107 1285 11
2141 1247 2154 1297 ;
2188 1247 2241 1299 v,
2275 1230 2362 1298 11,
2394 1229 2584 1284 21-23.
2618 1228 2741 1284 Gal.
2777 1244 2839 1295 ιι,
2872 1232 2959 1297 11,
2994 1232 3103 1300 1⁸7),
3140 1245 3318 1300 quem
3351 1246 3461 1285 nec
3493 1247 3706 1287 censor

2047 1319 2376 1376 acerrimus
2407 1318 2481 1375 ob
2514 1334 2645 1374 eam
2674 1334 2802 1374 rem
2828 1322 3010 1390 ﬁctam
3041 1334 3357 1390 personam
3390 1319 3701 1377 nominare

2046 1410 2211 1467 velit.

2118 1529 2175 1599 4)
2205 1526 2502 1583 Falsarius
2533 1526 2596 1582 in
2627 1526 3119 1599 Pseudo-Ignatio
3150 1543 3256 1583 suo
3287 1526 3614 1584 excolendo
3647 1533 3707 1584 et

2049 1616 2525 1674 commendando
2545 1616 2637 1673 vix
2667 1615 3042 1689 neglexisset,
3063 1616 3134 1672 de
3167 1618 3521 1675 necessitate
3542 1619 3704 1691 lgna-

2051 1707 2117 1762 tii
2155 1723 2289 1764 cum
2319 1708 2546 1763 Joanne
2578 1704 2844 1778 apostolo
2881 1704 3059 1762 verba
3085 1704 3303 1764 facere.
3336 1706 3452 1763 Sed
3489 1707 3708 1763 nullibi

2049 1796 2111 1853 in
2145 1795 2414 1869 epistolis
2445 1795 2663 1852 nostris
2683 1795 2828 1852 talia
2868 1795 3127 1869 reperies
3159 1798 3288 1869 (67).

2120 1913 2179 1986 5)
2211 1913 2317 1979 Qui
2348 1913 2411 1969 in
2433 1913 2693 1969 favorem
2725 1912 3110 1985 explananda;
3138 1915 3513 1987 episcopatus
3551 1915 3700 1972 ideae

2053 2003 2161 2058 has
2191 2002 2474 2075 epistolas
2503 2003 2801 2058 confectas
2850 2008 2908 2058 et
2936 2004 3219 2060 confictas
3275 2021 3406 2061 esse
3462 2010 3699 2077 putant,

2054 2091 2370 2164 epistolam
2408 2093 2620 2166 Ignatii
2651 2092 2725 2149 ad
2764 2095 3063 2150 Romanos
3115 2110 3237 2150 non
3268 2094 3330 2150 in
3377 2096 3697 2154 consilium

2052 2188 2284 2250 vocant,
2318 2183 2382 2238 in
2412 2199 2529 2254 qua
2558 2182 2727 2239 nulla
2754 2183 3128 2256 episcopatus
3179 2184 3247 2240 fit
3301 2186 3525 2242 mentio
3556 2188 3695 2260 (68).

2053 2272 2351 2328 Falsarius
2383 2272 2612 2344 utique,
2660 2274 2861 2329 Romae
2910 2290 3019 2329 sua
3048 2272 3298 2347 fingens,
3332 2275 3403 2331 de
3433 2279 3700 2333 Romano

2054 2378 2293 2434 quoque
2324 2362 2669 2434 episcopatu
2697 2361 2878 2418 verba
2909 2361 3165 2421 fecisset.
3198 2365 3534 2421 Notandum
3562 2383 3703 2424 vero

2055 2455 2357 2507 auctorem
2390 2450 2776 2524 epistolarum
2807 2468 2929 2506 non
2955 2450 3015 2506 id
3043 2452 3105 2506 in
3142 2452 3351 2524 primis
3397 2454 3608 2527 egisse,
3639 2462 3708 2513 ut

2054 2541 2452 2599 hierarchiam
2500 2540 2966 2597 ecclesiasticam
3025 2546 3085 2598 et
3112 2541 3532 2617 obedientiam,
3565 2551 3701 2617 etc.,

2055 2650 2192 2707 erga
2222 2632 2532 2705 episcopos
2589 2631 3055 2689 commendaret.
3090 2633 3269 2689 Multo
3301 2634 3459 2691 enim
3518 2638 3706 2710 magis

2054 2741 2212 2781 curm
2245 2722 2299 2778 ei
2330 2722 2460 2791 fuit,
2493 2726 2559 2776 ut
2590 2721 2796 2777 ﬁdeles
2819 2738 2853 2777 a
2882 2739 3109 2778 veneno
3132 2723 3565 2796 judaizantium
3597 2728 3705 2783 Do-

2053 2819 2318 2871 cetarum
2349 2812 2782 2868 dehortaretur.
2817 2812 2904 2868 Ad
2944 2812 3281 2870 evitandam
3313 2813 3525 2871 deinde
3549 2816 3701 2874 hanc

2053 2903 2467 2977 contagionem
2489 2902 2685 2958 unitas
2711 2900 3115 2961 ecclesiastica
3130 2908 3189 2959 et
3209 2905 3545 2964 arctissima
3564 2924 3699 2965 cum

2053 2995 2330 3068 episcopo
2360 2992 2700 3066 coujunctio
2721 2993 3060 3065 postulatur
3087 2996 3222 3067 (69).

2120 3104 2177 3175 6)
2192 3106 2457 3161 Haereses
2480 3120 2625 3176 quas
2645 3103 2855 3161 beatus
2872 3105 3134 3178 Ignatius
3155 3107 3521 3182 perstringit,
3542 3109 3705 3167 clare

2054 3194 2491 3261 demonstrant,
2519 3193 2803 3267 epistolas
2825 3193 2955 3265 ejus
2980 3194 3191 3266 primis
3221 3196 3425 3254 saeculi
3454 3200 3703 3256 secundi

2054 3284 2419 3358 temporibus
2451 3300 2581 3339 esse
2611 3283 3011 3342 ascribendas.
3043 3287 3168 3343 Duo
3199 3285 3429 3344 diversa
3458 3288 3705 3346 hmreti-

2054 3391 2262 3432 corum
2293 3389 2511 3446 genera
2538 3373 2812 3443 (Docetas
2844 3378 2901 3429 et
2929 3372 3322 3446 Judaizantes,
3373 3377 3445 3434 ab
3475 3379 3704 3452 Ignatio

2055 3463 2393 3536 impugnari
2424 3463 2693 3536 plerique
2709 3462 3115 3520 crediderunt.
3150 3466 3449 3523 Hutherus
3471 3469 3583 3541 (70)
3610 3486 3712 3526 au-

2056 3558 2177 3609 tem
2199 3552 2350 3609 bene
2381 3552 2599 3608 docuit.
2622 3552 2915 3625 Ignatium
2946 3570 3065 3609 non
3097 3554 3214 3609 nisi
3245 3555 3306 3610 in
3328 3572 3498 3613 unum
3519 3574 3708 3631 genus

2055 3642 2495 3709 haereticorum,
2521 3641 2955 3715 judaizantium
2999 3642 3130 3699 dico
3181 3643 3555 3717 Docetarum,
3588 3647 3708 3704 tela

2056 3733 2311 3789 acuisse.
2348 3732 2560 3787 Beatus
2590 3731 2751 3786 enim
2782 3732 2978 3802 Pater,
3037 3733 3086 3788 si
3146 3738 3354 3790 contra
3407 3735 3706 3793 Judaistas

2055 3838 2292 3896 quoque
2304 3822 2543 3895 proprio
2565 3814 2747 3877 sen'su
2759 3821 3330 3895 pugnasset,absque
3344 3826 3503 3881 omni
3522 3826 3705 3884 dubio

2055 3915 2234 3969 etiam
2265 3911 2336 3969 de
2354 3910 2996 3968 circumcisioneverba
3014 3911 3270 3983 fecisset,
3298 3915 3455 3986 quod
3485 3916 3703 3974 nullibi

2056 4004 2118 4058 in
2151 4001 2418 4074 epistolis
2449 4001 2577 4073 ejus
2608 4001 2923 4073 reperitur.
2984 4001 3291 4073 Ejusmodi
3339 4004 3517 4077 igitur
3554 4006 3702 4080 legis

2054 4092 2317 4147 fautores
2368 4090 2618 4163 intelligi
2650 4089 2870 4162 jubent
2900 4090 3198 4147 Hutherus
3228 4096 3289 4147 et
3313 4093 3701 4153 Diisterdieck

2056 4181 2228 4237 illum
2257 4198 2536 4252 sequens,
2569 4178 2771 4251 quales
2801 4179 3024 4235 Coloss.
3058 4196 3122 4248 ιι,
3158 4184 3224 4236 16
3255 4198 3384 4254 sqq.
3415 4186 3706 4255 perstrin-

2055 4270 2292 4338 gantur,
2316 4280 2691 4337 quorumque
2714 4263 2936 4320 ascesis
2953 4263 3241 4335 judaismi
3272 4266 3460 4324 instar
3480 4269 3558 4325 sit
3580 4270 3709 4327 visa

2056 4355 2306 4413 Unicum
2324 4356 2434 4410 hoc
2449 4353 2884 4427 judaizantium
2907 4354 3258 4411 Docetarnm
3272 4372 3459 4429 genus
3470 4360 3710 4416 Duster-

2055 4445 2227 4501 dieck
2257 4444 2318 4517 (l.
2353 4461 2428 4510 c.,
2463 4460 2518 4515 p.
2554 4443 2644 4515 55)
2684 4443 2746 4497 in
2773 4443 2919 4498 duas
2949 4443 3203 4500 familias
3234 4445 3541 4521 disjungit,
3575 4466 3708 4506 eas-

2055 4551 2169 4607 que
2195 4550 2225 4589 e
2250 4532 2513 4590 Corinthi
2538 4531 3145 4605 erroribusprofectas
3157 4533 3702 4611 affirmat.Utraque

365 4623 419 4696 ο)
451 4623 744 4680 Absonam
773 4621 1175 4679 humilitatem
1204 4620 1450 4677 Baurius
1481 4618 1543 4675 in
1564 4619 1637 4675 iis
1667 4618 1814 4676 locis
1843 4618 1937 4675 de-
1965 4618 2019 4685 D
2055 4622 2766 4680 Cerinthiacaahaeresaeos
2783 4621 3076 4679 elementa
3093 4623 3405 4681 servabant
3419 4627 3699 4700 Magnesii

100 4740 127 4799 1-
172 4690 193 4703 1'
222 4718 253 4793 ς
292 4715 512 4771 texisse
539 4717 727 4786 putat,
759 4711 862 4769 ubi
912 4711 1170 4786 lgnatius
1214 4728 1277 4767 se
1310 4710 1507 4783 ipsum
1562 4708 1852 4765 minimum
1883 4712 1942 4764 et

291 4804 589 4877 indignum
640 4801 944 4877 praedicat,
979 4805 1039 4857 et
1066 4817 1201 4857 cum
1232 4799 1500 4856 diaconis
1532 4802 1786 4865 tantum,
1817 4815 1940 4854 non

290 4912 427 4955 cum
465 4893 763 4969 episcopis
780 4908 842 4948 se
874 4895 1218 4964 comparat;
1242 4907 1294 4946 e.
1326 4907 1380 4964 g.
1413 4889 1486 4945 ad
1518 4890 1753 4961 Smyrn.
1786 4906 1836 4945 c.
1874 4892 1931 4943 11

289 4938 446 5044 ἐῖῖὲ
466 4938 1094 5055 ξῖᾶνῖιὲξῖιίνοῖέξῖἓ
1119 4998 1133 5049 ;
1165 4938 1240 5037 ad
1268 4938 1481 5052 Eghes.
1513 4996 1563 5035 c.
1585 4938 1706 5034 Siet
1740 4980 1835 5046 l8;
1864 4977 1940 5034 ad

112 5074 189 5115 δέ
288 5076 463 5136 Trall.
491 5092 543 5132 c.
582 5076 668 5139 13,
702 5072 777 5129 ad
806 5070 1035 5127 Philad.
1083 5088 1134 5126 c.
1168 5072 1238 5138 4;
1302 5069 1375 5125 ad
1432 5070 1620 5142 Magn.
1654 5085 1704 5123 c.
1738 5071 1790 5122 2.
1825 5066 1937 5122 Sed

106 5168 171 5253 7“
198 5214 205 5219 .
252 5156 273 5243 ί
291 5163 563 5225 eamdem
584 5161 983 5221 humilitatem
1005 5158 1136 5215 divo
1159 5174 1395 5231 quoque
1425 5157 1609 5214 Paulo
1636 5155 1938 5229 propriam

359 5309 474 5385 (61)
503 5305 829 5385 Brolog._in
863 5303 1019 5385 {Ian},
1054 5302 1325 5358 canticor.

381 5377 470 5447 62)
500 5381 617 5437 Hist
654 5377 808 5444 each,
839 5382 926 5447 ni,
956 5377 1045 5431 34.

380 5444 471 5521 63)
500 5455 577 5509 De
603 5466 723 5521 syn.
746 5444 930 5521 Arim.
962 5452 1016 5504 et
1036 5444 1274 5521 διαέρια,
1305 5462 1364 5500 ιι.
1397 5446 1451 5499 4.

200 5588 201 5591 η
360 5519 473 5593 (64)
499 5519 680 5593 Cata‘l.
709 5520 905 5592 script.
939 5519 1094 5586 σθαι,
1128 5534 1179 5573 c.
1224 5519 1305 5593 I6.

278 5616 279 5619 η
360 5587 616 5660 (65)(11ιν.
638 5587 843 5658 Bothe:
868 5593 1030 5660 Anf.,
1055 5595 1166 5646 etc.
1185 5606 1243 5660 p.
1273 5591 1376 5644 718
1398 5605 1531 5660 sqq.
1558 5587 1854 5658 Huther,l.
1881 5605 1930 5644 c.

505 5663 623 5737 Cit"
651 5663 864 5737 Βοῲθν
971 5677 1047 5727 θ’»
1079 5678 1137 5732 Ρ·

200 5776 247 5811 ,_
360 5694 623 5808 liii-Eii:
654 5694 864 5800 ἓξίἕὲζ
894 5694 943 5787 i.’
970 5694 1047 5796 ἔῖζ
1073 5694 1137 5801 ἕξ
1164 5694 1295 5800 iii;
1329 5736 1453 5787 not.
1487 5733 1540 5788 5.

170 5876 229 5897 ιη

138 5902 153 5917 κ
242 5908 243 5913 η

160 5924 163 5929 ν
236 5926 245 5933 .

136 5930 283 5963 .-νῖν

2050 4719 2109 4768 et
2126 4710 2819 4783 Philadelphenses,cum
2834 4711 3227 4768 Gnosticismo
3244 4730 3348 4770 seu
3363 4715 3695 4775 Docetismo

2025 4803 2225 4859 minus
2240 4800 2471 4857 exculto
2485 4800 2852 4857 Judaismum
2865 4801 2996 4873 conj
3005 4804 3692 4881 ungentes(cfr.adMagn.

2049 4892 2241 4964 c,9,ad
2256 4889 3094 4962 Philad,c.6),Smyrna3enses
3122 4906 3282 4962 vero,
3316 4894 3597 4966 Ephesini
3627 4913 3697 4955 ac

2047 4981 2351 5049 Tralliani,
2370 4981 2567 5036 Grmca
2587 4978 2965 5051 philosophia
2978 4979 3169 5053 magis
3183 4980 3418 5054 imbuti,
3439 4984 3698 5044 heresin

2049 5069 2489 5127 Cerinthiacam
2532 5067 2678 5124 adeo
2710 5067 3175 5141 perpoliverant,
3220 5075 3288 5126 ut
3320 5071 3566 5131 Iudaico
3597 5076 3698 5133 illo

2051 5161 2349 5218 elemento
2380 5158 2613 5228 relicto,
2634 5158 2939 5214 Gnosticas
2951 5158 3147 5215 solum
3162 5160 3694 5238 opiniones,ipsius

2147 5306 2239 5378 68)
2271 5304 2387 5378 Cfr.
2420 5303 3058 5378 Molher,_Athanasius,
3092 5309 3134 5373 t,
3170 5306 3212 5375 Ι,
3252 5322 3308 5378 p.
3343 5306 3434 5363 18.

2147 5308 2216 5361 68
2271 5307 2387 5361 Cfr.
2420 5307 2665 5371 Molher,
2695 5307 3058 5372 Athanasius,
3092 5309 3134 5373 t,
3170 5307 3212 5375 Ι,
3252 5322 3308 5378 p.
3343 5307 3434 5363 18.

2123 5307 2239 5456 E69)
2263 5376 2385 5456 _Cfr.
2412 5373 2574 5456 infra
2603 5375 2862 5448 primam
2908 5380 3175 5433 nostram
3233 5382 3436 5435 notam
3465 5380 3540 5437 ad
3572 5383 3702 5456 epi-

2049 5446 2232 5521 stolas
2263 5446 2494 5521 Ignatii.

2120 5520 2232 5595 (70)
2258 5517 2708 5595 «:Betrachtung
2730 5517 2836 5595 der
2867 5517 3233 5595 wichtigsten
3256 5521 3576 5595 Bedenken
3595 5543 3693 5595 ge-

2047 5589 2161 5669 gen
2184 5589 2619 5669 Aechtheit
2649 5589 3385 5669 lgnatianischenuBriefe,
3414 5598 3470 5651 in
3490 5589 3698 5669 Hgénii

2046 5661 2382 5721 Zcitschrift
2399 5662 2495 5718 fur
2507 5661 2716 5719 histor.
2732 5661 2957 5731 Theol.,
2990 5684 3020 5714 »
3046 5668 3086 5721 t.
3103 5664 3197 5735 XI,
3224 5682 3283 5736 p.
3307 5682 3378 5734 iv,
3397 5685 3457 5740 p.
3478 5661 3691 5743 32'sqq.
