4030 6212
256 414 380 476 637

1235 416 1521 477 SANCTI
1566 416 1862 477 lGNATlI
1907 417 2313 480 EPlS'l'OL/E
2356 419 2756 482 ῦΕΝΟΙΝιΕ.

3560 433 3679 493 638

253 550 531 608 Cerintbi
548 551 791 607 modum
810 554 1179 623 superantes,
1187 551 1437 624 jamque
1454 551 1642 625 magis
1664 552 1739 608 ad
1759 569 1919 610 seve-
1953 560 2007 623 Α
2035 554 2267 629 writing
2286 555 2350 611 of
2364 555 2611 612 Severus
2632 556 2695 612 of
2700 557 2976 629 Antioch,
2993 559 3328 619 Timothrus
3350 562 3679 623 ofAlexan-

248 643 481 697 riorem
496 640 896 696 recentiorum
911 642 1321 697 Gnosticorum
1337 640 1733 699 Docetismum
1749 659 1922 700 acce-

256 732 499 796 dentes,
530 730 759 786 ferrent
785 730 1194 802 foverentque,
1214 748 1332 803 quo
1361 732 1604 801 factum,
1638 738 1702 788 ut
1747 733 1918 806 Igna-

254 823 384 877 tius
417 821 479 876 in
512 820 783 891 epistolis
814 820 890 875 ad
920 820 1225 891 Ephesios,
1262 822 1617 893 Smyrnzeos,
1649 822 1922 894 Polycar—

254 929 408 986 pum
439 916 497 968 et
545 909 867 968 Trallianos
917 910 1317 966 Docetismum
1366 911 1560 967 solum
1605 911 1918 986 impugna~

255 1002 435 1057 verit.
471 1000 794 1056 Haereticos
824 1005 1025 1056 autem
1056 1000 1191 1057 illos
1219 1017 1341 1056 non
1387 1016 1418 1055 e
1462 1018 1711 1058 numero
1735 1009 1921 1074 poste-

248 1095 478 1148 riorum
537 1091 952 1147 Gnosticorum
1018 1090 1226 1158 fuisse,
1285 1091 1388 1163 qui
1444 1090 1661 1148 mediis
1719 1093 1921 1149 saeculi

250 1180 512 1239 secundi
547 1180 914 1253 temporidus
944 1179 1300 1246 ﬂoruerunt,
1333 1180 1488 1237 clare
1522 1198 1592 1236 ex
1641 1199 1709 1238 eo
1738 1189 1917 1255 appa-

251 1280 372 1339 ret,
406 1271 569 1343 quod
609 1270 871 1343 Ignatius
896 1270 1297 1326 Docetismum
1328 1270 1523 1326 solum
1554 1272 1922 1344 perstringit,

255 1369 517 1420 cateros
554 1366 753 1418 autem
784 1361 1180 1433 posteriorum
1230 1362 1642 1418 Gnosticor'um
1689 1378 1923 1419 errores

255 1470 341 1508 ne
375 1452 628 1507 minime
660 1450 902 1523 quidem
934 1450 1122 1523 tangit
1153 1450 1289 1522 (7t).

334 1545 392 1613 7)
411 1542 620 1615 Negari
643 1541 904 1613 denique
925 1558 1047 1596 non
1070 1546 1284 1613 potest,
1309 1541 1617 1598 nonnullis
1641 1542 1920 1614 epistolas

243 1638 497 1689 nostras
528 1648 651 1688 non
685 1649 757 1687 ex
789 1631 1031 1700 criticis,
1065 1632 1169 1688 sed
1209 1649 1279 1687 ex
1308 1631 1655 1705 dogmaticis
1689 1638 1919 1689 tantum

244 1723 455 1779 causis
484 1720 880 1793 displicuisse.
931 1721 1282 1792 Quicunque
1329 1721 1490 1777 enim
1525 1726 1627 1777 aut
1657 1721 1917 1778 divinam

249 1812 642 1883 episcopatus
672 1809 1135 1875 institutionem,
1160 1816 1261 1866 aut
1282 1809 1649 1866 divinitatem
1679 1811 1917 1882 Christi,

242 1907 359 1958 aut
386 1900 610 1957 realem
644 1899 879 1954 Domini
913 1900 974 1954 in
1004 1899 1384 1955 Eucharistia
1401 1899 1779 1971 praesentiam
1810 1905 1917 1957 ne-

245 1996 426 2065 gant,
488 1989 904 2045 auctoritatem
961 1989 1349 2061 epistolarum
1380 1989 1589 2062 Ignatii
1651 1990 1920 2046 minuere

256 2086 565 2138 conentur
593 2084 847 2152 oportet.
881 2078 993 2136 Sed
1024 2080 1230 2135 confer
1253 2096 1384 2152 quis
1414 2083 1621 2135 contra
1652 2079 1764 2136 hoc
1806 2081 1922 2137 llu-

260 2172 475 2227 therus
499 2172 543 2225 Ι.
579 2188 654 2239 c.,
686 2186 743 2241 p.
779 2173 844 2225 12
874 2186 1030 2241 sqq.,
1064 2170 1315 2226 monuit.

335 2261 425 2316 Vl.
461 2261 683 2315 Paucos
713 2263 850 2314 ante
881 2274 1117 2313 menses
1152 2261 1214 2313 V.
1250 2259 1310 2314 Ι).
1351 2257 1706 2314 Guilielmus
1741 2259 1921 2314 Cure-

252 2355 393 2417 ton,
418 2347 666 2421 Anglus,
693 2352 952 2403 veterem
972 2347 1306 2403 versionem
1329 2348 1630 2418 Syriacam
1655 2346 1842 2402 trium
1864 2346 1918 2401 S.

248 2438 469 2511 Ignatii
503 2437 899 2509 epistolarum
930 2436 1153 2509 publici
1178 2437 1333 2508 juris
1379 2436 1540 2495 fecit.
1592 2438 1721 2493 Jam
1760 2452 1918 2492 anno

248 2528 399 2582 1839
432 2528 725 2582 Henricus
756 2527 1005 2591 Taltam,
1038 2527 1414 2598 Copticarum
1440 2527 1775 2582 litterarum
1808 2541 1920 2598 pe-

251 2616 610 2685 ritissimus,
638 2618 948 2689 Egyptum
978 2632 1320 2690 peragrans,
1346 2617 1407 2671 in
1439 2616 1682 2688 Syriaco
1719 2614 1920 2671 Nitriai

246 2706 623 2762 monasterio
653 2705 918 2762 codicem
940 2705 1453 2777 antiquissimum,
1486 2710 1623 2761 ante
1655 2705 1919 2761 medium

256 2813 403 2852 sec.
430 2812 478 2851 γι
510 2798 836 2864 exaratum,
855 2795 1098 2862 detexit,
1123 2795 1224 2866 qui
1250 2796 1549 2866 Syriacam
1570 2795 1920 2850 versionem

249 2885 527 2957 epistola)
559 2885 614 2942 S.
649 2885 860 2956 Ignatii
888 2884 961 2940 ad
988 2884 1385 2956 Polycarpum
1406 2883 1777 2941 continebat.
1808 2885 1916 2939 Pe-

249 2975 468 3031 cuniis
499 2973 711 3030 deinde
744 2973 999 3046 publicis
1044 2973 1285 3046 adjutus
1315 2973 1696 3031 doctissimus
1729 2974 1917 3031 Tatta-

253 3080 402 3120 mus
435 3080 592 3119 anno
649 3065 788 3118 1842
817 3064 1080 3120 secunda
1118 3063 1242 3119 vice
1290 3063 1352 3120 in
1384 3066 1694 3136 ZEgyptum
1726 3062 1917 3135 profe-

259 3159 400 3210 ctus
428 3158 537 3222 est,
560 3158 619 3208 et
647 3168 933 3225 prospera
962 3153 1199 3209 fortuna
1212 3152 1494 3226 gaudenti
1522 3153 1744 3210 multos
1765 3152 1915 3209 alios

254 3246 616 3302 monasterii
637 3245 799 3302 illius
821 3245 1054 3302 codices
1078 3262 1276 3301 emere
1300 3245 1568 3320 contigit,
1584 3246 1744 3303 inter
1765 3262 1916 3318 quos

2031 645 2180 713 dria,
2209 644 2328 701 and
2348 647 2570 716 others,
2593 645 2790 702 ediled
2810 647 2946 703 with
2969 664 3046 703 an
3070 650 3297 723 englisa
3322 655 3676 713 translation

2031 735 2149 790 and
2170 735 2506 791 notes.Also
2531 737 2626 793 the
2641 738 2819 809 greck
2836 743 2958 793 text
2969 739 3033 794 of
3046 739 3209 796 these
3229 741 3396 797 three
3416 746 3680 817 epistles,

2031 822 2334 879 corrected
2365 823 2682 898 according
2710 830 2768 880 to
2801 826 2901 881 the
2931 827 3232 901 authority
3262 827 3326 884 of
3352 830 3448 887 the
3481 832 3682 905 Syriae

2030 912 2286 968 version.
2323 913 2400 984 By
2428 912 2688 968 William
2729 914 3007 986 Cureton,
3056 917 3126 971 M.
3160 919 3229 973 Α.
3275 919 3559 976 London:
3590 923 3684 978 Ri-

2030 1001 2323 1075 vingtons.
2359 1001 2594 1057 Berlin:
2653 1003 2843 1058 Asher
2898 1009 2960 1059 et
3013 1006 3216 1078 Comp.
3275 1009 3674 1067 MDCCCXLV.

2034 1091 2203 1147 Libro
2234 1092 2346 1147 hoc
2365 1092 2455 1147 usi
2478 1108 2721 1148 omnem
2745 1094 3037 1166 majorem
3058 1095 3219 1152 inter
3244 1099 3582 1156 versionem
3604 1101 3678 1156 il-

2030 1181 2149 1237 lam
2170 1181 2469 1253 Syriacam
2493 1187 2550 1237 et
2571 1187 2797 1238 textum
2820 1189 3092 1240 nostrum
3114 1187 3377 1243 Graacum
3397 1187 3675 1246 differen-

2032 1271 2176 1327 tiam
2205 1288 2312 1327 suo
2343 1271 2473 1327 loco
2507 1271 2938 1329 adnotavimus.
2979 1275 3312 1331 Curetonus
3340 1277 3513 1333 nobis
3544 1296 3681 1352 per-

2033 1361 2283 1417 suadere
2300 1366 2568 1428 conatur,
2585 1362 2917 1419 versionem
2938 1362 3099 1420 illam
3123 1366 3423 1438 Syriacam
3444 1371 3683 1437 genuino

2031 1452 2216 1508 textui
2232 1451 2532 1525 lgnatiano
2546 1453 2992 1511 accuratissime
3006 1455 3388 1527 respondere,
3404 1463 3463 1512 et
3484 1460 3685 1515 omnia

2032 1559 2163 1613 qum
2194 1543 2255 1597 in
2289 1547 2492 1598 nostro
2525 1543 2721 1598 Graeco
2750 1547 2912 1599 textu
2944 1545 3115 1616 plura
3165 1545 3574 1617 inveniuntur,
3605 1547 3677 1603 ab

2029 1632 2165 1688 aliis
2196 1631 2398 1688 addita
2429 1648 2556 1688 esse
2590 1637 2648 1687 et
2674 1632 3029 1689 introducta.
3062 1636 3313 1692 Tantum
3345 1653 3480 1692 vero
3508 1636 3677 1694 abest

2031 1730 2097 1779 ut
2124 1724 2176 1780 ei
2200 1722 2615 1796 astipulemur,
2639 1728 2703 1778 ut
2728 1723 3060 1779 versionem
3084 1726 3384 1797 Syriacam
3411 1744 3532 1782 non
3556 1728 3672 1783 nisi

2029 1814 2329 1888 epitomen
2376 1812 2815 1886 Ignatianarum
2857 1813 3263 1885 epistolarum,
3309 1832 3344 1870 a
3385 1818 3677 1874 monacho

1954 1936 1998 2001 Β
2032 1904 2289 1976 quodam
2320 1902 2557 1974 Syriaco
2591 1903 2651 1957 in
2682 1902 2954 1974 proprios
2985 1920 3127 1958 usus
3178 1905 3307 1975 pios
3347 1905 3676 1962 confectam

2032 1994 2161 2066 (cfr.
2196 1992 2349 2048 infra
2378 1997 2500 2047 not.
2519 1990 2591 2047 ad
2619 1995 2815 2063 cap.2.
2836 1991 3097 2062 epist.ad
3119 1993 3379 2064 Ephes.).
3398 1999 3678 2066 reputare

2028 2080 2348 2154 possimus,
2380 2080 2711 2151 prmsertim
2733 2096 2867 2135 cum
2891 2079 3071 2136 iidem
3104 2080 3337 2137 codices
3362 2097 3397 2137 a
3417 2084 3681 2140 Tattamo

2030 2169 2245 2227 detecti
2269 2176 2329 2225 et
2350 2169 2466 2225 alio
2488 2169 2660 2242 plura
2674 2176 2935 2241 exempta
2955 2187 3027 2225 ex
3046 2170 3311 2242 epistolis
3333 2172 3675 2245 Ignatianis,

2027 2277 2139 2316 nec
2168 2277 2288 2315 non
2319 2259 2469 2315 alios
2498 2258 2699 2315 libello
2756 2259 3065 2328 asceticos,
3096 2265 3163 2317 ut
3190 2262 3520 2318 Curetonus
3550 2262 3677 2334 ipse

2028 2351 2265 2417 fatetur,
2299 2350 2664 2405 contineant.
2707 2351 3003 2406 Praeterea
3042 2350 3258 2423 smpius
3298 2351 3439 2408 inde
3479 2369 3551 2407 ex
3582 2369 3674 2422 eo,

2028 2438 2181 2511 qurd
2203 2456 2388 2495 nexus
2409 2438 2839 2495 sententiarum
2854 2439 2916 2494 in
2935 2439 3201 2495 versione
3220 2441 3459 2511 Syriaca
3479 2441 3677 2498 minus

2028 2533 2118 2584 est
2146 2534 2366 2601 arctus,
2397 2534 2662 2601 apparet,
2694 2529 3057 2585 monachum
3083 2528 3252 2586 illum
3284 2547 3406 2586 non
3436 2534 3558 2587 tam
3591 2532 3680 2587 in-

2027 2618 2325 2691 terpretis,
2359 2634 2536 2690 quam
2568 2620 2948 2689 epitomatoris
2984 2623 3185 2690 partes
3217 2619 3429 2692 egisse.
3461 2620 3679 2677 Confer

2027 2728 2159 2781 qum
2206 2710 2282 2765 ad
2337 2709 2600 2783 singulos
2658 2709 2821 2765 locos
2878 2710 3266 2766 monuimus:
3326 2710 3402 2765 ad
3458 2711 3674 2783 Ephes.

2025 2816 2194 2872 capp.
2228 2801 2281 2869 3,
2312 2802 2368 2867 8,
2401 2802 2457 2866 9,
2491 2799 2577 2868 14,
2614 2802 2715 2865 19ς
2747 2798 2822 2854 ad
2850 2798 3027 2856 Trall.
3058 2799 3124 2854 in
3156 2799 3327 2855 titulo
3359 2804 3420 2856 et
3446 2817 3575 2872 cap.
3607 2803 3670 2868 4;

2025 2889 2098 2945 ad
2129 2892 2298 2947 Rom.
2324 2906 2452 2961 cap.
2485 2890 2516 2944 6
2536 2906 2551 2957 ;
2571 2889 2646 2945 ad
2679 2889 2869 2961 Polyc.
2903 2889 2965 2945 in
2989 2889 3159 2946 titulo
3191 2896 3252 2946 et
3278 2908 3410 2963 cap.
3434 2895 3464 2946 7
3489 2907 3503 2960 ;
3524 2894 3675 2948 Mar-

2024 2981 2242 3053 tyrium
2275 2983 2331 3039 S.
2364 2982 2574 3054 Ignatii
2604 2982 2666 3038 in
2694 2982 2889 3038 titulo.

2094 3072 2210 3126 VII.
2246 3070 2392 3126 Male
2424 3071 2603 3127 etiam
2624 3071 2695 3128 de
2727 3070 3062 3145 integritate
3092 3071 3475 3144 epistolarum
3504 3075 3673 3146 Igna-

2026 3159 2089 3215 tii
2122 3159 2300 3217 dubia
2324 3167 2488 3216 mota
2517 3166 2656 3217 sunt
2683 3163 2812 3231 (72).
2848 3161 3185 3218 Praesertim
3221 3161 3423 3218 omnia
3452 3162 3525 3218 de
3557 3163 3678 3236 epi-

2032 3256 2278 3322 scopatu
2307 3256 2365 3305 et
2393 3249 2466 3305 de
2501 3249 2719 3306 deitate
2743 3250 2959 3307 Christi
2990 3251 3166 3307 eﬂ‘ata
3195 3250 3610 3324 interpolatori
3643 3270 3678 3309 a

268 3336 457 3391 etiam
505 3337 563 3407 (e
604 3352 741 3391 szec.
790 3352 841 3390 vi
890 3333 979 3390 vel
1010 3342 1105 3402 vn)
1150 3334 1398 3406 antiqua
1442 3313 1634 3392 versio
1680 3313 1920 3408 Syriaca
1960 3313 2001 3383 (ἶ
2034 3313 2392 3413 qui-busdam
2423 3342 2745 3400 tribuatur.
2778 3342 2892 3399 Sed

253 3424 448 3480 trium
475 3425 531 3480 S.
557 3424 771 3496 Ignatii
820 3423 1208 3496 epistolarum
1255 3423 1331 3479 ad
1361 3424 1667 3496 Ephesios,
1699 3424 1775 3480 ad
1804 3427 1909 3481 Ro-

245 3530 465 3571 manos
497 3518 558 3568 et
578 3513 653 3569 ad
682 3515 1094 3585 Polycarpum,
1126 3529 1247 3569 una
1271 3530 1407 3569 cum
1435 3514 1708 3585 pluribus
1738 3516 1906 3587 Igna-

248 3605 558 3660 tianarum
591 3603 990 3675 epistolarum
1015 3603 1365 3676 fragmentis
1384 3609 1622 3675 reperta
1639 3612 1745 3661 est.
1775 3605 1907 3670 Qui-

236 3694 279 3749 b
291 3711 359 3751 us
379 3692 685 3750 codicibus
699 3691 947 3749 detectis
964 3691 1313 3748 Guilielmus
1331 3693 1684 3762 Curetonus,
1700 3694 1907 3751 Orien-

240 3782 457 3839 talium
491 3782 828 3838 litterarum
851 3781 1120 3854 apprime
1141 3798 1381 3854 gnarus,
1407 3782 1630 3853 optime
1661 3798 1723 3838 se
1748 3781 1819 3837 de
1840 3798 1903 3837 re

239 3874 563 3946 patristica
594 3872 718 3928 fore
771 3872 1125 3927 meriturum
1158 3871 1456 3943 sperabat,
1491 3872 1540 3928 si
1572 3871 1904 3928 versionem

239 3963 416 4020 illam
440 3962 742 4035 Syriacam
754 3960 921 4032 prelo
944 3960 1267 4032 subjiceret
1285 3966 1342 4016 et
1358 3961 1689 4017 versionem
1704 3959 1904 4033 Angli-

241 4049 845 4121 camadderet,atque
880 4054 1105 4104 textum
1120 4048 1665 4119 Grmcum,Syriacze
1685 4048 1901 4103 versio-

238 4142 307 4198 ni
331 4142 475 4212 (non
500 4143 793 4205 accurate)
810 4137 1274 4211 respondentem
1298 4155 1540 4194 exarare
1563 4142 1900 4194 conaretur.

316 4235 462 4289 Cum
491 4248 631 4287 vero
660 4233 962 4286 Tattamus
983 4229 1131 4286 duos
1152 4230 1387 4287 codices
1408 4230 1671 4303 epistola:
1693 4229 1766 4286 ad
1789 4231 1903 4286 Po-

239 4323 648 4394 lycarpummt
668 4319 1027 4389 diximus,ex
1052 4321 1291 4392 Egypto
1318 4324 1900 4392 apportasset,unum

238 4429 399 4468 anno
436 4412 595 4478 1839,
620 4408 874 4464 alterum
900 4424 1057 4464 anno
1094 4410 1231 4462 1842
1254 4425 1266 4473 ;
1292 4407 1621 4465 Curetonus
1641 4425 1761 4465 non
1785 4409 1901 4464 nisi

237 4501 523 4573 priorem,
540 4499 682 4570 quia
700 4497 1121 4568 antiquiorem,
1139 4497 1296 4569 typis
1320 4498 1774 4554 exscribendum
1796 4514 1899 4554 cu-

237 4591 409 4660 ravit,
442 4587 798 4645 recentioris
828 4587 1049 4643 codicis
1098 4586 1385 4644 lectiones
1412 4587 1709 4644 variantes
1748 4587 1896 4660 adji-

240 4680 425 4737 ciens.
458 4681 761 4735 Prmterea
788 4677 875 4731 vir
906 4676 1287 4733 doctissimus
1340 4693 1619 4750 magnum
1662 4694 1897 4751 quoque
1931 4677 1978 4739 D

237 4770 553 4842 Syriacum
593 4768 993 4840 fragmentum
1033 4767 1293 4839 Martyrii
1345 4767 1403 4822 S.
1436 4768 1645 4840 Ignatii
1676 4773 1734 4824 et
1764 4769 1891 4840 epi-

240 4859 410 4915 stolae
440 4857 716 4931 ejusdem
746 4856 820 4911 ad
867 4859 1183 4924 Romanos,
1219 4856 1377 4927 quod
1407 4856 1735 4913 Curetonus
1765 4858 1892 4930 ipse

238 4966 400 5004 anno
436 4949 575 5002 I839
606 4947 667 5001 in
697 4948 911 5001 Musam
945 4945 1282 5001 Britannico
1315 4944 1638 5012 detexerat,
1673 4947 1735 5001 in
1766 4947 1892 5003 vul-

235 5054 347 5109 gus
377 5037 557 5092 edere
586 5039 643 5089 et
676 5033 827 5088 libro
851 5049 957 5088 suo
989 5033 1205 5089 addere
1237 5032 1518 5089 decrevit.
1551 5033 1644 5089 Sic
1672 5035 1892 5106 prodiit

237 5127 489 5183 Londini
518 5122 650 5180 l8i6
673 5139 820 5195 opus
844 5122 974 5195 ejus
997 5121 1105 5177 sub
1129 5122 1299 5178 titulo
1318 5139 1331 5178 :
1348 5148 1374 5175 ι(
1391 5123 1509 5179 The
1530 5124 1769 5180 ancient
1787 5126 1887 5197 Sy-

235 5219 357 5273 riac
389 5216 625 5271 version
656 5214 721 5270 of
742 5212 843 5268 the
875 5211 1119 5285 epistles
1141 5211 1205 5268 of
1230 5213 1389 5269 saint
1426 5214 1689 5287 Ignatius
1717 5221 1773 5270 to
1804 5215 1886 5271 St.

231 5306 659 5380 Polycarp,the
691 5303 1037 5376 Ephesians,
1054 5303 1170 5359 and
1194 5304 1291 5360 the
1315 5306 1602 5373 Romans;
1620 5306 1890 5379 together

232 5398 373 5452 with
405 5400 663 5452 extracts
692 5394 840 5448 from
872 5393 964 5447 his
988 5392 1250 5465 epistles,
1284 5393 1574 5451 collected
1603 5396 1755 5452 from
1787 5398 1887 5454 the

302 5540 418 5610 (7t)
445 5539 562 5594 Cfr.
610 5540 815 5603 lluter,
861 5537 900 5592 Ι.
935 5554 986 5593 c.
1020 5555 1076 5610 p.
1113 5540 1183 5593 42
1222 5544 1281 5594 et
1311 5541 1722 5605 Dusterdieck.
1756 5545 1796 5600 l.
1830 5563 1883 5602 c.

301 5615 429 5687 (72)
449 5613 510 5666 Ε.
530 5627 599 5687 _g.
621 5627 689 5687 _a.
711 5610 1026 5687 ‘Ijeandro,
1059 5611 1478 5687 {(ircltngesch,
1513 5620 1555 5669 t.
1592 5617 1635 5680 l,
1668 5633 1705 5687 p
1756 5619 1880 5675 738.

230 5680 357 5761 et'a
388 5680 585 5761 Netzip
618 5680 1011 5761 in_Ullmann,
1051 5680 1425 5761 Studieitand
1451 5688 1596 5761 Κήρ.
1634 5680 1791 5761 1835,
1824 5707 1878 5761 p.

235 5755 336 5811 881
373 5771 504 5826 sqq.
539 5752 651 5821 Qui
681 5752 979 5811 breviores
1009 5768 1245 5826 quoque
1264 5755 1318 5811 S.
1360 5757 1568 5828 lgnatii
1602 5752 1883 5832 epistolas

2084 3432 3665 3506 a)nullumexternuminterpolationisadestindicium.

2082 3521 2140 3594 b)
2173 3523 2306 3579 Loci
2337 3539 2373 3578 a
2402 3524 2700 3579 veteribus
2722 3523 2946 3581 laudati
2977 3525 3104 3596 pari
3130 3524 3304 3580 modo
3326 3524 3387 3579 in
3410 3525 3664 3582 breviori

2152 3617 2355 3670 nostra
2385 3614 2734 3669 recensione
2792 3613 3089 3686 leguntur.
3145 3614 3258 3671 Cfr.
3293 3632 3474 3686 supra
3505 3617 3666 3671 testi-

2154 3701 2354 3757 monia
2384 3706 2671 3758 veterum.

2078 3792 2129 3862 c)
2157 3793 2390 3849 Arctior
2417 3793 2682 3849 materias
2715 3797 2777 3848 et
2803 3792 3090 3849 orationis
3145 3809 3333 3849 nexus
3382 3795 3543 3850 omni
3573 3795 3662 3851 in-

2152 3882 2562 3954 terpolationis
2594 3882 2919 3954 suspicioni
2952 3883 3232 3938 nuntium
3260 3882 3538 3949 mittunt;
3572 3884 3659 3939 ef-

2150 3971 2273 4028 fata
2302 3971 2467 4027 enim
2496 3971 2599 4027 illa
2656 3970 3032 4042 displicentia
3066 3971 3192 4027 sine
3228 3970 3407 4027 totius
3437 3989 3659 4028 sermo-

2150 4061 2245 4117 nis
2273 4061 2499 4134 pariter
2527 4078 2595 4118 ac
2626 4077 2834 4117 sensas
2863 4060 3263 4119 devastatione
3315 4061 3487 4118 evelli
3533 4079 3653 4118 non

2149 4157 2417 4224 possunt.
3526 4144 3545 4147 “

2078 4242 2137 4314 d)
2165 4244 2460 4299 Praaterea
2493 4244 2764 4300 eamdem
2804 4245 2941 4317 styli
2973 4246 3262 4301 rationem
3293 4261 3427 4299 cum
3462 4244 3523 4299 in
3555 4260 3653 4300 re-

2147 4330 2429 4402 pudiatis,
2461 4336 2585 4387 tum
2617 4331 2679 4386 in
2705 4332 3047 4404 approbatis
3094 4331 3479 4403 epistolarum
3512 4348 3650 4403 par—

2149 4418 2307 4476 tibus
2336 4420 2623 4476 invenies.

2076 4509 2130 4581 e)
2161 4510 2327 4575 Quod
2359 4528 2409 4567 c.
2431 4513 2464 4565 8
2503 4528 2597 4583 ep.
2631 4512 2706 4568 ad
2734 4513 2924 4585 Magn.
2958 4517 3132 4588 Σιγῆς
3164 4512 3318 4567 facta
3373 4511 3450 4566 sit
3491 4527 3653 4565 men-

2144 4600 2247 4668 tio,
2282 4600 2762 4672 interpolationis
2808 4618 2928 4657 non
2986 4601 3211 4673 praebet
3239 4600 3550 4667 indicium,
3582 4604 3650 4655 ut

2148 4689 2212 4745 in
2245 4690 2403 4745 notis
2432 4689 2506 4745 ad
2536 4691 2593 4745 h.
2631 4690 2670 4746 l.
2704 4691 3259 4747 demonstravimus.

2072 4778 2116 4847 f)
2147 4778 2458 4835 Pelemicis
2504 4784 2733 4836 tantum
2782 4781 2974 4837 causis
3024 4780 3184 4835 ducti
3230 4779 3503 4836 nonnulli
3536 4779 3643 4835 viri

2143 4868 2299 4924 docti
2330 4869 2728 4943 integritatem
2759 4871 3148 4944 epistolarum
3194 4878 3534 4929 nostrarum
3582 4872 3645 4926 in

2144 4958 2390 5015 dubium
2418 4967 2704 5016 vocarunt
2732 4964 2859 5033 (73).

2072 5049 2128 5121 g)
2158 5049 2265 5114 Qui
2299 5050 2673 5122 episcopatus
2690 5068 2869 5108 causa
2892 5052 3175 5125 epistolas
3192 5055 3428 5109 nostras
3457 5052 3643 5107 inter-

2142 5139 2370 5212 polatas
2402 5157 2530 5197 esse
2554 5145 2782 5214 putant,
2803 5143 2969 5200 nullo
2990 5144 3168 5200 modo
3191 5144 3486 5200 rationem
3506 5142 3641 5199 red-

2140 5228 2281 5284 dere
2313 5234 2562 5302 possunt
2578 5246 2684 5287 cur
2712 5231 2965 5303 epistola
2992 5232 3065 5289 ad
3094 5234 3392 5289 Romanos
3420 5230 3546 5286 sola
3566 5228 3639 5286 ab

2140 5318 2563 5390 interpolatore
2596 5337 2715 5377 non
2740 5321 2917 5377 fuerit
2946 5320 3181 5392 foedata,
3212 5338 3348 5377 cum
3380 5336 3484 5376 sex
3501 5319 3640 5376 reli-

2139 5407 2271 5478 quis
2293 5409 2371 5463 im
2378 5410 2506 5481 pias
2520 5411 2649 5482 ejus
2664 5426 2871 5467 manus
2884 5427 3005 5466 non
3016 5411 3350 5483 pepercisse
3372 5408 3637 5469 credant.

1995 5550 2380 5624 interpolatas
2395 5556 2841 5624 putant,novissi
2851 5557 2961 5612 mis
2983 5557 3191 5614 diebus
3208 5559 3639 5617 validissimum

1991 5623 2471 5703 interpolationis
2502 5627 2794 5703 ejusmodi
2830 5630 3520 5703 testimorniumﬁassecuti
3554 5634 3639 5689 vi-

1993 5694 2213 5750 dentur
2259 5694 2548 5768 versione'
2577 5698 2834 5768 Syriaca,
2864 5719 2897 5757 a
2946 5702 3097 5758 Guil.
3149 5694 3406 5762 Cureton
3457 5705 3634 5763 edita.

2064 5768 2175 5840 (73)
2205 5767 2449 5839 Mohler,
2477 5767 2715 5840 Patro1.,
2746 5778 2789 5829 t.
2810 5772 2854 5842 Ι,
2886 5791 2942 5847 p.
2977 5775 3080 5833 125
3110 5791 3241 5848 sqq.
