4030 6212
359 363 478 428 639

1560 362 1626 423 G.
1671 362 1734 423 J.
1780 361 2106 423 HEFELII
2149 360 2602 424 PREFATIO.

3609 371 3708 432 640

436 503 510 558 Ut
532 501 693 557 brevi
723 501 939 566 dicam,
958 495 1434 570 interpolationis
1456 497 1714 568 suspicio
1739 513 1812 554 ne
1834 496 2006 554 mini-
2033 503 2095 568 Α
2123 497 2454 570 exprimere
2488 496 2760 567 nequivit
2784 513 2798 562 ;
2833 496 2914 552 ita
2945 500 3012 551 ut
3039 495 3209 553 facile
3232 512 3343 553 non
3366 500 3597 569 Gracia,
3621 505 3708 561 sed

365 608 529 648 mum
543 591 780 662 quidem
806 585 1020 641 mereri
1051 585 1406 658 applausum
1437 587 1690 656 videtur,
1711 587 2010 660 planeque

369 695 717 753 persuasum
752 675 899 730 mihi
933 681 1042 740 est,
1078 675 1256 731 talem
1297 675 1509 747 judicii
1541 677 2013 733 mediocritatem

361 785 482 825 non
513 781 752 822 auream
797 781 946 819 esse.
983 764 1262 836 Epistolas
1309 765 1517 838 lgnatii
1568 767 1690 822 sint
1737 772 1802 823 ut
1851 772 2010 836 sunt,

366 862 468 912 aut
497 871 616 910 non
652 855 770 910 sint
797 853 930 925 (74).

436 945 579 999 Vill.
605 943 1002 1016 Epistolarum
1024 949 1231 1001 auctor
1252 946 1433 1002 Graeci
1458 945 1750 1003 sermonis
1770 963 1890 1003 non
1912 963 2011 1020 ap-

359 1035 553 1107 prime
583 1050 824 1106 gnarus,
855 1039 914 1089 et
942 1033 1210 1090 ardentis
1257 1035 1452 1107 potius
1498 1034 1682 1090 animi
1729 1036 2008 1108 impetus,

356 1141 537 1196 quam
590 1124 990 1195 grammaticas
1034 1123 1268 1195 regulas
1316 1129 1574 1194 secutus,
1629 1124 2010 1196 periodorum

352 1218 721 1270 structuram
769 1229 890 1268 non
932 1212 1119 1268 semel
1167 1212 1427 1283 violavit,
1457 1213 1744 1269 orationis
1791 1230 2010 1270 nexum

357 1303 670 1358 sententiis
695 1301 1027 1371 interjectis
1044 1302 1261 1374 sapius
1285 1302 1694 1374 interrupit,et
1723 1303 2010 1360 sublimes

357 1391 495 1463 prof
497 1391 800 1462 undasque
815 1390 1201 1463 cogitationes
1217 1406 1354 1447 suas
1371 1391 1805 1447 sufficientibus
1817 1391 2008 1447 verbis

2121 587 2269 643 Asiaa
2304 586 2498 642 ﬁlium
2528 585 2768 658 detegas
2799 585 2936 657 (75).

2191 677 2284 732 IX.
2318 677 2398 732 De
2422 680 2688 748 tempore
2707 691 2825 746 quo
2847 675 2938 731 has
2957 673 3217 746 epistolas
3245 681 3477 733 exarata
3497 677 3702 752 fuerint,

2123 765 2253 822 dum
2271 766 2546 822 feruntur
2565 763 2924 820 celebriores
2947 765 3273 833 sententias,
3297 782 3530 838 quarum
3550 769 3706 826 altera

2119 872 2277 912 anno
2323 856 2448 923 107,
2498 855 2686 910 altera
2714 871 2872 910 anno
2925 854 3026 909 116
3057 853 3223 910 favet.
3257 857 3386 924 Nos,
3415 856 3508 927 qui
3553 874 3706 930 supra

2119 947 2147 1013 §
2174 946 2198 999 Ι
2228 943 2578 1017 martyrium
2611 943 2820 1016 Ignatii
2852 959 3009 999 anno
3045 943 3144 998 107
3175 943 3597 1016 assignavimus,
3622 962 3708 1001 eo-

2120 1035 2255 1091 dem
2281 1050 2439 1090 anno
2472 1037 2531 1088 et
2561 1031 2836 1105 epistolas
2867 1033 3234 1104 conscriptas
3254 1049 3378 1089 esse
3406 1049 3706 1090 censeamus

2119 1128 2371 1196 oportet.

2189 1215 2258 1269 X.
2311 1215 2391 1269 De
2434 1211 2705 1270 doctrina
2749 1212 2961 1286 Ignatii
3008 1211 3382 1286 disputarunt
3427 1211 3712 1284 Lumperus

2117 1303 2250 1373 (76),
2281 1301 2511 1370 Junius,
2535 1303 2828 1376 Heynsius
2856 1319 2926 1360 ac
2972 1317 3085 1359 van
3116 1302 3269 1360 Gilse
3297 1302 3426 1374 (77),
3456 1299 3712 1358 Mohlerus

2119 1391 2231 1463 (78)
2263 1395 2321 1448 et
2353 1390 2480 1448 alii.

967 1765 1082 1861 ΙΙ.
1173 1763 1336 1859 DE
1411 1763 1761 1858 ACTIS
1849 1762 2442 1858 MARTYBII
2526 1765 2620 1861 S.
2698 1761 3193 1860 IGNATII.

426 2054 470 2107 Ι.
499 2054 640 2108 Acta
672 2053 931 2124 Martyrii
958 2053 1012 2107 S.
1050 2052 1257 2126 Ignatii
1288 2067 1342 2107 a.
1383 2051 1519 2107 1647
1551 2067 1582 2107 e
1613 2055 1767 2107 msto
1797 2051 2000 2107 codice
2031 2064 2080 2131 Β
2110 2052 2594 2121 summationem,
2629 2056 2688 2108 et
2715 2051 3009 2125 proximo,
3051 2055 3115 2107 ut
3143 2047 3621 2107 verisimillimum
3648 2044 3713 2098 vi-

355 2141 588 2197 Caiensi
621 2141 804 2197 edidit
827 2141 1097 2196 Usserius
1126 2142 1550 2208 Armachanus,
1581 2141 1801 2213 optime
1832 2139 1903 2195 de
1939 2142 1995 2199 Β.

355 2235 614 2302 martyre
637 2231 885 2302 ejusque
915 2229 1184 2302 epistolis
1211 2231 1476 2288 meritus.
1505 2231 1647 2285 Huic
1670 2231 1849 2286 veteri
1872 2245 1998 2284 ver-

357 2319 511 2375 sioni
545 2319 631 2373 vir
659 2318 1038 2374 doctissimus
1069 2318 1314 2375 alteram
1345 2319 1616 2392 adjunxit
1641 2319 1773 2391 (79),
1806 2335 1875 2374 ex
1902 2333 2000 2374 an-

354 2408 692 2480 tiquissimo
723 2409 1086 2464 Cottoniante
1136 2407 1508 2464 bibliothecas
1547 2407 1751 2465 codice
1783 2408 2000 2464 descri-

349 2503 532 2570 ptam,
566 2497 625 2552 in
654 2514 773 2569 qua
800 2497 1004 2552 multm
1026 2497 1298 2553 absurdae
1325 2503 1384 2553 et
1403 2497 1685 2554 fabulosae
1706 2498 1996 2554 narratio-

355 2603 462 2643 nes
493 2592 700 2642 contra
730 2586 906 2642 ﬁdem
939 2586 1321 2644 historiarum
1355 2604 1424 2642 ex
1457 2587 1691 2644 novitiis
1720 2587 1878 2643 Actis
1909 2587 1996 2642 in-

353 2675 660 2748 terpolatis
683 2675 1010 2748 desumptze
1033 2677 1412 2732 continentur
1432 2678 1567 2746 (80).

422 2767 594 2820 Anno
627 2771 824 2821 autem
859 2765 999 2821 I689
1028 2783 1098 2821 ex
1129 2771 1282 2820 msto
1305 2766 1507 2821 codice
1531 2767 1820 2830 Parisino,
1853 2766 1994 2821 olim

351 2854 712 2922 Colbertino,
744 2871 905 2910 nunc
935 2855 1096 2927 regio
1120 2857 1262 2910 Acta
1279 2859 1480 2910 nostra
1507 2856 1703 2910 Grmce
1724 2871 1844 2910 una
1860 2872 1993 2910 cum

349 2960 501 3000 nova
524 2943 789 2999 versione
813 2943 1018 2998 Latina
1032 2943 1271 2998 Parisiis
1292 2943 1579 3016 evulgavit
1600 2943 1993 3000 Theodericus

347 3033 692 3098 Ruinartus,
727 3031 1037 3104 presbyter
1066 3048 1096 3086 e
1128 3032 1581 3104 congregatione
1613 3033 1670 3089 S.
1696 3033 1901 3104 Mauri,
1933 3033 1993 3088 in

348 3121 674 3191 Appendice
693 3121 766 3175 ad
787 3122 923 3176 Acta
939 3123 1247 3191 primorum
1264 3128 1569 3191 martyrum
1595 3124 1809 3177 sincera
1829 3129 1996 3193 atque

350 3211 566 3265 selecta.
601 3212 865 3264 Graecum
897 3215 1090 3264 autem
1114 3210 1222 3265 hoc
1254 3210 1559 3282 exemplar
1587 3228 1719 3268 cum
1752 3213 1993 3283 antiqua

352 3299 619 3355 versione
650 3297 868 3353 codicis
886 3298 1152 3367 Caiensis
1176 3299 1434 3355 maxime
1460 3301 1994 3368 convenire,cuivis

352 3407 422 3445 ex
453 3388 776 3443 leviuscula
804 3387 1122 3444 collatione
1153 3389 1324 3444 facile
1354 3394 1583 3444 constat
1611 3391 1740 3461 (8t).

422 3480 559 3534 Post
615 3477 966 3533 Ruinartum
1044 3478 1341 3550 praecipue
1422 3451 2068 3554 GrabiusIIttigius,C

351 3571 638 3628 Smithius
670 3576 726 3625 et
754 3571 1116 3626 Jacobsonus
1148 3575 1290 3628 Acta
1319 3578 1543 3640 nostra,
1577 3572 1831 3641 mendis,
1865 3591 1995 3644 quae

349 3661 571 3734 passim
605 3661 988 3732 irrepserant,
1023 3660 1266 3716 sublatis
1297 3661 1632 3718 ediderunt.

422 3751 490 3807 Il.
519 3752 661 3806 Acta
689 3750 918 3821 hmc,ut
947 3767 1080 3806 cum
1115 3751 1364 3806 Smithio
1387 3751 1616 3824 loquar,
1636 3770 1712 3807 «a
1741 3753 2002 3809 familia-

353 3841 521 3898 ribus
550 3843 606 3898 S.
641 3842 869 3913 lgnatii,
897 3842 996 3912 qui
1028 3841 1340 3897 Antiochia
1365 3845 1606 3898 Romam
1630 3860 1812 3915 usque
1836 3843 2001 3900 illum

357 3937 497 3988 sunt
525 3931 811 4000 comitati,
846 3937 1021 4002 atque
1063 3931 1221 3986 illius
1250 3931 1462 3987 ultimo
1509 3938 1567 3988 et
1597 3933 1855 3988 maxime
1889 3933 2005 4006 glo-

351 4023 512 4077 rioso
527 4022 695 4091 agoni
718 4021 1062 4087 interfuere,
1087 4021 1383 4092 descripta
1402 4037 1551 4089 esse,
1576 4022 1764 4077 multa
1785 4023 1842 4077 in
1859 4023 2003 4093 ipsis

351 4110 516 4165 Actis
547 4109 604 4162 id
641 4109 1088 4163 testatissimum
1121 4109 1396 4164 reddunt.
1427 4112 1490 4164 In
1512 4110 1605 4164 his
1627 4110 1786 4164 enim
1809 4111 1894 4165 sic
1918 4111 1997 4164 lo-

355 4201 640 4266 quuntur,
674 4195 773 4264 qui
806 4212 876 4248 ea
904 4195 1120 4264 litteris
1151 4196 1446 4250 tradidere
1473 4213 1486 4251 :
1518 4196 1709 4268 Ἡμεῖς
1736 4197 1833 4270 μὲν
1856 4194 2007 4252 ἄκον-

349 4303 435 4344 τες
467 4281 820 4356 ἀπηγὸμεθα,
853 4278 1128 4343 στένοντες
1160 4279 1249 4336 ἐπὶ
1279 4287 1358 4353 τῷ
1384 4282 1476 4359 ἀφ’
1514 4285 1674 4356 ἡμῶν
1739 4283 2003 4357 μέλλοντι

355 4375 632 4446 χωρισμῷ
661 4372 757 4424 τοῦ
789 4365 1000 4423 δικαίου
1031 4368 1266 4445 γίνεσθαι
1301 4374 1431 4443 (82).
1464 4375 1534 4426 Et
1563 4373 1869 4430 nonnullis
1916 4376 2003 4432 in-

351 4463 618 4534 terjectis
651 4460 758 4518 sub
779 4461 958 4516 finem
988 4459 1242 4515 εΤοῦτων
1265 4459 1529 4515 αὐτόπται
1560 4460 1845 4538 γενόμενοι
1867 4465 1998 4536 (83).

354 4554 510 4617 Ηωο,
544 4552 812 4622 inquam,
845 4550 1080 4623 aliaque
1107 4553 1215 4620 (84)
1248 4556 1413 4607 extra
1433 4568 1608 4608 omne
1623 4551 1869 4608 dubium
1895 4571 2002 4626 po-

356 4649 527 4712 nunt,
562 4660 594 4698 a
627 4643 680 4698 S.
713 4642 923 4715 Ignatii
954 4641 1270 4698 comitibus
1290 4643 1433 4698 Acta
1452 4642 1794 4715 hujusmodi
1818 4645 1999 4701 fuisse

2111 2141 2286 2198 detur
2314 2158 2507 2209 anno;
2540 2141 2682 2197 dum
2704 2157 2798 2196 res
2827 2145 3008 2213 gesta)
3040 2156 3175 2196 cum
3207 2138 3386 2195 totius
3414 2135 3626 2191 itineris
3643 2149 3717 2188 ra-

2110 2231 2269 2288 tione
2297 2231 2357 2286 in
2385 2231 2609 2286 recenti
2633 2229 2870 2286 fidelius
2900 2229 3250 2285 inhmserint
3281 2225 3569 2283 memoria.
3601 2243 3623 2273 ι

2180 2344 2206 2370 ‹‹
2241 2321 2380 2376 Illos
2410 2325 2608 2376 autem
2645 2320 2828 2376 fuisse
2859 2319 3172 2374 Philonem
3201 2324 3259 2375 et
3288 2313 3714 2390 Agathopodem,

2107 2427 2360 2488 quorum
2392 2410 2667 2466 meminit
2697 2409 3108 2466 sanctissimus
3137 2413 3364 2482 martyr
3392 2407 3451 2461 in
3483 2401 3716 2476 epistolis

2107 2500 2180 2556 ad
2207 2500 2542 2572 Smyrnaaos
2574 2502 2632 2554 et
2659 2497 2732 2554 ad
2763 2497 3319 2570 Philadelphenses,
3360 2496 3511 2552 hunc
3538 2489 3716 2547 Antio-

2107 2588 2278 2656 chim,
2309 2587 2479 2644 illum
2500 2604 2636 2644 vero
2657 2587 2962 2643 Tarsensis
2981 2586 3264 2643 Ecclesia;
3294 2585 3615 2648 diaconum,
3635 2577 3715 2633 vix

2105 2697 2141 2736 a
2171 2695 2472 2751 quoquam
2503 2677 2760 2734 dubitari
2791 2681 2892 2733 aut
2920 2681 3115 2749 potest
3144 2681 3249 2732 aut
3277 2674 3514 2732 debet.»
3535 2671 3718 2726 Hacte-

2107 2785 2222 2825 nus
2279 2766 2582 2823 Smithius.
2644 2765 3130 2839 Gallandius(85)
3188 2765 3376 2830 addit,
3431 2758 3644 2818 Philoni
3669 2760 3720 2811 et

2106 2857 2471 2930 Agathopodi
2503 2856 2944 2930 adjungendum
2976 2855 3182 2912 saltem
3220 2869 3351 2911 esse
3396 2846 3720 2908 nominatim

2107 2953 2165 3004 et
2194 2949 2468 3013 Crocum,
2503 2947 2602 3018 qui
2627 2951 2894 3002 sanctum
2929 2951 3254 3018 martyrem
3288 2947 3527 3002 Romam
3555 2951 3722 3008 usque

2106 3041 2432 3094 assectatus
2452 3035 2636 3092 fuisse
2666 3034 3012 3107 perhibetur
3041 3034 3174 3107 (86).

2178 3127 2272 3182 III.
2303 3125 2656 3180 Authentica
2681 3131 2739 3180 et
2759 3125 3016 3198 genuina
3039 3129 3367 3180 censentur
3385 3125 3524 3178 Acta
3546 3121 3725 3173 nostra

2105 3216 2179 3274 ab
2216 3215 2470 3282 Usserio,
2501 3214 2818 3280 Dodwello,
2853 3214 3158 3283 Ruinarto,
3183 3212 3423 3283 Grabio,
3443 3209 3726 3266 Tillemon-

2105 3307 2208 3373 tio,
2234 3304 2577 3372 Pearsonio,
2609 3303 2879 3367 Smithio,
2913 3303 3229 3369 Cotelerio,
3259 3301 3596 3362 Mamachio,
3617 3294 3726 3350 Gal-

2105 3394 2330 3462 landio,
2364 3395 2651 3464 Lumpero
2676 3395 2803 3463 (87),
2827 3392 3086 3448 Mohlero
3103 3393 3215 3462 (88)
3243 3399 3303 3448 et
3323 3391 3472 3448 aliis.
3500 3385 3726 3444 Dallaaus

2105 3501 2262 3551 vero,
2308 3488 2376 3539 ut
2422 3483 2609 3554 ipsius
2659 3484 2715 3536 S.
2769 3483 3035 3553 Martyris
3083 3483 3333 3554 sccipta,
3375 3483 3456 3536 ita
3503 3483 3557 3533 et
3601 3477 3725 3530 Acta

2109 3573 2375 3646 ejusdem
2393 3589 2497 3645 pro
2520 3573 2911 3645 supposititiis
2938 3572 3148 3627 habuit
3171 3589 3183 3638 ;
3206 3573 3314 3628 sed
3335 3571 3486 3626 sicut
3505 3567 3719 3622 illorum

2109 3665 2191 3719 ita
2223 3664 2432 3719 horum
2465 3678 2700 3733 quoque
2732 3661 3142 3717 defensionem
3189 3660 3457 3732 suscepit
3483 3651 3730 3712 doctissi-

2109 3770 2241 3809 mus
2279 3751 2632 3808 Pearsonius
2689 3757 2855 3822 parte
2914 3768 2950 3805 n
3015 3750 3236 3806 Vindic.
3292 3751 3471 3821 Epist.
3517 3745 3733 3812 S.Ign.,

2113 3861 2164 3900 c.
2200 3845 2266 3898 12
2296 3842 2428 3912 (80).
2456 3843 2676 3896 Praeter
2702 3840 2985 3896 Dallmum
3017 3840 3287 3896 Oudinus
3318 3852 3572 3910 quoque,
3602 3833 3739 3888 Heu-

2113 3949 2368 3988 mannus
2421 3935 2482 3985 et
2540 3929 2640 3984 alii
2702 3931 2983 3984 Actorum
3043 3929 3355 3986 veritatem
3418 3928 3739 3996 impugnare

2115 4021 2370 4094 aggressi
2430 4024 2602 4084 sunt;
2650 4018 2752 4072 sed
2811 4019 3079 4073 funditus
3135 4035 3348 4074 eorum
3407 4011 3742 4072 sententiam

2115 4110 2326 4166 evertit
2355 4109 2442 4163 vir
2473 4107 2912 4163 eruditissimus
2945 4107 3310 4164 Mamachius
3341 4107 3478 4178 (90),
3511 4120 3576 4159 ex
3604 4096 3745 4156 ordi-

2116 4215 2190 4254 ne
2222 4199 2704 4254 Praedicatorum.

2187 4291 2405 4344 Revera
2435 4288 2662 4343 nullius
2713 4285 2994 4358 ponderis
3052 4290 3190 4342 sunt
3218 4286 3426 4343 ΠΑΙιωὶ
3459 4289 3518 4339 et
3571 4277 3745 4336 socio-

2112 4393 2245 4433 rum
2276 4382 2643 4449 argumenta.

2184 4467 2236 4536 a)
2267 4465 2674 4536 Exceptiones,
2709 4482 2840 4536 qua;
2872 4464 3152 4520 adversus
3184 4467 3521 4521 Romanum
3551 4453 3740 4531 lgnatii

2111 4555 2224 4610 iter
2247 4554 2597 4624 itinerisque
2617 4554 2908 4610 rationem
2934 4559 3073 4609 sunt
3091 4552 3363 4625 prolatas,
3383 4567 3512 4608 esse
3539 4545 3742 4610 futiles,

2101 4644 2230 4717 jam
2259 4659 2327 4697 ex
2359 4642 2452 4710 iis,
2488 4659 2620 4713 quas
2651 4659 2832 4716 supra
2885 4643 2959 4699 ad
2999 4643 3112 4698 iter
3140 4642 3252 4698 hoc
3310 4634 3739 4697 defendendum

355 4734 728 4806 perscripta;
763 4738 824 4788 et
853 4732 1093 4806 quidem
1127 4749 1247 4788 non
1279 4732 1452 4804 longe
1484 4739 1616 4805 post
1646 4735 1831 4807 ipsius
1862 4753 2001 4792 con-
2036 4719 2080 4783 Ι)
2111 4731 2490 4806 protulimus,
2522 4738 2788 4804 apparet.
2847 4732 3094 4788 Maxime
3153 4737 3356 4788 autem
3398 4725 3740 4786 doctissimis

424 4905 537 4978 (7})
568 4905 1229 4978 ()ptimepintegritatem
1255 4905 1466 4964 harum
1489 4907 1877 4978 epistolarum
1901 4907 2002 4965 de-

353 4975 543 5050 fendit
574 4975 980 5050 pusterdieck,
1001 4975 1052 5050 il.
1084 4993 1160 5046 c.,
1190 4995 1248 5049 p.
1282 4981 1354 5034 80
1383 4995 1513 5050 sqq.

427 5048 537 5121 (75)
569 5047 684 5121 Cfr.
719 5047 963 5121 Mohler,
989 5047 1222 5116 Patrol.)
1261 5055 1299 5104 t.
1334 5051 1377 5119 Ι,
1409 5047 1624 5121 ιὶ.’122.

446 5120 534 5188 76)
570 5119 713 5192 Hist.
748 5119 916 5174 theol.
951 5121 1099 5187 crit,
1126 5125 1166 5174 t.
1201 5121 1335 5192 I,p.
1368 5119 1640 5177 305-327.

423 5193 604 5264 (77)7«
649 5191 1190 5264 Commentationes
1231 5191 1302 5247 de
1347 5194 1588 5264 Patrum
1641 5193 1998 5264 apostolico-

351 5263 813 5388 rumﬁthfologia
844 5263 1054 5319 morali
1089 5286 1114 5314 »
1144 5264 1199 5337 a)
1231 5281 1287 5336 p.
1321 5265 1521 5319 38-71.
1557 5263 1616 5337 b)
1648 5281 1706 5335 p.
1741 5268 1920 5322 39-58.
1944 5268 1996 5338 ο)

353 5349 410 5388 ι).
446 5355 475 5386 ο
520 5353 573 5387 -ι
621 5377 634 5388 .

399 5374 410 5387 .
446 5353 634 5390 04³11.

353 5349 410 5403 p.
446 5349 634 5390 eli-7‘1.

422 5405 535 5478 (78)
572 5407 801 5473 Patrol.,
842 5411 882 5461 t.
915 5408 957 5476 Ι,
991 5425 1048 5478 p.
1077 5407 1332 5463 131-152.

424 5475 541 5552 (79)
566 5478 884 5548 Utramque
914 5475 1069 5534 hanc
1090 5480 1418 5536 versionem
1439 5479 1597 5552 apud
1618 5480 1992 5538 Gallandium

353 5558 790 5695 Γϐῗὸθῶιῗέὶᾳὺθ,
835 5621 1134 5695 ﬁpicileg,
1173 5627 1211 5676 t.
1262 5625 1334 5686 ΙΙ,
1386 5641 1441 5695 p.
1491 5625 1524 5695 3
1569 5628 1628 5678 et
1671 5625 1726 5695 4,
1779 5625 1988 5692 Smith,

350 5684 514 5756 praef.
549 5685 609 5742 in
647 5684 792 5746 Acta
834 5684 1069 5764 Martyr'.
1105 5684 1157 5748 S.
1208 5684 1331 5766 Ign.
1374 5684 1530 5770 apud
1572 5684 1990 5768 Jacobsonum,

2180 4977 2307 5051 (81)
2327 4978 2513 5034 Grabe
2545 4982 2606 5035 et
2627 4977 2856 5051 Smith.
2875 4978 2944 5032 ll.
2976 4993 3061 5034 cc.

2178 5049 2292 5123 (82)
2315 5053 2550 5123 Martyr.
2582 5051 2729 5120 Ign.,
2761 5066 2813 5105 c.
2843 5049 2898 5103 5.

2181 5122 2294 5194 (83)
2325 5122 2495 5194 Ibid.’,
2533 5139 2582 5178 c.
2615 5125 2667 5176 7.

2177 5187 2288 5265 (84)
2321 5195 2384 5250 Ε.
2413 5187 2841 5265 ξζίσυναντῶμςν
2868 5194 2984 5252 τοῖς
3004 5187 3259 5265 ἀδελφοῖς
3292 5208 3355 5265 c._
3379 5193 3433 5245 6.

2179 5262 2288 5336 (85)
2320 5262 2466 5321 Bibl.
2507 5262 2762 5321 Veterum
2792 5267 3041 5330 Patrum,
3073 5268 3113 5318 t.
3147 5262 3191 5331 Ι,
3223 5262 3480 5335 Proleg.,
3505 5278 3562 5333 p.
3594 5273 3678 5314 LX.

2176 5339 2289 5409 (86)
2318 5339 2423 5409 Ep.
2455 5337 2577 5409 Ign.
2612 5337 2686 5394 ad
2714 5338 2907 5406 Rom.,
2938 5336 3106 5409 c._lO.

2197 5407 2285 5478 87)
2319 5406 2461 5464 Hist.
2487 5406 2661 5464 'theol.
2695 5410 2849 5472 erit,
2879 5411 2921 5462 t.
2956 5406 3026 5476 Il,
3059 5407 3422 5479 13.428433.

2199 5479 2288 5552 88)
2317 5480 2554 5552 Patrol,
2590 5485 2628 5534 t.
2648 5480 2708 5552 _I,
2740 5497 2797 5552 p.
2831 5479 2937 5552 €08
2967 5495 3058 5550 sq.

2173 5550 2285 5623 (89)
2307 5551 2475 5623 Apud
2505 5550 2713 5620 ροισι,
2742 5550 2786 5606 t.
2822 5551 2892 5615 Il,
2924 5567 2980 5622 p.
3015 5550 3140 5623 411.

2175 5612 2282 5694 (90)
2315 5612 2565 5694 origines
2607 5629 2659 5679 ct
2688 5612 2973 5694 Antiqui}.
3029 5621 3252 5688 Christ,
3309 5624 3351 5674 t.
3385 5619 3480 5690 IV,
3511 5635 3568 5689 p.
3619 5612 3739 5668 401-

2289 4924 2346 4979 p.
2380 4909 2504 4979 523.

2098 5691 2222 5750 404.
