4030 6212
238 381 355 440 641

1449 377 1514 436 C.
1561 378 1616 439 J.
1665 377 1986 440 IlEFELII
2030 377 2484 441 ΡΠΕΡΛΤΙΟ.

3535 388 3654 448 642

231 518 444 574 Tafelii
477 516 548 573 de
574 518 669 572 via
698 516 945 588 Egnatia
974 515 1424 571 dissertationes
1443 530 1652 570 novam
1675 515 1759 569 rei
1783 531 1894 570 no-
1927 525 1974 582 Α
2009 517 2211 572 Exstat
2240 521 2437 572 autem
2471 518 2767 588 posterior
2785 518 2890 574 illa
2912 519 3184 574 Aciorum
3209 535 3368 592 pars,
3391 537 3424 576 a
3447 523 3659 578 Grabio

236 615 380 664 straa
412 607 606 664 lucem
639 606 1007 670 attulerunt;
1041 621 1190 676 quas
1227 605 1326 675 qui
1377 604 1712 676 perlegerit,
1768 609 1900 659 tan-

235 703 366 753 tum
399 696 586 762 abest,
607 701 674 751 ut
693 695 868 763 viam,
904 711 1020 765 qua
1036 694 1092 749 S.
1117 699 1342 766 martyr
1361 694 1576 749 ductus
1601 710 1729 749 esse
1761 709 1898 748 nar-

236 793 428 853 ratur,
460 789 860 841 monstrosam
895 789 1106 855 putare
1136 784 1344 856 possit,
1377 787 1443 838 ut
1471 782 1629 838 clare
1660 783 1901 854 perspi-

234 877 380 943 ciat,
413 892 535 930 non
570 874 686 929 nisi
743 873 967 945 vulgari
1012 875 1411 928 Romanorum
1468 872 1558 926 via
1607 872 1900 943 Ignatium

234 982 367 1021 esse
396 982 574 1021 usum
605 965 748 1037 (91).

307 1053 366 1122 b)
401 1055 687 1108 Actorum
712 1056 1019 1107 auctorem
1053 1051 1153 1106 diu
1185 1056 1321 1122 post
1375 1050 1582 1124 lgnatii
1632 1054 1902 1122 tempora

236 1143 479 1209 vixisse,
515 1141 768 1197 Dallaaus
799 1158 830 1196 e
861 1140 1234 1196 sermonibus
1266 1140 1546 1211 conjecit,
1584 1156 1733 1210 quos
1764 1155 1899 1193 cum

245 1232 574 1304 Trajanoa
629 1236 890 1302 martyre
948 1230 1180 1285 habitos
1237 1231 1381 1285 Acta
1437 1235 1639 1284 nostra
1686 1232 1903 1299 printer

240 1337 488 1378 omnem
521 1321 641 1375 veri
672 1337 740 1376 ac
773 1320 970 1376 decori
1005 1319 1265 1391 speciem
1305 1318 1549 1374 ﬁnxisse
1593 1322 1762 1390 putat
1813 1317 1902 1371 vir

243 1411 351 1466 ille
382 1411 650 1466 criticus.
692 1409 756 1464 Ei
803 1409 935 1482 jam
989 1408 1347 1465 Pearsonius
1405 1407 1515 1480 (92)
1567 1404 1898 1478 respondit,

239 1515 523 1556 sermones
550 1499 696 1554 istos
718 1503 875 1554 certe
898 1513 1093 1569 neque
1121 1497 1262 1565 veri,
1289 1512 1482 1568 neque
1514 1497 1700 1552 decori
1719 1495 1901 1550 ratio-

235 1606 352 1645 nes
382 1587 623 1644 turbare
651 1586 1041 1644 contendens.
1077 1586 1205 1643 Una
1237 1590 1465 1641 tantum
1497 1602 1603 1640 vox
1643 1579 1900 1638 κακοδαί-

241 1699 367 1750 μων
400 1678 475 1750 (c.
507 1678 584 1749 2),
617 1693 652 1732 a
679 1677 930 1749 Trajano
960 1680 1265 1748 usurpata,
1300 1674 1619 1747 objectioni
1663 1673 1750 1728 illi
1800 1689 1898 1728 oc-

237 1768 551 1823 casionem
575 1765 899 1838 praibuisse
913 1765 1346 1836 videtur,quam
1367 1781 1543 1819 nemo
1558 1763 1776 1818 dixerit
1795 1763 1901 1818 im-

239 1856 514 1930 pevatori
547 1856 795 1911 minime
823 1855 1161 1923 convenire,
1195 1855 1294 1925 qui
1330 1871 1459 1909 eam
1478 1860 1638 1909 recte
1670 1851 1900 1907 intelle-
1929 1889 1975 1955 Β

239 1947 423 2002 xerit.
457 1946 564 2011 Qui
598 1945 758 2001 enim
791 1944 972 2014 novit,
1007 1943 1150 2016 quid
1183 1938 1647 2014 εἱικακοδαίμων,
1680 1946 1738 1997 et
1757 1958 1899 2013 quo-

237 2035 427 2094 modo
459 2034 830 2091 Christianos
859 2034 921 2089 in
943 2032 1172 2105 judicio
1205 2031 1563 2105 compellare
1589 2031 1744 2087 soliti
1766 2031 1895 2086 fue-

231 2127 362 2180 rint
392 2124 641 2193 ethnici,
666 2123 841 2178 facile
875 2124 1110 2190 sentiet,
1145 2126 1202 2176 et
1230 2138 1432 2177 verum
1466 2121 1576 2176 hoc
1607 2125 1663 2175 et
1721 2119 1895 2174 deco-

234 2231 374 2269 rum
407 2230 560 2270 esse.
607 2214 708 2268 Est
763 2217 964 2268 autem
1020 2206 1392 2283 κακοδαίμων,
1452 2217 1520 2266 ut
1567 2227 1639 2265 ex
1694 2209 1897 2265 multis

243 2303 542 2376 exemplis
569 2301 931 2359 Pearsonius
959 2300 1180 2371 docuit,
1203 2301 1291 2357 nil
1311 2299 1474 2356 aliud
1496 2315 1675 2372 quam
1696 2298 1900 2368 infelix

238 2394 426 2449 homo
457 2394 591 2465 (93).

319 2487 620 2539 Praeterea
648 2480 1040 2550 monendum,
1071 2495 1379 2537 sermones
1407 2479 1618 2552 Ignatii
1649 2483 1711 2536 et
1755 2480 1894 2534 Trao

233 2573 375 2647 jani
410 2588 447 2628 a
474 2573 762 2645 scriptore
799 2572 1081 2628 Actorum
1108 2587 1223 2627 non
1254 2571 1328 2626 ad
1378 2570 1606 2627 verbum
1654 2569 1897 2637 relatos,

235 2668 674 2736 auctoremque
706 2668 979 2719 nostrum
1009 2661 1217 2718 eadem
1246 2661 1491 2718 licentia
1519 2677 1695 2718 usum
1743 2676 1896 2729 esse,

240 2769 427 2825 quam
453 2753 701 2809 omnino
724 2752 996 2808 historici
1023 2751 1085 2807 in
1115 2751 1465 2808 enarrandis
1485 2751 1741 2807 aliorum
1765 2766 1897 2806 ser-

242 2843 533 2900 monibus
562 2842 675 2899 sibi
702 2841 1104 2900 vindicabant.
1135 2841 1302 2908 Quod
1341 2842 1390 2898 si
1441 2858 1490 2898 e.
1539 2858 1594 2912 g.
1645 2841 1835 2913 capite
1865 2841 1900 2895 2

239 2934 537 3006 Trajanus
563 2931 706 2989 deos
735 2932 1048 3006 gentilium
1099 2931 1366 2988 daemones
1409 2931 1689 3004 appellat,
1740 2934 1897 2985 certe

239 3025 604 3097 scriptorem
623 3023 1024 3081 Christianum
1043 3023 1238 3079 verbis
1259 3023 1608 3079 Christianis
1634 3026 1898 3078 mentem

238 3114 486 3186 Trajani
521 3113 863 3186 exposuisse
895 3112 1068 3169 facile
1099 3113 1445 3186 perspicies.

317 3207 371 3273 c)
400 3203 742 3260 Authentiaa
805 3208 1222 3276 argumentum
1259 3202 1400 3258 inde
1452 3218 1689 3274 quoque
1720 3200 1892 3258 nobis

2009 606 2071 658 in
2103 605 2351 660 dubium
2377 614 2602 672 vocata,
2629 609 2687 662 in
2721 608 2989 663 versione
3021 609 3242 663 codicis
3281 611 3567 678 Caiensis,
3601 616 3661 666 et

2011 693 2209 748 Graeco
2242 695 2564 766 exemplari
2597 697 2940 751 Parisiensi.

2081 781 2137 850 b)
2170 782 2224 836 Si
2258 783 2535 839 Grabium
2570 785 2799 851 audias,
2843 791 3044 857 aperte
3093 785 3202 840 sibi
3258 786 3511 843 invicem
3565 805 3664 844 re-

2010 887 2274 943 pugnare
2307 872 2583 928 videntur
2614 874 2726 928 ista
2757 875 2934 929 verba
2964 891 3014 930 c.
3049 879 3101 940 7,
3135 892 3266 945 qum
3298 875 3358 929 in
3391 878 3658 931 versione

2009 966 2214 1016 nostra
2242 960 2323 1014 ita
2353 967 2600 1016 sonant:
2635 965 2844 1016 Horum
2872 979 2971 1018 nos
3001 965 3109 1032 ipsi
3137 970 3463 1033 spectatores
3491 968 3657 1034 facti,

2009 1065 2130 1104 cum
2186 1051 2247 1104 in
2297 1049 2552 1119 Iacrymfs
2612 1057 2784 1106 totam
2868 1056 3078 1106 noctem
3151 1056 3534 1122 exegissemus,
3606 1061 3658 1110 et

2009 1139 2235 1207 genibus
2261 1141 2421 1207 ﬂexis
2468 1140 2754 1209 multaque
2803 1139 3056 1194 oratione
3106 1143 3418 1210 Dominum,
3464 1150 3526 1197 ut
3563 1159 3662 1199 nos

2009 1229 2252 1296 inﬁrmos
2281 1228 2346 1283 de
2386 1228 2455 1283 iis
2510 1245 2628 1298 quae
2685 1231 2842 1296 facta
2895 1232 3139 1298 fuerant,
3199 1236 3371 1285 certos
3428 1234 3660 1300 faceret,

2011 1333 2240 1372 essemus
2260 1320 2500 1388 precati,
2534 1322 2645 1373 etc.
2707 1319 2764 1372 Si
2807 1319 2965 1373 enim
3017 1319 3143 1373 hmo
3193 1318 3364 1386 facta,
3415 1320 3662 1376 Grabius

2007 1406 2223 1478 inquit,
2287 1407 2528 1478 ipsimet
2571 1412 2934 1480 spectatores
2981 1407 3166 1463 oculis
3214 1415 3662 1480 usurpaverant,

2011 1494 2154 1566 quid
2184 1512 2332 1567 opus
2391 1502 2538 1565 erat,
2600 1497 2942 1553 ulteriorem
3001 1497 3070 1552 de
3132 1497 3204 1552 iis
3243 1498 3661 1555 certitudinem

2011 1600 2046 1640 a
2073 1585 2192 1640 Deo
2219 1585 2567 1658 postulare?
2597 1617 2664 1628 -—
2694 1587 2808 1643 Sed
2838 1586 3088 1642 Grabius
3120 1588 3385 1644 Graecum
3434 1595 3660 1644 textum

2008 1674 2158 1730 male
2202 1675 2625 1747 interpretatus
2679 1677 2803 1731 haec
2862 1676 3121 1746 objecit;
3177 1674 3438 1730 αὐτόπται
3501 1679 3661 1733 enim

2007 1763 2091 1818 illi
2125 1782 2242 1820 non
2275 1765 2346 1820 de
2371 1772 2558 1821 morte
2592 1766 2817 1838 lgnatii,
2853 1765 2956 1821 sed
2987 1765 3059 1820 de
3101 1783 3168 1822 eo
3217 1767 3500 1822 certiores
3532 1767 3658 1823 fieri

2009 1853 2305 1922 volebant,
2331 1869 2472 1910 num
2497 1855 2846 1926 martyrium
2867 1855 2996 1926 ejus
3016 1855 3136 1910 Deo
3160 1861 3661 1926 essetacceptum,

2012 1950 2078 2000 ut
2097 1947 2224 2017 jam
2253 1945 2518 2002 Clericus
2547 1947 2780 2001 monuit
2808 1947 2945 2018 (96).

2079 2037 2130 2108 ο)
2160 2035 2396 2091 Falsum
2455 2052 2584 2092 esse
2635 2035 2941 2092 contendit
2993 2035 3262 2100 Grabius,
3325 2035 3483 2107 quod
3539 2053 3590 2091 c.
3626 2040 3658 2090 7

2005 2124 2266 2196 Ignatius
2296 2129 2568 2180 mortuus
2626 2125 2809 2180 fuisse
2859 2123 3092 2180 dicatur
3139 2124 3452 2180 consulibus
3506 2125 3659 2195 apud

2007 2217 2277 2270 Romanos
2306 2216 2503 2270 iterum
2532 2216 2676 2272 Sura
2706 2222 2757 2271 et
2787 2216 3100 2287 Senecione,
3149 2215 3188 2269 i.
3241 2232 3294 2269 e.
3340 2231 3496 2270 anno
3532 2218 3654 2269 107.

2007 2303 2252 2360 Grabius
2275 2304 2459 2374 enim,
2517 2310 2583 2360 ut
2638 2321 2816 2377 supra
2867 2304 3140 2370 vidimus,
3188 2320 3368 2359 unam
3426 2310 3657 2359 tantum

2005 2394 2132 2466 Traj
2142 2394 2240 2449 ani
2255 2394 2693 2466 expeditionem
2716 2393 3049 2451 Parthicam
3067 2393 3660 2463 admittens,mortem

2005 2484 2062 2540 S.
2089 2482 2369 2554 martyris
2394 2499 2550 2539 anno
2585 2486 2685 2538 116
2716 2484 3012 2557 ascripsit.
3050 2485 3166 2539 Nos
3215 2489 3422 2539 contra
3471 2484 3655 2538 tutius

2004 2573 2361 2645 putavimus,
2385 2573 2552 2629 alteri
2570 2573 2850 2630 accedere
2877 2573 3346 2645 sententim,quae
3361 2573 3653 2644 Iguatium

2005 2677 2165 2718 anno
2201 2665 2300 2717 l07
2335 2679 2365 2718 e
2397 2663 2540 2718 vivis
2563 2662 2892 2719 decessisse
2930 2668 3155 2720 censet.

2075 2750 2135 2823 d)
2167 2751 2431 2822 Objectio
2492 2752 2732 2822 Usserii,
2788 2751 3020 2808 detecto
3079 2751 3400 2825 exemplari
3452 2751 3652 2808 Graeco

2013 2839 2222 2912 diluta,
2247 2841 2376 2913 jam
2397 2857 2433 2898 a
2457 2841 2668 2898 Grabio
2691 2848 2777 2898 est
2802 2842 3042 2898 omissa.
3077 2841 3348 2898 Usserius
3370 2840 3431 2896 in
3453 2841 3654 2898 codice

2006 2930 2240 2987 Caiensi
2270 2931 2504 3005 legebat
2557 2931 2632 3005 (c.
2691 2932 2790 3004 4):
2835 2949 2941 3004 per
2996 2948 3388 2988 rnmcsnsxvrss
3447 2932 3659 2987 litteras

2005 3021 2222 3091 gratias
2258 3039 2449 3092 agens,
2483 3024 2766 3094 appositas
2799 3022 2872 3078 ad
2896 3025 3062 3094 ipsas,
3097 3027 3208 3080 etc.
3241 3023 3390 3078 Hinc
3436 3023 3522 3077 vir
3556 3021 3663 3076 do-

2009 3109 2309 3167 ctissimus
2339 3111 2652 3181 conclusit,
2684 3116 3051 3184 postremam
3097 3113 3381 3168 Actorum
3429 3117 3659 3184 partem

2013 3198 2087 3255 ab
2119 3199 2223 3256 illo
2254 3201 2542 3273 scriptore
2573 3201 2776 3258 seaculi
2807 3202 2999 3274 quinti
3029 3217 3158 3258 esse
3181 3201 3536 3270 confectam,
3556 3202 3660 3273 qui

235 3262 571 3367 petendum
601 3291 854 3360 videtur,
874 3262 1044 3364 quod
1069 3292 1213 3348 Acta
1232 3291 1360 3348 haac
1385 3262 1898 3364 pressa-simplici-
1927 3262 1970 3328 θ
2008 3290 2208 3346 Graeca
2228 3262 2455 3346 Acta-in
2479 3291 2746 3348 Latinam
2769 3262 3111 3348 sermonem
3130 3262 3659 3360 transtulit,ex'ein-

237 3398 356 3455 que
389 3383 664 3439 oratione
699 3383 822 3438 sint
849 3383 1209 3454 conscripta,
1237 3386 1437 3454 atque.

314 3472 375 3542 d)
407 3473 562 3528 mire
599 3471 724 3527 illis
753 3472 1177 3544 respondeant,
1211 3487 1342 3543 quae
1375 3471 1448 3527 ab
1475 3470 1726 3527 Eusebio
1753 3475 1813 3526 et
1844 3471 1899 3527 S.

240 3563 479 3618 Joanne
511 3561 936 3633 Chrysostomo
978 3561 1052 3616 de
1115 3561 1396 3632 martyrio
1455 3561 1664 3633 lgnatii
1722 3560 1900 3616 doce-

243 3668 384 3708 mur
414 3653 549 3724 (94).

315 3742 370 3814 e)
392 3739 557 3796 Nihil
577 3739 835 3813 denique
864 3739 946 3796 ibi
964 3739 1203 3812 legitur,
1226 3755 1364 3796 cum
1391 3739 1627 3812 Trajani
1652 3739 1903 3795 historia

243 3845 525 3903 pugnans
556 3829 692 3900 (95).

313 3919 684 3974 Testimonia
701 3934 838 3974 vero
863 3920 1136 3975 Veterum
1163 3935 1268 3991 pro
1300 3918 1457 3974 Actis
1486 3918 1705 3974 nostris
1735 3934 1766 3973 e
1797 3933 1900 3973 sex

237 4009 457 4081 primis
469 4025 603 4065 mra
616 4008 965 4064 Christiana:
985 4008 1481 4064 saaculisinveniri
1497 4025 1615 4064 non
1628 4013 1898 4080 possunt.

311 4099 410 4153 IV.
430 4099 802 4153 Postremam
823 4099 1102 4152 Actorum
1125 4098 1334 4169 Ignatii
1358 4103 1585 4168 partem
1613 4098 1899 4169 spuriam,

237 4195 301 4243 et
330 4188 410 4242 ab
443 4187 868 4259 interpolatore
893 4185 1151 4258 quodam
1173 4191 1459 4255 assutam,
1479 4185 1745 4242 arbitrati
1765 4191 1904 4242 sunt

247 4277 550 4346 Usserius,
584 4275 834 4332 Grabius
864 4281 925 4331 et
949 4275 1050 4331 alii
1078 4291 1094 4344 ;
1125 4275 1342 4348 causis,
1380 4279 1448 4332 ut
1475 4275 1621 4332 mihi
1651 4275 1900 4348 videtur,

246 4380 372 4421 non
407 4364 872 4422 sufficientibus.

320 4456 376 4528 a)
405 4457 782 4511 Postremam
811 4457 1095 4510 Actorum
1125 4459 1358 4526 partem
1396 4455 1458 4510 in
1490 4455 1679 4512 altera
1700 4455 1904 4512 Latina

246 4545 526 4600 versione
549 4543 771 4600 codicis
799 4543 1141 4600 Cottoniani
1170 4543 1400 4614 deesse,
1442 4545 1687 4601 minime
1721 4561 1902 4618 nega-

2011 3378 2281 3451 plarique
2313 3396 2418 3436 suo
2451 3380 2717 3453 syllogen
2748 3381 3135 3453 epistolarum
3166 3381 3375 3454 lgnatii
3425 3398 3660 3453 praepo-

2013 3469 2132 3524 suit
2160 3487 2173 3537 ;
2209 3485 2388 3541 quam
2411 3471 2812 3541 praecedentem
2834 3470 3223 3543 epistolarum
3243 3469 3502 3543 syllogen
3527 3487 3663 3526 ver-

2011 3557 2104 3613 bis
2135 3559 2257 3614 illis
2278 3560 2647 3630 praecedentes
2677 3560 2888 3616 litteras
2928 3559 3178 3616 iudicari
3231 3560 3503 3615 Usserius
3555 3576 3662 3615 su-

2012 3649 2272 3719 spicatus
2303 3655 2413 3704 est.
2450 3649 2560 3705 Sed
2590 3650 2825 3706 Graeca:
3005 3644 3095 3702 διὰ
3149 3651 3258 3703 τῶν
3311 3646 3664 3724 ἡγουμένων,

2011 3737 2354 3813 γραμμάτων
2415 3735 2752 3811 εὖχαρίστων
2797 3734 3211 3814 ἕκπεμφθὲντων
3261 3756 3314 3794 κ.
3366 3756 3418 3792 τ.
3474 3734 3529 3793 λ.
3580 3739 3664 3794 ita

2009 3825 2339 3882 reddantur
2368 3832 2638 3899 oportet:
2673 3834 2841 3898 utque
2872 3827 3142 3896 Ecclesiis,
3177 3843 3298 3897 qua:
3328 3826 3441 3896 ipsi
3461 3844 3566 3898 per
3585 3845 3666 3883 re-

2008 3921 2185 3972 ctores
2249 3913 2618 3990 (ἡγουμένων)
2702 3932 2825 3972 suos
2895 3923 3272 3985 occurrerant,
3360 3918 3663 3972 mercedem

2009 4006 2283 4072 redderet,
2314 4009 2526 4077 gratias
2555 4022 2719 4077 agens
2761 4006 2963 4061 litteris
3011 4003 3403 4078 (γραμμάτων)
3461 4005 3532 4061 ad
3573 4021 3662 4062 eas

2009 4098 2185 4152 missis
2213 4096 2376 4164 (Cod.
2409 4094 2671 4151 Caiensis
2701 4094 2854 4150 male
2890 4111 2902 4149 :
2938 4096 3218 4166 appositas
3247 4095 3322 4148 ad
3363 4094 3552 4164 ipsas).

2079 4187 2227 4241 Cum
2257 4201 2353 4241 res
2375 4185 2458 4240 ita
2480 4201 2542 4240 se
2565 4183 2800 4256 habeat,
2825 4183 3173 4256 objectioni,
3197 4183 3415 4238 Usserii
3433 4183 3661 4239 nullhm

2011 4274 2128 4331 vim
2155 4274 2348 4332 inesse
2379 4273 2552 4330 facile
2586 4273 2932 4347 perspicies,
2965 4288 3161 4344 neque
3200 4272 3272 4329 de
3324 4273 3662 4347 integritate

2012 4367 2291 4420 Actorum
2322 4363 2642 4433 dubitabis,
2673 4363 2814 4419 licet
2844 4364 3093 4420 fortasse
3121 4363 3483 4436 paucissima
3504 4381 3665 4435 qua:-

2011 4455 2172 4523 dam,
2201 4459 2304 4510 aut
2331 4453 2473 4510 vitio
2504 4453 2886 4510 librariorum
2925 4458 3224 4525 corrupta,
3255 4457 3357 4509 aut
3384 4454 3663 4509 manibus

2011 4543 2407 4617 posteriorum
2437 4543 2639 4602 addita
2666 4545 2803 4600 sint.

243 4650 404 4703 mus,
437 4633 544 4689 sed
571 4634 730 4690 hunc
761 4632 1026 4690 codicem
1060 4632 1282 4689 nullius
1331 4635 1698 4691 auctoritatis
1746 4651 1898 4704 esse,
1925 4639 1974 4704 Β
2085 4635 2149 4689 V.
2181 4635 2326 4689 Acta
2355 4634 2614 4708 Martyrii
2644 4635 2700 4689 S.
2735 4632 2946 4704 lgnatii
2976 4631 3336 4704 interpolata
3368 4648 3399 4687 e
3443 4631 3660 4688 saeculo

242 4738 324 4778 ex
349 4723 444 4793 iis,
477 4737 614 4794 qum
645 4737 826 4795 supra
854 4723 882 4790 §
912 4721 935 4776 Ι
965 4720 1249 4789 diximus,
1291 4722 1434 4777 satis
1478 4728 1760 4795 apparet;
1809 4724 1905 4780 lu-

241 4827 436 4882 ceque
470 4816 563 4868 est
590 4810 808 4867 clarius
838 4810 1228 4882 interpretem
1279 4810 1483 4876 istum,
1538 4813 1750 4885 lgnatii
1795 4813 1902 4869 ad-

235 4906 429 4957 ventu
457 4901 522 4956 in
553 4899 710 4957 Urbe
735 4904 997 4968 narrato,
1030 4915 1065 4956 a
1092 4899 1350 4973 genuino
1379 4900 1659 4956 Actorum
1693 4918 1903 4958 exem-

239 4989 404 5064 plari
436 4990 511 5046 ad
548 4989 782 5046 fabulas
841 4988 1286 5062 interpolatoris
1339 5004 1470 5046 sese
1518 4992 1901 5050 convertisse.

313 5153 431 5294 (91;
466 5153 602 5209 Vice
632 5151 788 5209 infra
816 5157 940 5209 not.
972 5153 1006 5206 4
1035 5152 1111 5208 ad
1141 5168 1193 5208 c.
1226 5155 1257 5207 5
1289 5153 1546 5224 Martyrii
1580 5154 1634 5210 S.
1669 5155 1794 5229 Ign.

315 5227 410 5292 (92
465 5225 740 5280 Vindicis:
767 5226 913 5294 Ign.,
938 5227 1109 5294 parte
1137 5241 1198 5294 ιι,
1232 5241 1284 5280 c.
1316 5227 1407 5294 12,
1442 5241 1639 5294 supra.

315 5225 431 5298 (92)
465 5225 740 5298 Vindicis:
767 5226 913 5298 Ian,
938 5227 1109 5296 parte
1137 5241 1198 5294 ιι,
1232 5241 1284 5280 c.
1316 5227 1407 5295 12,
1442 5241 1639 5298 supra.

317 5296 440 5369 (93)
474 5297 782 5367 Pearson.,
812 5296 857 5351 Ι.
890 5312 942 5351 c.

2010 4723 2247 4780 circiter
2284 4729 2474 4793 sexto,
2528 4726 2724 4780 Graece
2773 4724 2952 4779 habet
3001 4723 3425 4794 Metaphrastes
3469 4723 3546 4778 ad
3594 4726 3662 4777 20

2011 4815 2171 4882 Dec.,
2204 4817 2262 4868 et
2283 4813 2494 4869 exinde
2528 4813 2730 4870 Latine
2770 4814 2978 4870 Surius
3011 4817 3068 4869 et
3099 4811 3443 4882 Bollandus,
3466 4813 3662 4868 calen-

2013 4900 2104 4958 dis
2134 4901 2302 4959 Febr.
2331 4918 2345 4969 ;
2378 4902 2574 4959 Graece
2630 4909 2688 4959 et
2741 4903 2944 4958 Latine
2994 4903 3057 4958 in
3117 4901 3376 4958 editione
3435 4903 3666 4958 Patrum

2012 4991 2437 5062 apostolicorum
2466 4992 2816 5051 Cotelerius.

2083 5159 2201 5377 ἕως
2235 5161 2532 5235 Lumper.,
2563 5163 2710 5220 Hist.
2745 5161 2911 5219 theot.
2943 5162 3093 5229 crit.,
3127 5166 3168 5216 t-
3197 5159 3240 5229 Ι,
3276 5177 3332 5232 p.
3364 5161 3490 5216 433.

2107 5234 2175 5287 95
2231 5233 2528 5308 Lumper.,
2560 5235 2603 5290 l.
2634 5252 2686 5292 c.

2109 5306 2201 5375 96)
2229 5305 2372 5362 Vide
2403 5311 2527 5364 not.
2565 5306 2640 5364 ad
2669 5323 2720 5362 c.
2755 5309 2787 5360 7
2819 5306 3054 5377 Martyr.
3089 5307 3273 5377 Ignat.

2107 5233 2198 5308 95)
2229 5233 2528 5308 Eminet;
2560 5235 2686 5308 ιορ-

2109 5306 2201 5375 96)
2229 5305 2527 5364 Vide'not.
2565 5306 2640 5364 ad
2669 5323 2720 5362 c.
2755 5309 2787 5360 7
2819 5306 3054 5378 Martyr.
3089 5307 3273 5377 Ignat.
