  <div class='ocr_page' id='page_1' title='image "/cluster/home/n/w/nwhite01/storage/ocr_20150623/5/hvd.32044073501272/332.png"; bbox 0 0 4060 6206; ppageno 0'>
   <div class='ocr_carea' id='block_1_1' title="bbox 302 332 424 391">
    <p class='ocr_par' dir='ltr' id='par_1_1' title="bbox 302 332 424 391">
     <span class='ocr_line' id='line_1_1' title="bbox 302 332 424 391; baseline -0.008 0"><span class='ocrx_word' id='word_1_1' title='bbox 302 332 424 391; x_wconf 72' lang='grc'><strong>615</strong></span> 
     </span>
    </p>
   </div>
   <div class='ocr_carea' id='block_1_2' title="bbox 1530 329 2504 391">
    <p class='ocr_par' dir='ltr' id='par_1_2' title="bbox 1530 329 2504 391">
     <span class='ocr_line' id='line_1_2' title="bbox 1530 329 2504 391; baseline 0.001 -2"><span class='ocrx_word' id='word_1_2' title='bbox 1530 329 1901 390; x_wconf 68' lang='grc' dir='ltr'><strong>ΕΡΙΞΊὈῐιΑ</strong></span> <span class='ocrx_word' id='word_1_3' title='bbox 1950 329 2055 390; x_wconf 79' lang='grc' dir='ltr'><strong>ΑΒ</strong></span> <span class='ocrx_word' id='word_1_4' title='bbox 2106 330 2504 391; x_wconf 75' lang='lat' dir='ltr'><strong>Ei&#39;llESlOS.</strong></span> 
     </span>
    </p>
   </div>
   <div class='ocr_carea' id='block_1_3' title="bbox 3608 338 3727 396">
    <p class='ocr_par' dir='ltr' id='par_1_3' title="bbox 3608 338 3727 396">
     <span class='ocr_line' id='line_1_3' title="bbox 3608 338 3727 396; baseline 0.025 -3"><span class='ocrx_word' id='word_1_5' title='bbox 3608 338 3727 396; x_wconf 66' lang='lat'><strong>646</strong></span> 
     </span>
    </p>
   </div>
   <div class='ocr_carea' id='block_1_4' title="bbox 302 458 1963 539">
    <p class='ocr_par' dir='ltr' id='par_1_4' title="bbox 302 458 1963 539">
     <span class='ocr_line' id='line_1_4' title="bbox 302 458 1963 539; baseline -0.002 -20"><span class='ocrx_word' id='word_1_6' title='bbox 302 462 449 538; x_wconf 73' lang='grc' dir='ltr'>ευχῇ</span> <span class='ocrx_word' id='word_1_7' title='bbox 483 462 640 535; x_wconf 79' lang='grc' dir='ltr'>ὑμῶν</span> <span class='ocrx_word' id='word_1_8' title='bbox 694 459 973 539; x_wconf 79' lang='grc' dir='ltr'><strong>ἐπιτυχεῖν</strong></span> <span class='ocrx_word' id='word_1_9' title='bbox 1030 459 1084 518; x_wconf 74' lang='grc' dir='ltr'>ἐν</span> <span class='ocrx_word' id='word_1_10' title='bbox 1137 461 1331 537; x_wconf 77' lang='grc' dir='ltr'>Ῥώμῃ</span> <span class='ocrx_word' id='word_1_11' title='bbox 1393 465 1835 537; x_wconf 80' lang='grc' dir='ltr'>θηριομαχῆσαι,</span> <span class='ocrx_word' id='word_1_12' title='bbox 1874 458 1963 515; x_wconf 78' lang='grc' dir='ltr'><strong>ἳνα</strong></span> 
     </span>
    </p>
   </div>
   <div class='ocr_carea' id='block_1_5' title="bbox 2081 458 3729 539">
    <p class='ocr_par' dir='ltr' id='par_1_5' title="bbox 2081 459 3729 538">
     <span class='ocr_line' id='line_1_5' title="bbox 2081 459 3729 538; baseline 0.004 -22"><span class='ocrx_word' id='word_1_13' title='bbox 2081 459 2184 517; x_wconf 85' lang='lat' dir='ltr'><strong>stis</strong></span> <span class='ocrx_word' id='word_1_14' title='bbox 2216 477 2311 518; x_wconf 90' lang='lat' dir='ltr'><strong>me</strong></span> <span class='ocrx_word' id='word_1_15' title='bbox 2341 465 2704 534; x_wconf 81' lang='lat' dir='ltr'><strong>sperantem,</strong></span> <span class='ocrx_word' id='word_1_16' title='bbox 2738 462 2897 535; x_wconf 91' lang='lat' dir='ltr'><strong>quod</strong></span> <span class='ocrx_word' id='word_1_17' title='bbox 2937 462 3148 520; x_wconf 77' lang='lat' dir='ltr'><strong>vestris</strong></span> <span class='ocrx_word' id='word_1_18' title='bbox 3189 464 3466 538; x_wconf 85' lang='lat' dir='ltr'><strong>precibus</strong></span> <span class='ocrx_word' id='word_1_19' title='bbox 3515 482 3729 524; x_wconf 86' lang='lat' dir='ltr'><strong>conse-</strong></span> 
     </span>
    </p>
   </div>
   <div class='ocr_carea' id='block_1_6' title="bbox 304 548 1951 627">
    <p class='ocr_par' dir='ltr' id='par_1_6' title="bbox 304 548 1951 627">
     <span class='ocr_line' id='line_1_6' title="bbox 304 548 1951 627; baseline -0.001 -21"><span class='ocrx_word' id='word_1_20' title='bbox 304 549 398 607; x_wconf 81' lang='grc' dir='ltr'><strong>διὰ</strong></span> <span class='ocrx_word' id='word_1_21' title='bbox 447 552 545 608; x_wconf 75' lang='grc' dir='ltr'><strong>τοῦ</strong></span> <span class='ocrx_word' id='word_1_22' title='bbox 605 550 904 627; x_wconf 80' lang='grc' dir='ltr'>μαρτυρίου</span> <span class='ocrx_word' id='word_1_23' title='bbox 962 550 1241 627; x_wconf 79' lang='grc' dir='ltr'><strong>ἐπιτυχεῖν</strong></span> <span class='ocrx_word' id='word_1_24' title='bbox 1286 548 1505 624; x_wconf 78' lang='grc' dir='ltr'>δυνηθῶ</span> <span class='ocrx_word' id='word_1_25' title='bbox 1538 552 1787 626; x_wconf 74' lang='grc' dir='ltr'>μαθητὴς</span> <span class='ocrx_word' id='word_1_26' title='bbox 1818 549 1951 605; x_wconf 80' lang='grc' dir='ltr'>εἶναι</span> 
     </span>
    </p>
   </div>
   <div class='ocr_carea' id='block_1_7' title="bbox 300 640 1958 719">
    <p class='ocr_par' dir='ltr' id='par_1_7' title="bbox 300 640 1958 719">
     <span class='ocr_line' id='line_1_7' title="bbox 300 640 1958 719; baseline -0.002 -21"><span class='ocrx_word' id='word_1_27' title='bbox 300 644 403 698; x_wconf 84' lang='grc' dir='ltr'><strong>τοῦ</strong></span> <span class='ocrx_word' id='word_1_28' title='bbox 429 642 541 715; x_wconf 85' lang='grc'>(13)</span> <span class='ocrx_word' id='word_1_29' title='bbox 571 641 705 715; x_wconf 68' lang='grc' dir='ltr'>ὑπὲρ</span> <span class='ocrx_word' id='word_1_30' title='bbox 762 642 925 715; x_wconf 80' lang='grc' dir='ltr'>ἡμῶν</span> <span class='ocrx_word' id='word_1_31' title='bbox 976 640 1163 697; x_wconf 76' lang='grc' dir='ltr'>ἑαυτὸν</span> <span class='ocrx_word' id='word_1_32' title='bbox 1222 640 1601 719; x_wconf 79' lang='grc' dir='ltr'><strong>ἀνενεγκόντος</strong></span> <span class='ocrx_word' id='word_1_33' title='bbox 1635 642 1754 712; x_wconf 85' lang='grc' dir='ltr'><strong>Θεῷ</strong></span> <span class='ocrx_word' id='word_1_34' title='bbox 1788 658 1958 715; x_wconf 86' lang='grc' dir='ltr'>προσ-</span> 
     </span>
    </p>
   </div>
   <div class='ocr_carea' id='block_1_8' title="bbox 300 726 1961 810">
    <p class='ocr_par' dir='ltr' id='par_1_8' title="bbox 300 726 1961 810">
     <span class='ocr_line' id='line_1_8' title="bbox 300 726 1961 810; baseline -0.001 -23"><span class='ocrx_word' id='word_1_35' title='bbox 300 730 478 810; x_wconf 75' lang='grc' dir='ltr'>φοράν</span> <span class='ocrx_word' id='word_1_36' title='bbox 505 729 597 787; x_wconf 83' lang='grc' dir='ltr'><strong>καὶ</strong></span> <span class='ocrx_word' id='word_1_37' title='bbox 642 728 852 796; x_wconf 79' lang='grc' dir='ltr'>θυσίαν.</span> <span class='ocrx_word' id='word_1_38' title='bbox 905 732 1018 806; x_wconf 80' lang='grc'>(14)</span> <span class='ocrx_word' id='word_1_39' title='bbox 1074 730 1226 787; x_wconf 83' lang='grc' dir='ltr'>Ἐπεὶ</span> <span class='ocrx_word' id='word_1_40' title='bbox 1285 729 1378 787; x_wconf 78' lang='grc' dir='ltr'>οὖν</span> <span class='ocrx_word' id='word_1_41' title='bbox 1407 731 1508 800; x_wconf 81' lang='grc' dir='ltr'>τὴν</span> <span class='ocrx_word' id='word_1_42' title='bbox 1540 726 1961 801; x_wconf 74' lang='grc' dir='ltr'>πολυπληθείαν</span> 
     </span>
    </p>
   </div>
   <div class='ocr_carea' id='block_1_9' title="bbox 301 816 1957 900">
    <p class='ocr_par' dir='ltr' id='par_1_9' title="bbox 301 816 1957 900">
     <span class='ocr_line' id='line_1_9' title="bbox 301 816 1957 900; baseline -0.001 -23"><span class='ocrx_word' id='word_1_43' title='bbox 301 821 462 895; x_wconf 79' lang='grc' dir='ltr'>ὑμῶν</span> <span class='ocrx_word' id='word_1_44' title='bbox 520 818 573 876; x_wconf 71' lang='grc' dir='ltr'>ἐν</span> <span class='ocrx_word' id='word_1_45' title='bbox 631 820 864 894; x_wconf 84' lang='grc' dir='ltr'>ὀνόματι</span> <span class='ocrx_word' id='word_1_46' title='bbox 920 824 1056 877; x_wconf 75' lang='grc' dir='ltr'>Θεοῦ</span> <span class='ocrx_word' id='word_1_47' title='bbox 1112 818 1399 900; x_wconf 43' lang='lat' dir='ltr'><strong>eum”</strong></span> <span class='ocrx_word' id='word_1_48' title='bbox 1435 819 1491 876; x_wconf 70' lang='grc' dir='ltr'>ἐν</span> <span class='ocrx_word' id='word_1_49' title='bbox 1541 816 1848 893; x_wconf 70' lang='grc' dir='ltr'>Ὀνησίμῳ,</span> <span class='ocrx_word' id='word_1_50' title='bbox 1876 822 1957 893; x_wconf 79' lang='grc' dir='ltr'><strong>τῷ</strong></span> 
     </span>
    </p>
   </div>
   <div class='ocr_carea' id='block_1_10' title="bbox 299 906 1958 987">
    <p class='ocr_par' dir='ltr' id='par_1_10' title="bbox 299 906 1958 987">
     <span class='ocr_line' id='line_1_10' title="bbox 299 906 1958 987; baseline -0.001 -21"><span class='ocrx_word' id='word_1_51' title='bbox 299 909 359 966; x_wconf 74' lang='grc' dir='ltr'>ἐν</span> <span class='ocrx_word' id='word_1_52' title='bbox 385 910 571 987; x_wconf 72' lang='grc' dir='ltr'>ἀγάπῃ</span> <span class='ocrx_word' id='word_1_53' title='bbox 596 907 910 987; x_wconf 72' lang='grc' dir='ltr'><strong>ἀδιηγήτῳ,</strong></span> <span class='ocrx_word' id='word_1_54' title='bbox 942 910 1095 985; x_wconf 83' lang='grc' dir='ltr'>ὑμῶν</span> <span class='ocrx_word' id='word_1_55' title='bbox 1153 906 1211 966; x_wconf 71' lang='grc' dir='ltr'>δὶ</span> <span class='ocrx_word' id='word_1_56' title='bbox 1269 907 1320 965; x_wconf 77' lang='grc' dir='ltr'>ἐν</span> <span class='ocrx_word' id='word_1_57' title='bbox 1386 911 1500 985; x_wconf 81' lang='grc'>(15)</span> <span class='ocrx_word' id='word_1_58' title='bbox 1545 907 1702 984; x_wconf 83' lang='grc' dir='ltr'>σαρκὶ</span> <span class='ocrx_word' id='word_1_59' title='bbox 1733 906 1958 965; x_wconf 77' lang='grc' dir='ltr'>ἐπισκό-</span> 
     </span>
    </p>
   </div>
   <div class='ocr_carea' id='block_1_11' title="bbox 298 996 1955 1079">
    <p class='ocr_par' dir='ltr' id='par_1_11' title="bbox 298 996 1955 1079">
     <span class='ocr_line' id='line_1_11' title="bbox 298 996 1955 1079; baseline -0.002 -22"><span class='ocrx_word' id='word_1_60' title='bbox 298 1020 413 1075; x_wconf 78' lang='grc' dir='ltr'><strong>πῳ·</strong></span> <span class='ocrx_word' id='word_1_61' title='bbox 447 1000 506 1056; x_wconf 84' lang='grc' dir='ltr'><strong>’ὸν</strong></span> <span class='ocrx_word' id='word_1_62' title='bbox 534 996 776 1079; x_wconf 70' lang='grc' dir='ltr'>εὔχομαι</span> <span class='ocrx_word' id='word_1_63' title='bbox 821 1000 960 1056; x_wconf 69' lang='grc' dir='ltr'>κατὰ</span> <span class='ocrx_word' id='word_1_64' title='bbox 1017 1000 1232 1071; x_wconf 80' lang='grc' dir='ltr'>Ἰησοῦν</span> <span class='ocrx_word' id='word_1_65' title='bbox 1284 999 1519 1075; x_wconf 87' lang='grc' dir='ltr'>Χριστὸν</span> <span class='ocrx_word' id='word_1_66' title='bbox 1552 999 1694 1072; x_wconf 81' lang='grc' dir='ltr'>ὑμᾶς</span> <span class='ocrx_word' id='word_1_67' title='bbox 1717 997 1955 1074; x_wconf 79' lang='grc' dir='ltr'>ἀγαπᾷν,</span> 
     </span>
    </p>
   </div>
   <div class='ocr_carea' id='block_1_12' title="bbox 295 1085 1958 1165">
    <p class='ocr_par' dir='ltr' id='par_1_12' title="bbox 295 1085 1958 1165">
     <span class='ocr_line' id='line_1_12' title="bbox 295 1085 1958 1165; baseline -0.001 -20"><span class='ocrx_word' id='word_1_68' title='bbox 295 1092 397 1146; x_wconf 73' lang='grc' dir='ltr'>καὶ</span> <span class='ocrx_word' id='word_1_69' title='bbox 424 1090 624 1153; x_wconf 80' lang='grc' dir='ltr'>πάντας</span> <span class='ocrx_word' id='word_1_70' title='bbox 657 1089 796 1163; x_wconf 79' lang='grc' dir='ltr'>ὑμᾶς</span> <span class='ocrx_word' id='word_1_71' title='bbox 826 1088 971 1162; x_wconf 75' lang='grc' dir='ltr'>αὐτῷ</span> <span class='ocrx_word' id='word_1_72' title='bbox 1014 1088 1067 1145; x_wconf 77' lang='grc' dir='ltr'>ὲν</span> <span class='ocrx_word' id='word_1_73' title='bbox 1119 1090 1412 1162; x_wconf 87' lang='grc' dir='ltr'>ὁμοιότητι</span> <span class='ocrx_word' id='word_1_74' title='bbox 1443 1089 1604 1145; x_wconf 82' lang='grc' dir='ltr'>εἶναι.</span> <span class='ocrx_word' id='word_1_75' title='bbox 1637 1085 1958 1165; x_wconf 81' lang='grc' dir='ltr'>Εὐλογητὸς</span> 
     </span>
    </p>
   </div>
   <div class='ocr_carea' id='block_1_13' title="bbox 297 1176 1957 1259">
    <p class='ocr_par' dir='ltr' id='par_1_13' title="bbox 297 1176 1957 1259">
     <span class='ocr_line' id='line_1_13' title="bbox 297 1176 1957 1259; baseline -0.001 -23"><span class='ocrx_word' id='word_1_76' title='bbox 297 1182 409 1256; x_wconf 81' lang='grc' dir='ltr'>γὰρ</span> <span class='ocrx_word' id='word_1_77' title='bbox 442 1182 471 1236; x_wconf 87' lang='grc' dir='ltr'><strong>ὁ</strong></span> <span class='ocrx_word' id='word_1_78' title='bbox 501 1180 870 1259; x_wconf 71' lang='grc' dir='ltr'>χαρισάμενος</span> <span class='ocrx_word' id='word_1_79' title='bbox 911 1180 1039 1254; x_wconf 83' lang='grc' dir='ltr'>ὑμῖν</span> <span class='ocrx_word' id='word_1_80' title='bbox 1095 1178 1265 1249; x_wconf 81' lang='grc' dir='ltr'>ἀξίοις</span> <span class='ocrx_word' id='word_1_81' title='bbox 1306 1178 1426 1234; x_wconf 73' lang='grc' dir='ltr'>οὖσι</span> <span class='ocrx_word' id='word_1_82' title='bbox 1456 1182 1706 1234; x_wconf 84' lang='grc' dir='ltr'>τοιοῦτον</span> <span class='ocrx_word' id='word_1_83' title='bbox 1738 1176 1957 1234; x_wconf 80' lang='grc' dir='ltr'>ἐπίσκο-</span> 
     </span>
    </p>
   </div>
   <div class='ocr_carea' id='block_1_14' title="bbox 296 1272 752 1342">
    <p class='ocr_par' dir='ltr' id='par_1_14' title="bbox 296 1272 752 1342">
     <span class='ocr_line' id='line_1_14' title="bbox 296 1272 752 1342; baseline 0 -15"><span class='ocrx_word' id='word_1_84' title='bbox 296 1292 405 1327; x_wconf 78' lang='grc' dir='ltr'><strong>πον</strong></span> <span class='ocrx_word' id='word_1_85' title='bbox 437 1272 752 1342; x_wconf 72' lang='grc' dir='ltr'>κεκτῆσθαι.</span> 
     </span>
    </p>
   </div>
   <div class='ocr_carea' id='block_1_15' title="bbox 2069 551 3721 630">
    <p class='ocr_par' dir='ltr' id='par_1_15' title="bbox 2069 551 3721 630">
     <span class='ocr_line' id='line_1_15' title="bbox 2069 551 3721 630; baseline 0.004 -23"><span class='ocrx_word' id='word_1_86' title='bbox 2069 567 2237 623; x_wconf 88' lang='lat' dir='ltr'><strong>quar,</strong></span> <span class='ocrx_word' id='word_1_87' title='bbox 2270 555 2338 608; x_wconf 88' lang='lat' dir='ltr'><strong>ut</strong></span> <span class='ocrx_word' id='word_1_88' title='bbox 2366 553 2570 609; x_wconf 63' lang='lat' dir='ltr'><strong>Romae</strong></span> <span class='ocrx_word' id='word_1_89' title='bbox 2616 551 2899 610; x_wconf 86' lang='lat' dir='ltr'><strong>adversus</strong></span> <span class='ocrx_word' id='word_1_90' title='bbox 2943 553 3166 611; x_wconf 82' lang='lat' dir='ltr'><strong>bestias</strong></span> <span class='ocrx_word' id='word_1_91' title='bbox 3219 563 3570 630; x_wconf 82' lang='lat' dir='ltr'><strong>pugnem,ut</strong></span> <span class='ocrx_word' id='word_1_92' title='bbox 3612 572 3721 629; x_wconf 89' lang='lat' dir='ltr'><strong>per</strong></span> 
     </span>
    </p>
   </div>
   <div class='ocr_carea' id='block_1_16' title="bbox 2066 642 3720 718">
    <p class='ocr_par' dir='ltr' id='par_1_16' title="bbox 2066 642 3720 718">
     <span class='ocr_line' id='line_1_16' title="bbox 2066 642 3720 718; baseline 0.005 -22"><span class='ocrx_word' id='word_1_93' title='bbox 2066 642 2420 714; x_wconf 76' lang='lat' dir='ltr'><strong>martyrium</strong></span> <span class='ocrx_word' id='word_1_94' title='bbox 2450 642 2703 715; x_wconf 79' lang='lat' dir='ltr'><strong>adipisci</strong></span> <span class='ocrx_word' id='word_1_95' title='bbox 2749 644 2975 716; x_wconf 86' lang='lat' dir='ltr'><strong>possim</strong></span> <span class='ocrx_word' id='word_1_96' title='bbox 3020 644 3352 718; x_wconf 83' lang='lat' dir='ltr'><strong>discipulus</strong></span> <span class='ocrx_word' id='word_1_97' title='bbox 3395 663 3526 704; x_wconf 89' lang='lat' dir='ltr'><strong>esse</strong></span> <span class='ocrx_word' id='word_1_98' title='bbox 3555 646 3720 704; x_wconf 89' lang='lat' dir='ltr'><strong>illius</strong></span> 
     </span>
    </p>
   </div>
   <div class='ocr_carea' id='block_1_17' title="bbox 2067 731 3728 805">
    <p class='ocr_par' dir='ltr' id='par_1_17' title="bbox 2067 731 3728 805">
     <span class='ocr_line' id='line_1_17' title="bbox 2067 731 3728 805; baseline 0.005 -19"><span class='ocrx_word' id='word_1_99' title='bbox 2067 732 2173 800; x_wconf 89' lang='lat' dir='ltr'><strong>qui</strong></span> <span class='ocrx_word' id='word_1_100' title='bbox 2203 747 2267 787; x_wconf 87' lang='lat' dir='ltr'><strong>se</strong></span> <span class='ocrx_word' id='word_1_101' title='bbox 2296 731 2493 803; x_wconf 88' lang='lat' dir='ltr'><strong>ipsum</strong></span> <span class='ocrx_word' id='word_1_102' title='bbox 2520 749 2627 805; x_wconf 91' lang='lat' dir='ltr'><strong>pro</strong></span> <span class='ocrx_word' id='word_1_103' title='bbox 2656 733 2829 790; x_wconf 87' lang='lat' dir='ltr'><strong>nobis</strong></span> <span class='ocrx_word' id='word_1_104' title='bbox 2857 734 3077 791; x_wconf 81' lang='lat' dir='ltr'><strong>obtulit</strong></span> <span class='ocrx_word' id='word_1_105' title='bbox 3119 736 3238 792; x_wconf 86' lang='lat' dir='ltr'><strong>Deo</strong></span> <span class='ocrx_word' id='word_1_106' title='bbox 3266 734 3631 794; x_wconf 75' lang='lat' dir='ltr'><strong>oblationem</strong></span> <span class='ocrx_word' id='word_1_107' title='bbox 3662 741 3728 793; x_wconf 85' lang='lat' dir='ltr'><strong>et</strong></span> 
     </span>
    </p>
   </div>
   <div class='ocr_carea' id='block_1_18' title="bbox 2065 822 3723 897">
    <p class='ocr_par' dir='ltr' id='par_1_18' title="bbox 2065 822 3723 897">
     <span class='ocr_line' id='line_1_18' title="bbox 2065 822 3723 897; baseline 0.002 -18"><span class='ocrx_word' id='word_1_108' title='bbox 2065 822 2344 879; x_wconf 79' lang='lat' dir='ltr'><strong>hostiam.</strong></span> <span class='ocrx_word' id='word_1_109' title='bbox 2371 822 2613 895; x_wconf 86' lang='lat' dir='ltr'><strong>Suscepi</strong></span> <span class='ocrx_word' id='word_1_110' title='bbox 2635 839 2773 897; x_wconf 89' lang='lat' dir='ltr'><strong>ergo</strong></span> <span class='ocrx_word' id='word_1_111' title='bbox 2795 824 2858 880; x_wconf 86' lang='lat' dir='ltr'><strong>in</strong></span> <span class='ocrx_word' id='word_1_112' title='bbox 2879 826 3122 881; x_wconf 88' lang='lat' dir='ltr'><strong>nomine</strong></span> <span class='ocrx_word' id='word_1_113' title='bbox 3144 824 3249 881; x_wconf 91' lang='lat' dir='ltr'><strong>Dei</strong></span> <span class='ocrx_word' id='word_1_114' title='bbox 3274 826 3723 882; x_wconf 88' lang='lat' dir='ltr'><strong>multitudinem</strong></span> 
     </span>
    </p>
   </div>
   <div class='ocr_carea' id='block_1_19' title="bbox 2066 912 3722 987">
    <p class='ocr_par' dir='ltr' id='par_1_19' title="bbox 2066 912 3722 987">
     <span class='ocr_line' id='line_1_19' title="bbox 2066 912 3722 987; baseline 0.003 -20"><span class='ocrx_word' id='word_1_115' title='bbox 2066 917 2326 969; x_wconf 86' lang='lat' dir='ltr'><strong>vestram</strong></span> <span class='ocrx_word' id='word_1_116' title='bbox 2358 912 2420 967; x_wconf 89' lang='lat' dir='ltr'><strong>in</strong></span> <span class='ocrx_word' id='word_1_117' title='bbox 2449 912 2750 981; x_wconf 90' lang='lat' dir='ltr'><strong>Onesimo,</strong></span> <span class='ocrx_word' id='word_1_118' title='bbox 2784 914 3203 971; x_wconf 82' lang='lat' dir='ltr'><strong>inenarrabilis</strong></span> <span class='ocrx_word' id='word_1_119' title='bbox 3233 915 3538 972; x_wconf 87' lang='lat' dir='ltr'><strong>charitatis</strong></span> <span class='ocrx_word' id='word_1_120' title='bbox 3575 915 3722 987; x_wconf 80' lang='lat' dir='ltr'><strong>viro,</strong></span> 
     </span>
    </p>
   </div>
   <div class='ocr_carea' id='block_1_20' title="bbox 2067 1003 3725 1078">
    <p class='ocr_par' dir='ltr' id='par_1_20' title="bbox 2067 1003 3725 1078">
     <span class='ocr_line' id='line_1_20' title="bbox 2067 1003 3725 1078; baseline 0.001 -19"><span class='ocrx_word' id='word_1_121' title='bbox 2067 1007 2258 1059; x_wconf 88' lang='lat' dir='ltr'><strong>vestro</strong></span> <span class='ocrx_word' id='word_1_122' title='bbox 2284 1006 2482 1058; x_wconf 90' lang='lat' dir='ltr'><strong>autem</strong></span> <span class='ocrx_word' id='word_1_123' title='bbox 2510 1003 2569 1057; x_wconf 93' lang='lat' dir='ltr'><strong>in</strong></span> <span class='ocrx_word' id='word_1_124' title='bbox 2594 1020 2772 1059; x_wconf 89' lang='lat' dir='ltr'><strong>carne</strong></span> <span class='ocrx_word' id='word_1_125' title='bbox 2796 1004 3073 1077; x_wconf 90' lang='lat' dir='ltr'><strong>episcopo</strong></span> <span class='ocrx_word' id='word_1_126' title='bbox 3098 1021 3112 1073; x_wconf 88' lang='lat'><strong>;</strong></span> <span class='ocrx_word' id='word_1_127' title='bbox 3136 1021 3316 1077; x_wconf 87' lang='lat' dir='ltr'><strong>quem</strong></span> <span class='ocrx_word' id='word_1_128' title='bbox 3330 1006 3503 1078; x_wconf 82' lang='lat' dir='ltr'><strong>juxta</strong></span> <span class='ocrx_word' id='word_1_129' title='bbox 3523 1007 3549 1060; x_wconf 87' lang='lat' dir='ltr'><strong>J</strong></span> <span class='ocrx_word' id='word_1_130' title='bbox 3558 1020 3725 1061; x_wconf 89' lang='lat' dir='ltr'><strong>esum</strong></span> 
     </span>
    </p>
   </div>
   <div class='ocr_carea' id='block_1_21' title="bbox 2068 1090 3724 1167">
    <p class='ocr_par' dir='ltr' id='par_1_21' title="bbox 2068 1090 3724 1167">
     <span class='ocr_line' id='line_1_21' title="bbox 2068 1090 3724 1167; baseline 0.001 -19"><span class='ocrx_word' id='word_1_131' title='bbox 2068 1090 2368 1148; x_wconf 88' lang='lat' dir='ltr'><strong>Christum</strong></span> <span class='ocrx_word' id='word_1_132' title='bbox 2390 1107 2424 1148; x_wconf 91' lang='lat' dir='ltr'><strong>a</strong></span> <span class='ocrx_word' id='word_1_133' title='bbox 2451 1091 2617 1148; x_wconf 83' lang='lat' dir='ltr'><strong>vobis</strong></span> <span class='ocrx_word' id='word_1_134' title='bbox 2647 1092 2859 1162; x_wconf 89' lang='lat' dir='ltr'><strong>amari,</strong></span> <span class='ocrx_word' id='word_1_135' title='bbox 2881 1093 3095 1167; x_wconf 89' lang='lat' dir='ltr'><strong>cuique</strong></span> <span class='ocrx_word' id='word_1_136' title='bbox 3126 1094 3356 1150; x_wconf 88' lang='lat' dir='ltr'><strong>similes</strong></span> <span class='ocrx_word' id='word_1_137' title='bbox 3383 1112 3484 1151; x_wconf 88' lang='lat' dir='ltr'><strong>vos</strong></span> <span class='ocrx_word' id='word_1_138' title='bbox 3517 1111 3724 1151; x_wconf 90' lang='lat' dir='ltr'><strong>omnes</strong></span> 
     </span>
    </p>
   </div>
   <div class='ocr_carea' id='block_1_22' title="bbox 2068 1181 3725 1256">
    <p class='ocr_par' dir='ltr' id='par_1_22' title="bbox 2068 1181 3725 1256">
     <span class='ocr_line' id='line_1_22' title="bbox 2068 1181 3725 1256; baseline 0.002 -19"><span class='ocrx_word' id='word_1_139' title='bbox 2068 1181 2198 1237; x_wconf 83' lang='lat' dir='ltr'><strong>fieri</strong></span> <span class='ocrx_word' id='word_1_140' title='bbox 2228 1185 2389 1253; x_wconf 88' lang='lat' dir='ltr'><strong>opto.</strong></span> <span class='ocrx_word' id='word_1_141' title='bbox 2425 1182 2780 1239; x_wconf 85' lang='lat' dir='ltr'><strong>Benedictus</strong></span> <span class='ocrx_word' id='word_1_142' title='bbox 2811 1183 2992 1250; x_wconf 86' lang='lat' dir='ltr'><strong>enim,</strong></span> <span class='ocrx_word' id='word_1_143' title='bbox 3025 1183 3128 1255; x_wconf 88' lang='lat' dir='ltr'><strong>qui</strong></span> <span class='ocrx_word' id='word_1_144' title='bbox 3158 1184 3349 1256; x_wconf 87' lang='lat' dir='ltr'><strong>gratia</strong></span> <span class='ocrx_word' id='word_1_145' title='bbox 3368 1199 3477 1241; x_wconf 85' lang='lat' dir='ltr'><strong>sua</strong></span> <span class='ocrx_word' id='word_1_146' title='bbox 3503 1200 3603 1239; x_wconf 88' lang='lat' dir='ltr'><strong>vos</strong></span> <span class='ocrx_word' id='word_1_147' title='bbox 3637 1190 3725 1241; x_wconf 85' lang='lat' dir='ltr'><strong>ta-</strong></span> 
     </span>
    </p>
   </div>
   <div class='ocr_carea' id='block_1_23' title="bbox 2068 1270 3344 1346">
    <p class='ocr_par' dir='ltr' id='par_1_23' title="bbox 2068 1270 3344 1346">
     <span class='ocr_line' id='line_1_23' title="bbox 2068 1270 3344 1346; baseline 0.002 -21"><span class='ocrx_word' id='word_1_148' title='bbox 2068 1270 2184 1327; x_wconf 87' lang='lat' dir='ltr'><strong>lem</strong></span> <span class='ocrx_word' id='word_1_149' title='bbox 2220 1270 2563 1344; x_wconf 86' lang='lat' dir='ltr'><strong>episcopum</strong></span> <span class='ocrx_word' id='word_1_150' title='bbox 2593 1271 2899 1345; x_wconf 88' lang='lat' dir='ltr'><strong>possidere</strong></span> <span class='ocrx_word' id='word_1_151' title='bbox 2929 1273 3205 1346; x_wconf 86' lang='lat' dir='ltr'><strong>dignatus</strong></span> <span class='ocrx_word' id='word_1_152' title='bbox 3235 1278 3344 1329; x_wconf 86' lang='lat' dir='ltr'><strong>est.</strong></span> 
     </span>
    </p>
   </div>
   <div class='ocr_carea' id='block_1_24' title="bbox 561 1384 3469 1462">
    <p class='ocr_par' dir='ltr' id='par_1_24' title="bbox 561 1384 3469 1462">
     <span class='ocr_line' id='line_1_24' title="bbox 561 1384 3469 1462; baseline 0 -17"><span class='ocrx_word' id='word_1_153' title='bbox 561 1388 631 1446; x_wconf 87' lang='lat' dir='ltr'><strong>ll.</strong></span> <span class='ocrx_word' id='word_1_154' title='bbox 662 1391 805 1446; x_wconf 87' lang='lat' dir='ltr'><strong>Laus</strong></span> <span class='ocrx_word' id='word_1_155' title='bbox 822 1389 1165 1459; x_wconf 85' lang='lat' dir='ltr'><strong>reliquorum</strong></span> <span class='ocrx_word' id='word_1_156' title='bbox 1195 1388 1517 1459; x_wconf 80' lang='lat' dir='ltr'><strong>legatorum.</strong></span> <span class='ocrx_word' id='word_1_157' title='bbox 1550 1384 1882 1444; x_wconf 63' lang='lat' dir='ltr'><strong>Exhortatio</strong></span> <span class='ocrx_word' id='word_1_158' title='bbox 1914 1387 1987 1443; x_wconf 86' lang='lat' dir='ltr'><strong>ad</strong></span> <span class='ocrx_word' id='word_1_159' title='bbox 2034 1386 2404 1443; x_wconf 80' lang='lat' dir='ltr'><strong>obedientiam</strong></span> <span class='ocrx_word' id='word_1_160' title='bbox 2454 1393 2586 1458; x_wconf 79' lang='lat' dir='ltr'><strong>erga</strong></span> <span class='ocrx_word' id='word_1_161' title='bbox 2629 1390 2941 1462; x_wconf 80' lang='lat' dir='ltr'><strong>episcopum</strong></span> <span class='ocrx_word' id='word_1_162' title='bbox 2972 1395 3025 1445; x_wconf 85' lang='lat' dir='ltr'><strong>et</strong></span> <span class='ocrx_word' id='word_1_163' title='bbox 3050 1389 3469 1461; x_wconf 77' lang='lat' dir='ltr'><strong>presbyterium.</strong></span> 
     </span>
    </p>
   </div>
   <div class='ocr_carea' id='block_1_25' title="bbox 376 1492 1956 1572">
    <p class='ocr_par' dir='ltr' id='par_1_25' title="bbox 376 1492 1956 1572">
     <span class='ocr_line' id='line_1_25' title="bbox 376 1492 1956 1572; baseline -0.003 -19"><span class='ocrx_word' id='word_1_164' title='bbox 376 1501 489 1569; x_wconf 83' lang='grc'>(16)</span> <span class='ocrx_word' id='word_1_165' title='bbox 520 1496 651 1572; x_wconf 79' lang='grc' dir='ltr'>Περὶ</span> <span class='ocrx_word' id='word_1_166' title='bbox 682 1493 740 1552; x_wconf 77' lang='grc' dir='ltr'>δὲ</span> <span class='ocrx_word' id='word_1_167' title='bbox 775 1499 873 1551; x_wconf 87' lang='grc' dir='ltr'><strong>τοῦ</strong></span> <span class='ocrx_word' id='word_1_168' title='bbox 922 1492 1228 1550; x_wconf 79' lang='grc' dir='ltr'>συνδούλου</span> <span class='ocrx_word' id='word_1_169' title='bbox 1279 1515 1387 1569; x_wconf 91' lang='grc' dir='ltr'><strong>μου</strong></span> <span class='ocrx_word' id='word_1_170' title='bbox 1434 1493 1701 1571; x_wconf 79' lang='grc' dir='ltr'>Βούῤῥου,</span> <span class='ocrx_word' id='word_1_171' title='bbox 1729 1498 1828 1549; x_wconf 86' lang='grc' dir='ltr'><strong>τοῦ</strong></span> <span class='ocrx_word' id='word_1_172' title='bbox 1857 1514 1956 1549; x_wconf 85' lang='grc' dir='ltr'>κα-</span> 
     </span>
    </p>
   </div>
   <div class='ocr_carea' id='block_1_26' title="bbox 292 1580 1957 1661">
    <p class='ocr_par' dir='ltr' id='par_1_26' title="bbox 292 1580 1957 1661">
     <span class='ocr_line' id='line_1_26' title="bbox 292 1580 1957 1661; baseline -0.004 -17"><span class='ocrx_word' id='word_1_173' title='bbox 292 1590 374 1645; x_wconf 73' lang='grc' dir='ltr'>τὰ</span> <span class='ocrx_word' id='word_1_174' title='bbox 402 1587 531 1644; x_wconf 74' lang='grc' dir='ltr'>Θεὸν</span> <span class='ocrx_word' id='word_1_175' title='bbox 589 1584 841 1642; x_wconf 79' lang='grc' dir='ltr'>διακόνου</span> <span class='ocrx_word' id='word_1_176' title='bbox 901 1586 1054 1659; x_wconf 80' lang='grc' dir='ltr'>ὑμῶν</span> <span class='ocrx_word' id='word_1_177' title='bbox 1104 1583 1157 1641; x_wconf 78' lang='grc' dir='ltr'>ἐν</span> <span class='ocrx_word' id='word_1_178' title='bbox 1194 1590 1357 1641; x_wconf 77' lang='grc' dir='ltr'>πᾶσιν</span> <span class='ocrx_word' id='word_1_179' title='bbox 1414 1582 1812 1661; x_wconf 71' lang='grc' dir='ltr'>εὐλογημένου,</span> <span class='ocrx_word' id='word_1_180' title='bbox 1861 1580 1957 1639; x_wconf 74' lang='grc' dir='ltr'>εῦ-</span> 
     </span>
    </p>
   </div>
   <div class='ocr_carea' id='block_1_27' title="bbox 301 1672 1957 1754">
    <p class='ocr_par' dir='ltr' id='par_1_27' title="bbox 301 1672 1957 1754">
     <span class='ocr_line' id='line_1_27' title="bbox 301 1672 1957 1754; baseline -0.004 -21"><span class='ocrx_word' id='word_1_181' title='bbox 301 1698 484 1754; x_wconf 78' lang='grc' dir='ltr'>χομαι</span> <span class='ocrx_word' id='word_1_182' title='bbox 545 1680 877 1753; x_wconf 82' lang='grc' dir='ltr'>παραμεῖναι</span> <span class='ocrx_word' id='word_1_183' title='bbox 935 1674 1097 1730; x_wconf 73' lang='grc' dir='ltr'>αὕτὸν</span> <span class='ocrx_word' id='word_1_184' title='bbox 1158 1673 1235 1736; x_wconf 83' lang='grc' dir='ltr'>εἷς</span> <span class='ocrx_word' id='word_1_185' title='bbox 1289 1674 1458 1744; x_wconf 83' lang='grc' dir='ltr'>τιμήν</span> <span class='ocrx_word' id='word_1_186' title='bbox 1521 1673 1672 1746; x_wconf 82' lang='grc' dir='ltr'>ὑμῶν</span> <span class='ocrx_word' id='word_1_187' title='bbox 1721 1672 1813 1728; x_wconf 78' lang='grc' dir='ltr'><strong>καὶ</strong></span> <span class='ocrx_word' id='word_1_188' title='bbox 1860 1676 1957 1728; x_wconf 87' lang='grc' dir='ltr'><strong>τοῦ</strong></span> 
     </span>
    </p>
   </div>
   <div class='ocr_carea' id='block_1_28' title="bbox 2138 1499 3725 1570">
    <p class='ocr_par' dir='ltr' id='par_1_28' title="bbox 2138 1499 3725 1570">
     <span class='ocr_line' id='line_1_28' title="bbox 2138 1499 3725 1570; baseline 0.002 -17"><span class='ocrx_word' id='word_1_189' title='bbox 2138 1499 2220 1554; x_wconf 90' lang='lat' dir='ltr'><strong>De</strong></span> <span class='ocrx_word' id='word_1_190' title='bbox 2242 1513 2522 1554; x_wconf 87' lang='lat' dir='ltr'><strong>conservo</strong></span> <span class='ocrx_word' id='word_1_191' title='bbox 2543 1502 2744 1555; x_wconf 90' lang='lat' dir='ltr'><strong>autem</strong></span> <span class='ocrx_word' id='word_1_192' title='bbox 2763 1516 2897 1555; x_wconf 92' lang='lat' dir='ltr'><strong>meo</strong></span> <span class='ocrx_word' id='word_1_193' title='bbox 2918 1499 3164 1570; x_wconf 88' lang='lat' dir='ltr'><strong>Burrho,</strong></span> <span class='ocrx_word' id='word_1_194' title='bbox 3188 1499 3517 1558; x_wconf 89' lang='lat' dir='ltr'><strong>secundum</strong></span> <span class='ocrx_word' id='word_1_195' title='bbox 3540 1502 3725 1558; x_wconf 87' lang='lat' dir='ltr'><strong>Deum</strong></span> 
     </span>
    </p>
   </div>
   <div class='ocr_carea' id='block_1_29' title="bbox 2067 1585 3724 1659">
    <p class='ocr_par' dir='ltr' id='par_1_29' title="bbox 2067 1585 3724 1659">
     <span class='ocr_line' id='line_1_29' title="bbox 2067 1585 3724 1659; baseline 0.002 -16"><span class='ocrx_word' id='word_1_196' title='bbox 2067 1585 2315 1643; x_wconf 87' lang='lat' dir='ltr'><strong>diacono</strong></span> <span class='ocrx_word' id='word_1_197' title='bbox 2341 1591 2558 1655; x_wconf 84' lang='lat' dir='ltr'><strong>vestro,</strong></span> <span class='ocrx_word' id='word_1_198' title='bbox 2587 1587 2649 1644; x_wconf 91' lang='lat' dir='ltr'><strong>in</strong></span> <span class='ocrx_word' id='word_1_199' title='bbox 2671 1588 2950 1644; x_wconf 90' lang='lat' dir='ltr'><strong>omnibus</strong></span> <span class='ocrx_word' id='word_1_200' title='bbox 2970 1587 3308 1646; x_wconf 88' lang='lat' dir='ltr'><strong>benedicto.</strong></span> <span class='ocrx_word' id='word_1_201' title='bbox 3332 1606 3459 1659; x_wconf 90' lang='lat' dir='ltr'><strong>oro,</strong></span> <span class='ocrx_word' id='word_1_202' title='bbox 3484 1595 3549 1646; x_wconf 89' lang='lat' dir='ltr'><strong>ut</strong></span> <span class='ocrx_word' id='word_1_203' title='bbox 3568 1608 3724 1647; x_wconf 85' lang='lat' dir='ltr'><strong>sem-</strong></span> 
     </span>
    </p>
   </div>
   <div class='ocr_carea' id='block_1_30' title="bbox 2067 1678 3725 1751">
    <p class='ocr_par' dir='ltr' id='par_1_30' title="bbox 2067 1678 3725 1751">
     <span class='ocr_line' id='line_1_30' title="bbox 2067 1678 3725 1751; baseline 0.002 -17"><span class='ocrx_word' id='word_1_204' title='bbox 2067 1694 2174 1750; x_wconf 86' lang='lat' dir='ltr'><strong>per</strong></span> <span class='ocrx_word' id='word_1_205' title='bbox 2202 1678 2367 1735; x_wconf 89' lang='lat' dir='ltr'><strong>vobis</strong></span> <span class='ocrx_word' id='word_1_206' title='bbox 2396 1684 2456 1734; x_wconf 91' lang='lat' dir='ltr'><strong>et</strong></span> <span class='ocrx_word' id='word_1_207' title='bbox 2483 1679 2759 1751; x_wconf 89' lang='lat' dir='ltr'><strong>episcopo</strong></span> <span class='ocrx_word' id='word_1_208' title='bbox 2792 1679 2871 1734; x_wconf 89' lang='lat' dir='ltr'><strong>sit</strong></span> <span class='ocrx_word' id='word_1_209' title='bbox 2897 1678 3129 1737; x_wconf 89' lang='lat' dir='ltr'><strong>honori.</strong></span> <span class='ocrx_word' id='word_1_210' title='bbox 3162 1679 3278 1737; x_wconf 88' lang='lat' dir='ltr'><strong>Sed</strong></span> <span class='ocrx_word' id='word_1_211' title='bbox 3308 1685 3368 1736; x_wconf 94' lang='lat' dir='ltr'><strong>et</strong></span> <span class='ocrx_word' id='word_1_212' title='bbox 3394 1682 3633 1750; x_wconf 90' lang='lat' dir='ltr'><strong>Crocus,</strong></span> <span class='ocrx_word' id='word_1_213' title='bbox 3666 1686 3725 1738; x_wconf 91' lang='lat' dir='ltr'><strong>et</strong></span> 
     </span>
    </p>
   </div>
   <div class='ocr_carea' id='block_1_31' title="bbox 298 1761 1963 1842">
    <p class='ocr_par' dir='ltr' id='par_1_31' title="bbox 298 1761 1961 1837">
     <span class='ocr_line' id='line_1_31' title="bbox 298 1761 1961 1837; baseline -0.002 -14"><span class='ocrx_word' id='word_1_214' title='bbox 298 1765 626 1825; x_wconf 74' lang='grc' dir='ltr'>ἐπισκόπου.</span> <span class='ocrx_word' id='word_1_215' title='bbox 687 1765 791 1822; x_wconf 79' lang='grc' dir='ltr'>Καὶ</span> <span class='ocrx_word' id='word_1_216' title='bbox 850 1763 1056 1837; x_wconf 84' lang='grc' dir='ltr'>Κρόκος</span> <span class='ocrx_word' id='word_1_217' title='bbox 1085 1761 1164 1831; x_wconf 77' lang='grc' dir='ltr'>δὲ,</span> <span class='ocrx_word' id='word_1_218' title='bbox 1196 1764 1225 1818; x_wconf 85' lang='grc' dir='ltr'>ὁ</span> <span class='ocrx_word' id='word_1_219' title='bbox 1255 1767 1390 1819; x_wconf 82' lang='grc' dir='ltr'>Θεοῦ</span> <span class='ocrx_word' id='word_1_220' title='bbox 1447 1762 1594 1835; x_wconf 81' lang='grc' dir='ltr'>ἄξιος</span> <span class='ocrx_word' id='word_1_221' title='bbox 1651 1762 1742 1818; x_wconf 89' lang='grc' dir='ltr'><strong>καὶ</strong></span> <span class='ocrx_word' id='word_1_222' title='bbox 1785 1762 1961 1837; x_wconf 82' lang='grc' dir='ltr'>ὑμῶν,</span> 
     </span>
    </p>
   </div>
   <div class='ocr_carea' id='block_1_32' title="bbox 2081 1761 3722 1842">
    <p class='ocr_par' dir='ltr' id='par_1_32' title="bbox 2081 1769 3722 1842">
     <span class='ocr_line' id='line_1_32' title="bbox 2081 1769 3722 1842; baseline 0.001 -17"><span class='ocrx_word' id='word_1_223' title='bbox 2081 1771 2188 1825; x_wconf 91' lang='lat' dir='ltr'><strong>Deo</strong></span> <span class='ocrx_word' id='word_1_224' title='bbox 2219 1775 2280 1826; x_wconf 91' lang='lat' dir='ltr'><strong>et</strong></span> <span class='ocrx_word' id='word_1_225' title='bbox 2307 1769 2470 1825; x_wconf 90' lang='lat' dir='ltr'><strong>vobis</strong></span> <span class='ocrx_word' id='word_1_226' title='bbox 2499 1769 2733 1842; x_wconf 82' lang='lat' dir='ltr'><strong>dignus,</strong></span> <span class='ocrx_word' id='word_1_227' title='bbox 2760 1785 2939 1840; x_wconf 88' lang='lat' dir='ltr'><strong>quem</strong></span> <span class='ocrx_word' id='word_1_228' title='bbox 2970 1770 3276 1842; x_wconf 81' lang='lat' dir='ltr'><strong>exemplar</strong></span> <span class='ocrx_word' id='word_1_229' title='bbox 3296 1777 3504 1827; x_wconf 81' lang='lat' dir='ltr'><strong>vestrae</strong></span> <span class='ocrx_word' id='word_1_230' title='bbox 3526 1772 3722 1827; x_wconf 86' lang='lat' dir='ltr'><strong>chari-</strong></span> 
     </span>
    </p>
   </div>
   <div class='ocr_carea' id='block_1_33' title="bbox 297 1847 1959 1932">
    <p class='ocr_par' dir='ltr' id='par_1_33' title="bbox 297 1847 1959 1932">
     <span class='ocr_line' id='line_1_33' title="bbox 297 1847 1959 1932; baseline -0.002 -19"><span class='ocrx_word' id='word_1_231' title='bbox 297 1857 365 1913; x_wconf 77' lang='grc' dir='ltr'><strong>ὅν</strong></span> <span class='ocrx_word' id='word_1_232' title='bbox 394 1855 755 1932; x_wconf 79' lang='grc' dir='ltr'>ἐξεμπλάριον</span> <span class='ocrx_word' id='word_1_233' title='bbox 799 1860 900 1925; x_wconf 78' lang='grc' dir='ltr'><strong>τῆς</strong></span> <span class='ocrx_word' id='word_1_234' title='bbox 950 1854 1041 1931; x_wconf 75' lang='grc' dir='ltr'>ἀφ’</span> <span class='ocrx_word' id='word_1_235' title='bbox 1099 1854 1250 1927; x_wconf 81' lang='grc' dir='ltr'>ὑμῶν</span> <span class='ocrx_word' id='word_1_236' title='bbox 1284 1853 1498 1929; x_wconf 82' lang='grc' dir='ltr'>ἀγάπης</span> <span class='ocrx_word' id='word_1_237' title='bbox 1529 1847 1829 1921; x_wconf 75' lang='grc' dir='ltr'>ἀπέλαϐον,</span> <span class='ocrx_word' id='word_1_238' title='bbox 1861 1874 1959 1909; x_wconf 65' lang='grc' dir='ltr'>κει-</span> 
     </span>
    </p>
   </div>
   <div class='ocr_carea' id='block_1_34' title="bbox 295 1940 1957 2020">
    <p class='ocr_par' dir='ltr' id='par_1_34' title="bbox 295 1940 1957 2020">
     <span class='ocr_line' id='line_1_34' title="bbox 295 1940 1957 2020; baseline -0.005 -15"><span class='ocrx_word' id='word_1_239' title='bbox 295 1949 373 2005; x_wconf 80' lang='grc' dir='ltr'><strong>τά</strong></span> <span class='ocrx_word' id='word_1_240' title='bbox 405 1948 577 2003; x_wconf 80' lang='grc' dir='ltr'>πάντα</span> <span class='ocrx_word' id='word_1_241' title='bbox 609 1967 676 2020; x_wconf 84' lang='grc' dir='ltr'><strong>με</strong></span> <span class='ocrx_word' id='word_1_242' title='bbox 733 1948 845 2020; x_wconf 81' lang='grc'>(17)</span> <span class='ocrx_word' id='word_1_243' title='bbox 897 1940 1208 2011; x_wconf 81' lang='grc' dir='ltr'>ἀνὲπαυσεν,</span> <span class='ocrx_word' id='word_1_244' title='bbox 1268 1944 1344 2008; x_wconf 86' lang='grc' dir='ltr'><strong>ὡς</strong></span> <span class='ocrx_word' id='word_1_245' title='bbox 1398 1941 1487 1998; x_wconf 82' lang='grc' dir='ltr'><strong>καὶ</strong></span> <span class='ocrx_word' id='word_1_246' title='bbox 1518 1942 1678 1998; x_wconf 82' lang='grc' dir='ltr'>αὐτὸν</span> <span class='ocrx_word' id='word_1_247' title='bbox 1706 1943 1735 1997; x_wconf 85' lang='grc' dir='ltr'>ὁ</span> <span class='ocrx_word' id='word_1_248' title='bbox 1768 1944 1957 2018; x_wconf 81' lang='grc' dir='ltr'>Ηατήρ</span> 
     </span>
    </p>
   </div>
   <div class='ocr_carea' id='block_1_35' title="bbox 298 2031 1952 2111">
    <p class='ocr_par' dir='ltr' id='par_1_35' title="bbox 298 2031 1952 2111">
     <span class='ocr_line' id='line_1_35' title="bbox 298 2031 1952 2111; baseline -0.004 -17"><span class='ocrx_word' id='word_1_249' title='bbox 298 2040 492 2108; x_wconf 77' lang='grc' dir='ltr'>Ἰησοῦ</span> <span class='ocrx_word' id='word_1_250' title='bbox 549 2037 789 2111; x_wconf 75' lang='grc' dir='ltr'>Χριστοῦ</span> <span class='ocrx_word' id='word_1_251' title='bbox 845 2036 958 2108; x_wconf 88' lang='grc'>(18)</span> <span class='ocrx_word' id='word_1_252' title='bbox 1014 2032 1300 2107; x_wconf 75' lang='grc' dir='ltr'>ἀνάψυξαι,</span> <span class='ocrx_word' id='word_1_253' title='bbox 1360 2033 1473 2107; x_wconf 77' lang='grc' dir='ltr'><strong>ἅμα</strong></span> <span class='ocrx_word' id='word_1_254' title='bbox 1530 2031 1809 2106; x_wconf 72' lang='grc' dir='ltr'>Ὀνησίμῳ</span> <span class='ocrx_word' id='word_1_255' title='bbox 1864 2033 1952 2088; x_wconf 75' lang='grc' dir='ltr'><strong>καὶ</strong></span> 
     </span>
    </p>
   </div>
   <div class='ocr_carea' id='block_1_36' title="bbox 300 2119 1955 2203">
    <p class='ocr_par' dir='ltr' id='par_1_36' title="bbox 300 2119 1955 2203">
     <span class='ocr_line' id='line_1_36' title="bbox 300 2119 1955 2203; baseline -0.003 -21"><span class='ocrx_word' id='word_1_256' title='bbox 300 2124 532 2203; x_wconf 70' lang='grc' dir='ltr'><strong>Βούῤῥῳ</strong></span> <span class='ocrx_word' id='word_1_257' title='bbox 588 2119 932 2196; x_wconf 8' lang='grc' dir='ltr'>κάὶὶΕῧπλῳ</span> <span class='ocrx_word' id='word_1_258' title='bbox 986 2122 1077 2178; x_wconf 77' lang='grc' dir='ltr'>καὶ</span> <span class='ocrx_word' id='word_1_259' title='bbox 1135 2121 1433 2197; x_wconf 79' lang='grc' dir='ltr'>Φρόντωνι,</span> <span class='ocrx_word' id='word_1_260' title='bbox 1493 2119 1564 2176; x_wconf 86' lang='grc' dir='ltr'>δι’</span> <span class='ocrx_word' id='word_1_261' title='bbox 1619 2122 1694 2176; x_wconf 86' lang='grc' dir='ltr'>ὧν</span> <span class='ocrx_word' id='word_1_262' title='bbox 1752 2122 1955 2185; x_wconf 81' lang='grc' dir='ltr'>πάντας</span> 
     </span>
    </p>
   </div>
   <div class='ocr_carea' id='block_1_37' title="bbox 304 2209 1957 2291">
    <p class='ocr_par' dir='ltr' id='par_1_37' title="bbox 304 2209 1957 2291">
     <span class='ocr_line' id='line_1_37' title="bbox 304 2209 1957 2291; baseline -0.004 -19"><span class='ocrx_word' id='word_1_263' title='bbox 304 2218 454 2291; x_wconf 76' lang='grc' dir='ltr'>ὑμᾶς</span> <span class='ocrx_word' id='word_1_264' title='bbox 503 2214 638 2271; x_wconf 65' lang='grc' dir='ltr'>κατᾶ</span> <span class='ocrx_word' id='word_1_265' title='bbox 693 2213 909 2287; x_wconf 77' lang='grc' dir='ltr'>ἀγάπην</span> <span class='ocrx_word' id='word_1_266' title='bbox 969 2209 1130 2268; x_wconf 81' lang='grc' dir='ltr'>εἶδον.</span> <span class='ocrx_word' id='word_1_267' title='bbox 1188 2212 1303 2286; x_wconf 86' lang='grc'>(19)</span> <span class='ocrx_word' id='word_1_268' title='bbox 1354 2212 1623 2282; x_wconf 80' lang='grc' dir='ltr'>Ὀναῐμην</span> <span class='ocrx_word' id='word_1_269' title='bbox 1677 2211 1830 2284; x_wconf 80' lang='grc' dir='ltr'>ὑμῶν</span> <span class='ocrx_word' id='word_1_270' title='bbox 1869 2209 1957 2266; x_wconf 84' lang='grc' dir='ltr'><strong>διὰ</strong></span> 
     </span>
    </p>
   </div>
   <div class='ocr_carea' id='block_1_38' title="bbox 296 2299 1957 2379">
    <p class='ocr_par' dir='ltr' id='par_1_38' title="bbox 296 2299 1957 2379">
     <span class='ocr_line' id='line_1_38' title="bbox 296 2299 1957 2379; baseline -0.004 -16"><span class='ocrx_word' id='word_1_271' title='bbox 296 2307 524 2374; x_wconf 81' lang='grc' dir='ltr'>παντὸς,</span> <span class='ocrx_word' id='word_1_272' title='bbox 554 2304 748 2379; x_wconf 76' lang='grc' dir='ltr'>ἐάνπερ</span> <span class='ocrx_word' id='word_1_273' title='bbox 777 2300 925 2375; x_wconf 77' lang='grc' dir='ltr'>ἄξιος</span> <span class='ocrx_word' id='word_1_274' title='bbox 981 2302 1049 2359; x_wconf 82' lang='grc' dir='ltr'><strong>ὦ.</strong></span> <span class='ocrx_word' id='word_1_275' title='bbox 1101 2300 1312 2375; x_wconf 75' lang='grc' dir='ltr'>Πρὲπον</span> <span class='ocrx_word' id='word_1_276' title='bbox 1363 2299 1456 2355; x_wconf 78' lang='grc' dir='ltr'>οὖν</span> <span class='ocrx_word' id='word_1_277' title='bbox 1488 2299 1621 2369; x_wconf 79' lang='grc' dir='ltr'>ἐστι,</span> <span class='ocrx_word' id='word_1_278' title='bbox 1653 2301 1790 2356; x_wconf 80' lang='grc' dir='ltr'>κατά</span> <span class='ocrx_word' id='word_1_279' title='bbox 1818 2300 1957 2357; x_wconf 80' lang='grc' dir='ltr'>πάν-</span> 
     </span>
    </p>
   </div>
   <div class='ocr_carea' id='block_1_39' title="bbox 296 2386 1960 2470">
    <p class='ocr_par' dir='ltr' id='par_1_39' title="bbox 296 2386 1960 2470">
     <span class='ocr_line' id='line_1_39' title="bbox 296 2386 1960 2470; baseline -0.005 -17"><span class='ocrx_word' id='word_1_280' title='bbox 296 2418 376 2454; x_wconf 82' lang='grc' dir='ltr'><strong>τα</strong></span> <span class='ocrx_word' id='word_1_281' title='bbox 408 2396 615 2470; x_wconf 83' lang='grc' dir='ltr'>τρόπον</span> <span class='ocrx_word' id='word_1_282' title='bbox 671 2390 910 2463; x_wconf 78' lang='grc' dir='ltr'>δοξάζειν</span> <span class='ocrx_word' id='word_1_283' title='bbox 971 2392 1181 2461; x_wconf 82' lang='grc' dir='ltr'>Ἰησοῦν</span> <span class='ocrx_word' id='word_1_284' title='bbox 1231 2390 1457 2467; x_wconf 82' lang='grc' dir='ltr'>Χριστὸν</span> <span class='ocrx_word' id='word_1_285' title='bbox 1515 2389 1607 2445; x_wconf 86' lang='grc' dir='ltr'>τὸν</span> <span class='ocrx_word' id='word_1_286' title='bbox 1664 2386 1960 2459; x_wconf 74' lang='grc' dir='ltr'>δοξᾶσάντα</span> 
     </span>
    </p>
   </div>
   <div class='ocr_carea' id='block_1_40' title="bbox 297 2476 1960 2558">
    <p class='ocr_par' dir='ltr' id='par_1_40' title="bbox 297 2476 1960 2558">
     <span class='ocr_line' id='line_1_40' title="bbox 297 2476 1960 2558; baseline -0.004 -17"><span class='ocrx_word' id='word_1_287' title='bbox 297 2480 583 2558; x_wconf 76' lang='grc' dir='ltr'>ὑμᾶς,¹ῐνα</span> <span class='ocrx_word' id='word_1_288' title='bbox 610 2481 665 2537; x_wconf 81' lang='grc' dir='ltr'>ἐν</span> <span class='ocrx_word' id='word_1_289' title='bbox 699 2485 799 2555; x_wconf 84' lang='grc' dir='ltr'><strong>μιᾷ</strong></span> <span class='ocrx_word' id='word_1_290' title='bbox 830 2481 1078 2557; x_wconf 79' lang='grc' dir='ltr'>ὑποταγῇ</span> <span class='ocrx_word' id='word_1_291' title='bbox 1109 2479 1210 2549; x_wconf 77' lang='grc' dir='ltr'>ἦτε</span> <span class='ocrx_word' id='word_1_292' title='bbox 1252 2476 1674 2555; x_wconf 76' lang='grc' dir='ltr'>κατηρτισμένοι</span> <span class='ocrx_word' id='word_1_293' title='bbox 1723 2479 1833 2552; x_wconf 74' lang='lat'><strong>(20)</strong></span> <span class='ocrx_word' id='word_1_294' title='bbox 1879 2482 1960 2552; x_wconf 74' lang='grc' dir='ltr'>τῷ</span> 
     </span>
    </p>
   </div>
   <div class='ocr_carea' id='block_1_41' title="bbox 291 2564 1960 2649">
    <p class='ocr_par' dir='ltr' id='par_1_41' title="bbox 291 2564 1960 2649">
     <span class='ocr_line' id='line_1_41' title="bbox 291 2564 1960 2649; baseline -0.005 -17"><span class='ocrx_word' id='word_1_295' title='bbox 291 2576 454 2649; x_wconf 80' lang='grc' dir='ltr'>αὐτῷ</span> <span class='ocrx_word' id='word_1_296' title='bbox 480 2572 568 2629; x_wconf 77' lang='grc' dir='ltr'><strong>νοΐ</strong></span> <span class='ocrx_word' id='word_1_297' title='bbox 594 2573 685 2628; x_wconf 76' lang='grc' dir='ltr'><strong>καὶ</strong></span> <span class='ocrx_word' id='word_1_298' title='bbox 742 2574 811 2646; x_wconf 81' lang='grc' dir='ltr'><strong>τῇ</strong></span> <span class='ocrx_word' id='word_1_299' title='bbox 868 2570 1009 2644; x_wconf 76' lang='grc' dir='ltr'><strong>αὖτῇ</strong></span> <span class='ocrx_word' id='word_1_300' title='bbox 1070 2570 1286 2647; x_wconf 77' lang='grc' dir='ltr'>γνώμῃ,</span> <span class='ocrx_word' id='word_1_301' title='bbox 1346 2569 1439 2626; x_wconf 81' lang='grc' dir='ltr'>καὶ</span> <span class='ocrx_word' id='word_1_302' title='bbox 1485 2571 1548 2625; x_wconf 90' lang='grc' dir='ltr'>τὸ</span> <span class='ocrx_word' id='word_1_303' title='bbox 1600 2568 1731 2626; x_wconf 67' lang='grc' dir='ltr'>αὐτὸ</span> <span class='ocrx_word' id='word_1_304' title='bbox 1764 2564 1960 2646; x_wconf 70' lang='grc' dir='ltr'>λέγητε</span> 
     </span>
    </p>
   </div>
   <div class='ocr_carea' id='block_1_42' title="bbox 291 2659 1960 2738">
    <p class='ocr_par' dir='ltr' id='par_1_42' title="bbox 291 2659 1960 2738">
     <span class='ocr_line' id='line_1_42' title="bbox 291 2659 1960 2738; baseline -0.005 -16"><span class='ocrx_word' id='word_1_305' title='bbox 291 2666 503 2727; x_wconf 76' lang='grc' dir='ltr'>πάντες</span> <span class='ocrx_word' id='word_1_306' title='bbox 531 2662 655 2738; x_wconf 83' lang='grc' dir='ltr'>περὶ</span> <span class='ocrx_word' id='word_1_307' title='bbox 704 2665 804 2717; x_wconf 89' lang='grc' dir='ltr'><strong>τοῦ</strong></span> <span class='ocrx_word' id='word_1_308' title='bbox 860 2659 1048 2731; x_wconf 74' lang='grc' dir='ltr'>αὐτοῦ,</span> <span class='ocrx_word' id='word_1_309' title='bbox 1102 2659 1190 2714; x_wconf 82' lang='grc' dir='ltr'><strong>ἳνα</strong></span> <span class='ocrx_word' id='word_1_310' title='bbox 1243 2660 1356 2734; x_wconf 81' lang='grc'>(21)</span> <span class='ocrx_word' id='word_1_311' title='bbox 1419 2659 1849 2732; x_wconf 82' lang='grc' dir='ltr'>ὑποτασσόμενοι</span> <span class='ocrx_word' id='word_1_312' title='bbox 1880 2663 1960 2733; x_wconf 75' lang='grc' dir='ltr'>τῷ</span> 
     </span>
    </p>
   </div>
   <div class='ocr_carea' id='block_1_43' title="bbox 294 2743 1960 2827">
    <p class='ocr_par' dir='ltr' id='par_1_43' title="bbox 294 2743 1960 2827">
     <span class='ocr_line' id='line_1_43' title="bbox 294 2743 1960 2827; baseline -0.004 -16"><span class='ocrx_word' id='word_1_313' title='bbox 294 2754 591 2827; x_wconf 72' lang='grc' dir='ltr'>ἒπισκὸπῳ</span> <span class='ocrx_word' id='word_1_314' title='bbox 637 2751 725 2807; x_wconf 82' lang='grc' dir='ltr'><strong>καὶ</strong></span> <span class='ocrx_word' id='word_1_315' title='bbox 774 2753 856 2824; x_wconf 77' lang='grc' dir='ltr'><strong>τῷ</strong></span> <span class='ocrx_word' id='word_1_316' title='bbox 884 2743 1257 2825; x_wconf 76' lang='grc' dir='ltr'>πρεσϐυτερίῳ</span> <span class='ocrx_word' id='word_1_317' title='bbox 1313 2746 1448 2803; x_wconf 69' lang='grc' dir='ltr'><strong>κατά</strong></span> <span class='ocrx_word' id='word_1_318' title='bbox 1476 2748 1648 2805; x_wconf 86' lang='grc' dir='ltr'>πάντα</span> <span class='ocrx_word' id='word_1_319' title='bbox 1680 2749 1778 2820; x_wconf 78' lang='grc' dir='ltr'>ἦτε</span> <span class='ocrx_word' id='word_1_320' title='bbox 1805 2749 1960 2823; x_wconf 72' lang='grc' dir='ltr'>ἡγια-</span> 
     </span>
    </p>
   </div>
   <div class='ocr_carea' id='block_1_44' title="bbox 297 2864 520 2918">
    <p class='ocr_par' dir='ltr' id='par_1_44' title="bbox 297 2864 520 2918">
     <span class='ocr_line' id='line_1_44' title="bbox 297 2864 520 2918; baseline 0.004 -19"><span class='ocrx_word' id='word_1_321' title='bbox 297 2864 520 2918; x_wconf 84' lang='grc' dir='ltr'>σμενοι.</span> 
     </span>
    </p>
   </div>
   <div class='ocr_carea' id='block_1_45' title="bbox 2067 1858 3720 1931">
    <p class='ocr_par' dir='ltr' id='par_1_45' title="bbox 2067 1858 3720 1931">
     <span class='ocr_line' id='line_1_45' title="bbox 2067 1858 3720 1931; baseline 0 -17"><span class='ocrx_word' id='word_1_322' title='bbox 2067 1859 2204 1915; x_wconf 89' lang='lat' dir='ltr'><strong>tatis</strong></span> <span class='ocrx_word' id='word_1_323' title='bbox 2236 1859 2464 1931; x_wconf 82' lang='lat' dir='ltr'><strong>accepi,</strong></span> <span class='ocrx_word' id='word_1_324' title='bbox 2493 1874 2600 1931; x_wconf 90' lang='lat' dir='ltr'><strong>per</strong></span> <span class='ocrx_word' id='word_1_325' title='bbox 2629 1858 2834 1915; x_wconf 86' lang='lat' dir='ltr'><strong>omnia</strong></span> <span class='ocrx_word' id='word_1_326' title='bbox 2862 1875 2958 1915; x_wconf 91' lang='lat' dir='ltr'><strong>me</strong></span> <span class='ocrx_word' id='word_1_327' title='bbox 2988 1860 3297 1927; x_wconf 87' lang='lat' dir='ltr'><strong>recreavit,</strong></span> <span class='ocrx_word' id='word_1_328' title='bbox 3330 1860 3627 1931; x_wconf 88' lang='lat' dir='ltr'><strong>quomodo</strong></span> <span class='ocrx_word' id='word_1_329' title='bbox 3660 1866 3720 1916; x_wconf 90' lang='lat' dir='ltr'><strong>et</strong></span> 
     </span>
    </p>
   </div>
   <div class='ocr_carea' id='block_1_46' title="bbox 2066 1948 3718 2021">
    <p class='ocr_par' dir='ltr' id='par_1_46' title="bbox 2066 1948 3718 2021">
     <span class='ocr_line' id='line_1_46' title="bbox 2066 1948 3718 2021; baseline 0 -16"><span class='ocrx_word' id='word_1_330' title='bbox 2066 1950 2264 2021; x_wconf 86' lang='lat' dir='ltr'><strong>ipsum</strong></span> <span class='ocrx_word' id='word_1_331' title='bbox 2293 1948 2603 2021; x_wconf 82' lang='lat' dir='ltr'><strong>refrigeret</strong></span> <span class='ocrx_word' id='word_1_332' title='bbox 2621 1950 2797 2005; x_wconf 89' lang='lat' dir='ltr'><strong>Pater</strong></span> <span class='ocrx_word' id='word_1_333' title='bbox 2822 1949 2959 2005; x_wconf 80' lang='lat' dir='ltr'><strong>Jesu</strong></span> <span class='ocrx_word' id='word_1_334' title='bbox 2988 1949 3226 2020; x_wconf 83' lang='lat' dir='ltr'><strong>Christi,</strong></span> <span class='ocrx_word' id='word_1_335' title='bbox 3248 1966 3370 2007; x_wconf 90' lang='lat' dir='ltr'><strong>una</strong></span> <span class='ocrx_word' id='word_1_336' title='bbox 3399 1966 3534 2006; x_wconf 90' lang='lat' dir='ltr'><strong>cum</strong></span> <span class='ocrx_word' id='word_1_337' title='bbox 3566 1952 3718 2006; x_wconf 88' lang='lat' dir='ltr'><strong>One-</strong></span> 
     </span>
    </p>
   </div>
   <div class='ocr_carea' id='block_1_47' title="bbox 2067 2039 3720 2112">
    <p class='ocr_par' dir='ltr' id='par_1_47' title="bbox 2067 2039 3720 2112">
     <span class='ocr_line' id='line_1_47' title="bbox 2067 2039 3720 2112; baseline -0.001 -17"><span class='ocrx_word' id='word_1_338' title='bbox 2067 2040 2218 2096; x_wconf 90' lang='lat' dir='ltr'><strong>simo</strong></span> <span class='ocrx_word' id='word_1_339' title='bbox 2249 2044 2306 2095; x_wconf 89' lang='lat' dir='ltr'><strong>et</strong></span> <span class='ocrx_word' id='word_1_340' title='bbox 2336 2039 2563 2095; x_wconf 90' lang='lat' dir='ltr'><strong>Burrho</strong></span> <span class='ocrx_word' id='word_1_341' title='bbox 2585 2043 2645 2094; x_wconf 90' lang='lat' dir='ltr'><strong>et</strong></span> <span class='ocrx_word' id='word_1_342' title='bbox 2666 2039 2848 2111; x_wconf 87' lang='lat' dir='ltr'><strong>Euplo</strong></span> <span class='ocrx_word' id='word_1_343' title='bbox 2881 2044 2939 2094; x_wconf 87' lang='lat' dir='ltr'><strong>et</strong></span> <span class='ocrx_word' id='word_1_344' title='bbox 2966 2039 3284 2109; x_wconf 89' lang='lat' dir='ltr'><strong>Frontone,</strong></span> <span class='ocrx_word' id='word_1_345' title='bbox 3306 2056 3413 2112; x_wconf 91' lang='lat' dir='ltr'><strong>per</strong></span> <span class='ocrx_word' id='word_1_346' title='bbox 3441 2057 3589 2111; x_wconf 89' lang='lat' dir='ltr'><strong>quos</strong></span> <span class='ocrx_word' id='word_1_347' title='bbox 3620 2056 3720 2095; x_wconf 89' lang='lat' dir='ltr'><strong>vos</strong></span> 
     </span>
    </p>
   </div>
   <div class='ocr_carea' id='block_1_48' title="bbox 2067 2128 3720 2201">
    <p class='ocr_par' dir='ltr' id='par_1_48' title="bbox 2067 2128 3720 2201">
     <span class='ocr_line' id='line_1_48' title="bbox 2067 2128 3720 2201; baseline -0.001 -15"><span class='ocrx_word' id='word_1_348' title='bbox 2067 2146 2279 2186; x_wconf 89' lang='lat' dir='ltr'><strong>omnes</strong></span> <span class='ocrx_word' id='word_1_349' title='bbox 2296 2128 2495 2200; x_wconf 89' lang='lat' dir='ltr'><strong>quoad</strong></span> <span class='ocrx_word' id='word_1_350' title='bbox 2515 2128 2868 2186; x_wconf 88' lang='lat' dir='ltr'><strong>charitatem</strong></span> <span class='ocrx_word' id='word_1_351' title='bbox 2885 2128 3212 2185; x_wconf 87' lang='lat' dir='ltr'><strong>vidi.Fruar</strong></span> <span class='ocrx_word' id='word_1_352' title='bbox 3230 2129 3395 2186; x_wconf 90' lang='lat' dir='ltr'><strong>vobis</strong></span> <span class='ocrx_word' id='word_1_353' title='bbox 3412 2135 3720 2201; x_wconf 87' lang='lat' dir='ltr'><strong>perpetuo,</strong></span> 
     </span>
    </p>
   </div>
   <div class='ocr_carea' id='block_1_49' title="bbox 2067 2218 3722 2293">
    <p class='ocr_par' dir='ltr' id='par_1_49' title="bbox 2067 2218 3722 2293">
     <span class='ocr_line' id='line_1_49' title="bbox 2067 2218 3722 2293; baseline 0.001 -20"><span class='ocrx_word' id='word_1_354' title='bbox 2067 2219 2115 2273; x_wconf 91' lang='lat' dir='ltr'><strong>si</strong></span> <span class='ocrx_word' id='word_1_355' title='bbox 2148 2218 2361 2293; x_wconf 89' lang='lat' dir='ltr'><strong>dignus</strong></span> <span class='ocrx_word' id='word_1_356' title='bbox 2390 2218 2579 2275; x_wconf 78' lang='lat' dir='ltr'><strong>fuero.</strong></span> <span class='ocrx_word' id='word_1_357' title='bbox 2612 2219 2791 2275; x_wconf 87' lang='lat' dir='ltr'><strong>Decet</strong></span> <span class='ocrx_word' id='word_1_358' title='bbox 2837 2218 3039 2290; x_wconf 86' lang='lat' dir='ltr'><strong>itaque</strong></span> <span class='ocrx_word' id='word_1_359' title='bbox 3076 2236 3179 2275; x_wconf 89' lang='lat' dir='ltr'><strong>vos</strong></span> <span class='ocrx_word' id='word_1_360' title='bbox 3221 2220 3495 2275; x_wconf 86' lang='lat' dir='ltr'><strong>omnibus</strong></span> <span class='ocrx_word' id='word_1_361' title='bbox 3526 2218 3722 2275; x_wconf 85' lang='lat' dir='ltr'><strong>modis</strong></span> 
     </span>
    </p>
   </div>
   <div class='ocr_carea' id='block_1_50' title="bbox 2066 2307 3721 2383">
    <p class='ocr_par' dir='ltr' id='par_1_50' title="bbox 2066 2307 3721 2383">
     <span class='ocr_line' id='line_1_50' title="bbox 2066 2307 3721 2383; baseline 0.001 -20"><span class='ocrx_word' id='word_1_362' title='bbox 2066 2307 2394 2380; x_wconf 84' lang='lat' dir='ltr'><strong>gloriﬁcare</strong></span> <span class='ocrx_word' id='word_1_363' title='bbox 2418 2309 2617 2364; x_wconf 85' lang='lat' dir='ltr'><strong>Jesum</strong></span> <span class='ocrx_word' id='word_1_364' title='bbox 2647 2308 2965 2379; x_wconf 85' lang='lat' dir='ltr'><strong>Christum,</strong></span> <span class='ocrx_word' id='word_1_365' title='bbox 2998 2309 3102 2381; x_wconf 92' lang='lat' dir='ltr'><strong>qui</strong></span> <span class='ocrx_word' id='word_1_366' title='bbox 3130 2309 3482 2383; x_wconf 75' lang='lat' dir='ltr'><strong>glorificavit</strong></span> <span class='ocrx_word' id='word_1_367' title='bbox 3511 2327 3631 2379; x_wconf 89' lang='lat' dir='ltr'><strong>vos,</strong></span> <span class='ocrx_word' id='word_1_368' title='bbox 3655 2314 3721 2366; x_wconf 92' lang='lat' dir='ltr'><strong>ut</strong></span> 
     </span>
    </p>
   </div>
   <div class='ocr_carea' id='block_1_51' title="bbox 2067 2396 3717 2471">
    <p class='ocr_par' dir='ltr' id='par_1_51' title="bbox 2067 2396 3717 2471">
     <span class='ocr_line' id='line_1_51' title="bbox 2067 2396 3717 2471; baseline 0.003 -19"><span class='ocrx_word' id='word_1_369' title='bbox 2067 2398 2129 2455; x_wconf 89' lang='lat' dir='ltr'><strong>in</strong></span> <span class='ocrx_word' id='word_1_370' title='bbox 2160 2396 2498 2454; x_wconf 83' lang='lat' dir='ltr'><strong>obedientia</strong></span> <span class='ocrx_word' id='word_1_371' title='bbox 2527 2414 2650 2455; x_wconf 87' lang='lat' dir='ltr'><strong>una</strong></span> <span class='ocrx_word' id='word_1_372' title='bbox 2677 2396 2806 2454; x_wconf 88' lang='lat' dir='ltr'><strong>sitis</strong></span> <span class='ocrx_word' id='word_1_373' title='bbox 2836 2397 3081 2470; x_wconf 79' lang='lat' dir='ltr'><strong>perfecti</strong></span> <span class='ocrx_word' id='word_1_374' title='bbox 3123 2398 3357 2471; x_wconf 84' lang='lat' dir='ltr'><strong>[eadem</strong></span> <span class='ocrx_word' id='word_1_375' title='bbox 3387 2405 3585 2456; x_wconf 87' lang='lat' dir='ltr'><strong>mente</strong></span> <span class='ocrx_word' id='word_1_376' title='bbox 3616 2417 3717 2457; x_wconf 87' lang='lat' dir='ltr'><strong>ea-</strong></span> 
     </span>
    </p>
   </div>
   <div class='ocr_carea' id='block_1_52' title="bbox 2068 2487 3718 2560">
    <p class='ocr_par' dir='ltr' id='par_1_52' title="bbox 2068 2487 3718 2560">
     <span class='ocr_line' id='line_1_52' title="bbox 2068 2487 3718 2560; baseline 0 -16"><span class='ocrx_word' id='word_1_377' title='bbox 2068 2487 2324 2559; x_wconf 87' lang='lat' dir='ltr'><strong>demque</strong></span> <span class='ocrx_word' id='word_1_378' title='bbox 2353 2487 2670 2557; x_wconf 86' lang='lat' dir='ltr'><strong>sententia,</strong></span> <span class='ocrx_word' id='word_1_379' title='bbox 2703 2487 2982 2560; x_wconf 90' lang='lat' dir='ltr'><strong>idemque</strong></span> <span class='ocrx_word' id='word_1_380' title='bbox 3013 2488 3224 2545; x_wconf 87' lang='lat' dir='ltr'><strong>dicatis</strong></span> <span class='ocrx_word' id='word_1_381' title='bbox 3248 2489 3318 2544; x_wconf 90' lang='lat' dir='ltr'><strong>de</strong></span> <span class='ocrx_word' id='word_1_382' title='bbox 3351 2490 3558 2546; x_wconf 85' lang='lat' dir='ltr'><strong>eodem</strong></span> <span class='ocrx_word' id='word_1_383' title='bbox 3591 2506 3718 2546; x_wconf 85' lang='lat' dir='ltr'><strong>om-</strong></span> 
     </span>
    </p>
   </div>
   <div class='ocr_carea' id='block_1_53' title="bbox 2068 2576 3719 2651">
    <p class='ocr_par' dir='ltr' id='par_1_53' title="bbox 2068 2576 3719 2651">
     <span class='ocr_line' id='line_1_53' title="bbox 2068 2576 3719 2651; baseline 0.001 -19"><span class='ocrx_word' id='word_1_384' title='bbox 2068 2577 2220 2648; x_wconf 82' lang='lat' dir='ltr'><strong>nes],</strong></span> <span class='ocrx_word' id='word_1_385' title='bbox 2252 2582 2318 2632; x_wconf 89' lang='lat' dir='ltr'><strong>ut</strong></span> <span class='ocrx_word' id='word_1_386' title='bbox 2347 2577 2596 2649; x_wconf 82' lang='lat' dir='ltr'><strong>subjecti</strong></span> <span class='ocrx_word' id='word_1_387' title='bbox 2628 2576 2905 2649; x_wconf 88' lang='lat' dir='ltr'><strong>episcopo</strong></span> <span class='ocrx_word' id='word_1_388' title='bbox 2955 2580 3013 2632; x_wconf 92' lang='lat' dir='ltr'><strong>et</strong></span> <span class='ocrx_word' id='word_1_389' title='bbox 3055 2578 3422 2651; x_wconf 86' lang='lat' dir='ltr'><strong>presbyterio</strong></span> <span class='ocrx_word' id='word_1_390' title='bbox 3452 2595 3560 2651; x_wconf 90' lang='lat' dir='ltr'><strong>per</strong></span> <span class='ocrx_word' id='word_1_391' title='bbox 3588 2596 3719 2635; x_wconf 90' lang='lat' dir='ltr'><strong>om-</strong></span> 
     </span>
    </p>
   </div>
   <div class='ocr_carea' id='block_1_54' title="bbox 2070 2663 2739 2723">
    <p class='ocr_par' dir='ltr' id='par_1_54' title="bbox 2070 2663 2739 2723">
     <span class='ocr_line' id='line_1_54' title="bbox 2070 2663 2739 2723; baseline 0 -2"><span class='ocrx_word' id='word_1_392' title='bbox 2070 2664 2172 2721; x_wconf 88' lang='lat' dir='ltr'><strong>nia</strong></span> <span class='ocrx_word' id='word_1_393' title='bbox 2201 2663 2559 2723; x_wconf 84' lang='lat' dir='ltr'><strong>sanctiﬁcati</strong></span> <span class='ocrx_word' id='word_1_394' title='bbox 2589 2665 2739 2721; x_wconf 90' lang='lat' dir='ltr'><strong>sitis.</strong></span> 
     </span>
    </p>
   </div>
   <div class='ocr_carea' id='block_1_55' title="bbox 905 2937 3120 3009">
    <p class='ocr_par' dir='ltr' id='par_1_55' title="bbox 905 2937 3120 3009">
     <span class='ocr_line' id='line_1_55' title="bbox 905 2937 3120 3009; baseline -0.001 -15"><span class='ocrx_word' id='word_1_395' title='bbox 905 2939 1005 2995; x_wconf 93' lang='lat' dir='ltr'><strong>IlI.</strong></span> <span class='ocrx_word' id='word_1_396' title='bbox 1039 2940 1171 2995; x_wconf 84' lang='lat' dir='ltr'><strong>Sine</strong></span> <span class='ocrx_word' id='word_1_397' title='bbox 1195 2940 1345 2994; x_wconf 82' lang='lat' dir='ltr'><strong>omni</strong></span> <span class='ocrx_word' id='word_1_398' title='bbox 1372 2937 1633 3009; x_wconf 81' lang='lat' dir='ltr'><strong>superbia</strong></span> <span class='ocrx_word' id='word_1_399' title='bbox 1660 2970 1729 2979; x_wconf 87' lang='lat'><strong>-—</strong></span> <span class='ocrx_word' id='word_1_400' title='bbox 1759 2955 1943 2996; x_wconf 86' lang='lat' dir='ltr'><strong>amore</strong></span> <span class='ocrx_word' id='word_1_401' title='bbox 1980 2940 2177 2998; x_wconf 86' lang='lat' dir='ltr'><strong>ductus</strong></span> <span class='ocrx_word' id='word_1_402' title='bbox 2208 2970 2274 2982; x_wconf 96' lang='lat'><strong>—</strong></span> <span class='ocrx_word' id='word_1_403' title='bbox 2304 2955 2397 2994; x_wconf 82' lang='lat' dir='ltr'><strong>vos</strong></span> <span class='ocrx_word' id='word_1_404' title='bbox 2426 2938 2696 2995; x_wconf 84' lang='lat' dir='ltr'><strong>adhortor</strong></span> <span class='ocrx_word' id='word_1_405' title='bbox 2724 2937 2799 2994; x_wconf 84' lang='lat' dir='ltr'><strong>ad</strong></span> <span class='ocrx_word' id='word_1_406' title='bbox 2829 2940 3120 2994; x_wconf 82' lang='lat' dir='ltr'><strong>unitatem.</strong></span> 
     </span>
    </p>
   </div>
   <div class='ocr_carea' id='block_1_56' title="bbox 376 3041 2034 3124">
    <p class='ocr_par' dir='ltr' id='par_1_56' title="bbox 376 3041 2034 3124">
     <span class='ocr_line' id='line_1_56' title="bbox 376 3041 2034 3124; baseline -0.003 -19"><span class='ocrx_word' id='word_1_407' title='bbox 376 3050 491 3124; x_wconf 77' lang='lat'><strong>(2&#39;2)</strong></span> <span class='ocrx_word' id='word_1_408' title='bbox 521 3045 599 3105; x_wconf 74' lang='grc' dir='ltr'><strong>Οὖ</strong></span> <span class='ocrx_word' id='word_1_409' title='bbox 629 3044 985 3120; x_wconf 70' lang='grc' dir='ltr'>διατάσσομαι</span> <span class='ocrx_word' id='word_1_410' title='bbox 1021 3044 1174 3119; x_wconf 82' lang='grc' dir='ltr'>ὑμῖν,</span> <span class='ocrx_word' id='word_1_411' title='bbox 1229 3044 1304 3107; x_wconf 83' lang='grc' dir='ltr'><strong>ὡς</strong></span> <span class='ocrx_word' id='word_1_412' title='bbox 1363 3041 1440 3098; x_wconf 82' lang='grc' dir='ltr'>ὢν</span> <span class='ocrx_word' id='word_1_413' title='bbox 1495 3043 1599 3108; x_wconf 84' lang='grc' dir='ltr'>τίς.</span> <span class='ocrx_word' id='word_1_414' title='bbox 1642 3043 1705 3102; x_wconf 83' lang='grc' dir='ltr'><strong>Εἰ</strong></span> <span class='ocrx_word' id='word_1_415' title='bbox 1736 3046 1842 3123; x_wconf 81' lang='grc' dir='ltr'><strong>γὰρ</strong></span> <span class='ocrx_word' id='word_1_416' title='bbox 1868 3046 1959 3101; x_wconf 81' lang='grc' dir='ltr'><strong>καὶ</strong></span> <span class='ocrx_word' id='word_1_417' title='bbox 1991 3050 2034 3117; x_wconf 80' lang='lat' dir='ltr'><strong>C</strong></span> 
     </span>
    </p>
   </div>
   <div class='ocr_carea' id='block_1_57' title="bbox 1770 3156 2264 3228">
    <p class='ocr_par' dir='ltr' id='par_1_57' title="bbox 1770 3156 2264 3228">
     <span class='ocr_line' id='line_1_57' title="bbox 1770 3156 2264 3228; baseline 0.004 -17"><span class='ocrx_word' id='word_1_418' title='bbox 1770 3156 1937 3212; x_wconf 86' lang='lat' dir='ltr'><strong>Vetus</strong></span> <span class='ocrx_word' id='word_1_419' title='bbox 1974 3157 2264 3228; x_wconf 77' lang='lat' dir='ltr'><strong>interpres.</strong></span> 
     </span>
    </p>
   </div>
   <div class='ocr_carea' id='block_1_58' title="bbox 292 3242 3716 3322">
    <p class='ocr_par' dir='ltr' id='par_1_58' title="bbox 292 3242 3716 3322">
     <span class='ocr_line' id='line_1_58' title="bbox 292 3242 3716 3322; baseline -0.001 -17"><span class='ocrx_word' id='word_1_420' title='bbox 292 3250 553 3322; x_wconf 82' lang='lat' dir='ltr'><strong>ligatum</strong></span> <span class='ocrx_word' id='word_1_421' title='bbox 582 3264 618 3303; x_wconf 95' lang='lat' dir='ltr'><strong>a</strong></span> <span class='ocrx_word' id='word_1_422' title='bbox 646 3246 812 3322; x_wconf 80' lang='lat' dir='ltr'><strong>Syria</strong></span> <span class='ocrx_word' id='word_1_423' title='bbox 836 3262 941 3317; x_wconf 91' lang='lat' dir='ltr'><strong>pro</strong></span> <span class='ocrx_word' id='word_1_424' title='bbox 974 3244 1277 3322; x_wconf 77' lang='lat' dir='ltr'><strong>communi</strong></span> <span class='ocrx_word' id='word_1_425' title='bbox 1303 3243 1546 3322; x_wconf 80' lang='lat' dir='ltr'><strong>nomine</strong></span> <span class='ocrx_word' id='word_1_426' title='bbox 1574 3249 1632 3299; x_wconf 90' lang='lat' dir='ltr'><strong>et</strong></span> <span class='ocrx_word' id='word_1_427' title='bbox 1653 3261 1777 3322; x_wconf 75' lang='lat' dir='ltr'><strong>spe,</strong></span> <span class='ocrx_word' id='word_1_428' title='bbox 1801 3250 2142 3322; x_wconf 74' lang='lat' dir='ltr'><strong>sperantem</strong></span> <span class='ocrx_word' id='word_1_429' title='bbox 2172 3245 2453 3322; x_wconf 65' lang='lat' dir='ltr'><strong>oratione</strong></span> <span class='ocrx_word' id='word_1_430' title='bbox 2470 3248 2666 3301; x_wconf 91' lang='lat' dir='ltr'><strong>vestra</strong></span> <span class='ocrx_word' id='word_1_431' title='bbox 2694 3243 2893 3322; x_wconf 79' lang='lat' dir='ltr'><strong>potiri,</strong></span> <span class='ocrx_word' id='word_1_432' title='bbox 2917 3242 3192 3322; x_wconf 55' lang='lat' dir='ltr'><strong>iulioma</strong></span> <span class='ocrx_word' id='word_1_433' title='bbox 3215 3260 3352 3300; x_wconf 92' lang='lat' dir='ltr'><strong>cum</strong></span> <span class='ocrx_word' id='word_1_434' title='bbox 3374 3245 3580 3302; x_wconf 88' lang='lat' dir='ltr'><strong>bestiis</strong></span> <span class='ocrx_word' id='word_1_435' title='bbox 3609 3264 3716 3322; x_wconf 85' lang='lat' dir='ltr'><strong>pu—</strong></span> 
     </span>
    </p>
   </div>
   <div class='ocr_carea' id='block_1_59' title="bbox 294 3314 3751 3395">
    <p class='ocr_par' dir='ltr' id='par_1_59' title="bbox 294 3314 3751 3395">
     <span class='ocr_line' id='line_1_59' title="bbox 294 3314 3751 3395; baseline 0 -18"><span class='ocrx_word' id='word_1_436' title='bbox 294 3314 508 3395; x_wconf 68' lang='lat' dir='ltr'><strong>gnare,</strong></span> <span class='ocrx_word' id='word_1_437' title='bbox 542 3324 615 3395; x_wconf 68' lang='lat' dir='ltr'><strong>ut</strong></span> <span class='ocrx_word' id='word_1_438' title='bbox 635 3314 811 3395; x_wconf 72' lang='lat' dir='ltr'><strong>potiri</strong></span> <span class='ocrx_word' id='word_1_439' title='bbox 837 3314 1064 3395; x_wconf 78' lang='lat' dir='ltr'><strong>possim</strong></span> <span class='ocrx_word' id='word_1_440' title='bbox 1085 3316 1423 3395; x_wconf 64' lang='lat' dir='ltr'><strong>discipulus</strong></span> <span class='ocrx_word' id='word_1_441' title='bbox 1454 3333 1606 3395; x_wconf 81' lang='lat' dir='ltr'><strong>esse,</strong></span> <span class='ocrx_word' id='word_1_442' title='bbox 1640 3314 1851 3395; x_wconf 53' lang='lat' dir='ltr'><strong>vi&#39;dere&#39;</strong></span> <span class='ocrx_word' id='word_1_443' title='bbox 1894 3317 2239 3395; x_wconf 75' lang='lat' dir='ltr'><strong>festinastis.</strong></span> <span class='ocrx_word' id='word_1_444' title='bbox 2280 3316 2621 3395; x_wconf 48' lang='lat' dir='ltr'><strong>flurimam</strong></span> <span class='ocrx_word' id='word_1_445' title='bbox 2667 3314 2827 3395; x_wconf 79' lang='lat' dir='ltr'><strong>enim</strong></span> <span class='ocrx_word' id='word_1_446' title='bbox 2878 3314 3319 3395; x_wconf 75' lang='lat' dir='ltr'><strong>multitudinem</strong></span> <span class='ocrx_word' id='word_1_447' title='bbox 3360 3314 3629 3395; x_wconf 56' lang='lat' dir='ltr'><strong>vestram&#39;</strong></span> <span class='ocrx_word' id='word_1_448' title='bbox 3654 3320 3751 3379; x_wconf 88' lang='lat' dir='ltr'><strong>in.</strong></span> 
     </span>
    </p>
   </div>
   <div class='ocr_carea' id='block_1_60' title="bbox 295 3386 3715 3472">
    <p class='ocr_par' dir='ltr' id='par_1_60' title="bbox 295 3386 3715 3472">
     <span class='ocr_line' id='line_1_60' title="bbox 295 3386 3715 3472; baseline -0.001 -24"><span class='ocrx_word' id='word_1_449' title='bbox 295 3386 553 3448; x_wconf 70' lang='lat' dir='ltr'><strong>nomine</strong></span> <span class='ocrx_word' id='word_1_450' title='bbox 585 3386 687 3446; x_wconf 76' lang='lat' dir='ltr'><strong>Dei</strong></span> <span class='ocrx_word' id='word_1_451' title='bbox 720 3386 951 3472; x_wconf 75' lang='lat' dir='ltr'><strong>suscepi</strong></span> <span class='ocrx_word' id='word_1_452' title='bbox 984 3389 1048 3472; x_wconf 76' lang='lat' dir='ltr'><strong>in</strong></span> <span class='ocrx_word' id='word_1_453' title='bbox 1078 3388 1377 3472; x_wconf 54' lang='lat' dir='ltr'><strong>Onesimo,</strong></span> <span class='ocrx_word' id='word_1_454' title='bbox 1404 3388 1508 3472; x_wconf 80' lang='lat' dir='ltr'><strong>qui</strong></span> <span class='ocrx_word' id='word_1_455' title='bbox 1556 3388 1617 3443; x_wconf 88' lang='lat' dir='ltr'><strong>in</strong></span> <span class='ocrx_word' id='word_1_456' title='bbox 1661 3389 1950 3472; x_wconf 65' lang='lat' dir='ltr'><strong>charitate</strong></span> <span class='ocrx_word' id='word_1_457' title='bbox 1993 3386 2416 3445; x_wconf 87' lang='lat' dir='ltr'><strong>inenarrabilis</strong></span> <span class='ocrx_word' id='word_1_458' title='bbox 2446 3393 2556 3471; x_wconf 74' lang='lat' dir='ltr'><strong>est,</strong></span> <span class='ocrx_word' id='word_1_459' title='bbox 2606 3392 2799 3469; x_wconf 74' lang='lat' dir='ltr'><strong>vester</strong></span> <span class='ocrx_word' id='word_1_460' title='bbox 2832 3389 3124 3472; x_wconf 48' lang='lat' dir='ltr'><strong>autemhin</strong></span> <span class='ocrx_word' id='word_1_461' title='bbox 3154 3404 3333 3443; x_wconf 88' lang='lat' dir='ltr'><strong>carne</strong></span> <span class='ocrx_word' id='word_1_462' title='bbox 3363 3390 3675 3472; x_wconf 60' lang='lat' dir='ltr'><strong>episcqpus</strong></span> <span class='ocrx_word' id='word_1_463' title='bbox 3702 3407 3715 3445; x_wconf 90' lang='lat'><strong>:</strong></span> 
     </span>
    </p>
   </div>
   <div class='ocr_carea' id='block_1_61' title="bbox 296 3458 3716 3536">
    <p class='ocr_par' dir='ltr' id='par_1_61' title="bbox 296 3458 3716 3536">
     <span class='ocr_line' id='line_1_61' title="bbox 296 3458 3716 3536; baseline -0.001 -16"><span class='ocrx_word' id='word_1_464' title='bbox 296 3480 485 3536; x_wconf 88' lang='lat' dir='ltr'><strong>quem</strong></span> <span class='ocrx_word' id='word_1_465' title='bbox 510 3479 615 3536; x_wconf 90' lang='lat' dir='ltr'><strong>oro</strong></span> <span class='ocrx_word' id='word_1_466' title='bbox 646 3458 1527 3536; x_wconf 79' lang='lat' dir='ltr'><strong>secundum_Jesum_Chris_tum</strong></span> <span class='ocrx_word' id='word_1_467' title='bbox 1552 3476 1653 3536; x_wconf 72' lang='lat' dir='ltr'><strong>vos</strong></span> <span class='ocrx_word' id='word_1_468' title='bbox 1683 3461 1950 3536; x_wconf 81' lang='lat' dir='ltr'><strong>diligere,</strong></span> <span class='ocrx_word' id='word_1_469' title='bbox 2000 3467 2062 3536; x_wconf 77' lang='lat' dir='ltr'><strong>et</strong></span> <span class='ocrx_word' id='word_1_470' title='bbox 2106 3476 2316 3517; x_wconf 90' lang='lat' dir='ltr'><strong>omnes</strong></span> <span class='ocrx_word' id='word_1_471' title='bbox 2364 3476 2471 3536; x_wconf 76' lang='lat' dir='ltr'><strong>vos</strong></span> <span class='ocrx_word' id='word_1_472' title='bbox 2496 3459 2626 3536; x_wconf 67' lang='lat' dir='ltr'><strong>ipsi</strong></span> <span class='ocrx_word' id='word_1_473' title='bbox 2658 3458 2719 3514; x_wconf 92' lang='lat' dir='ltr'><strong>in</strong></span> <span class='ocrx_word' id='word_1_474' title='bbox 2751 3458 3146 3515; x_wconf 88' lang='lat' dir='ltr'><strong>similitudine</strong></span> <span class='ocrx_word' id='word_1_475' title='bbox 3177 3475 3327 3517; x_wconf 89' lang='lat' dir='ltr'><strong>esse.</strong></span> <span class='ocrx_word' id='word_1_476' title='bbox 3363 3458 3716 3517; x_wconf 75' lang='lat' dir='ltr'><strong>Benedictus</strong></span> 
     </span>
    </p>
   </div>
   <div class='ocr_carea' id='block_1_62' title="bbox 296 3530 2643 3606">
    <p class='ocr_par' dir='ltr' id='par_1_62' title="bbox 296 3530 2643 3606">
     <span class='ocr_line' id='line_1_62' title="bbox 296 3530 2643 3606; baseline -0.003 -14"><span class='ocrx_word' id='word_1_477' title='bbox 296 3530 467 3592; x_wconf 69' lang='lat' dir='ltr'><strong>enim</strong></span> <span class='ocrx_word' id='word_1_478' title='bbox 498 3534 601 3606; x_wconf 88' lang='lat' dir='ltr'><strong>qui</strong></span> <span class='ocrx_word' id='word_1_479' title='bbox 634 3533 841 3589; x_wconf 88' lang='lat' dir='ltr'><strong>tribuit</strong></span> <span class='ocrx_word' id='word_1_480' title='bbox 869 3532 1034 3587; x_wconf 89' lang='lat' dir='ltr'><strong>vobis</strong></span> <span class='ocrx_word' id='word_1_481' title='bbox 1061 3530 1256 3604; x_wconf 88' lang='lat' dir='ltr'><strong>dignis</strong></span> <span class='ocrx_word' id='word_1_482' title='bbox 1286 3531 1705 3588; x_wconf 82' lang='lat' dir='ltr'><strong>exsistentibus</strong></span> <span class='ocrx_word' id='word_1_483' title='bbox 1730 3530 1911 3589; x_wconf 81' lang='lat' dir='ltr'><strong>talem</strong></span> <span class='ocrx_word' id='word_1_484' title='bbox 1937 3533 2284 3606; x_wconf 85' lang='lat' dir='ltr'><strong>episcopum</strong></span> <span class='ocrx_word' id='word_1_485' title='bbox 2317 3530 2643 3605; x_wconf 87' lang='lat' dir='ltr'><strong>possidere.</strong></span> 
     </span>
    </p>
   </div>
   <div class='ocr_carea' id='block_1_63' title="bbox 1838 3621 2186 3677">
    <p class='ocr_par' dir='ltr' id='par_1_63' title="bbox 1838 3621 2186 3677">
     <span class='ocr_line' id='line_1_63' title="bbox 1838 3621 2186 3677; baseline 0 0"><span class='ocrx_word' id='word_1_486' title='bbox 1838 3621 2069 3677; x_wconf 81' lang='lat' dir='ltr'><strong>CAPUT</strong></span> <span class='ocrx_word' id='word_1_487' title='bbox 2116 3622 2186 3677; x_wconf 83' lang='lat' dir='ltr'><strong>ll.</strong></span> 
     </span>
    </p>
   </div>
   <div class='ocr_carea' id='block_1_64' title="bbox 376 3709 3714 3782">
    <p class='ocr_par' dir='ltr' id='par_1_64' title="bbox 376 3709 3714 3782">
     <span class='ocr_line' id='line_1_64' title="bbox 376 3709 3714 3782; baseline -0.001 -12"><span class='ocrx_word' id='word_1_488' title='bbox 376 3717 460 3770; x_wconf 88' lang='lat' dir='ltr'><strong>De</strong></span> <span class='ocrx_word' id='word_1_489' title='bbox 489 3729 776 3770; x_wconf 84' lang='lat' dir='ltr'><strong>conservo</strong></span> <span class='ocrx_word' id='word_1_490' title='bbox 801 3717 1001 3769; x_wconf 91' lang='lat' dir='ltr'><strong>autem</strong></span> <span class='ocrx_word' id='word_1_491' title='bbox 1023 3726 1154 3765; x_wconf 90' lang='lat' dir='ltr'><strong>meo</strong></span> <span class='ocrx_word' id='word_1_492' title='bbox 1178 3712 1385 3779; x_wconf 88' lang='lat' dir='ltr'><strong>Burro,</strong></span> <span class='ocrx_word' id='word_1_493' title='bbox 1409 3709 1738 3766; x_wconf 89' lang='lat' dir='ltr'><strong>secundum</strong></span> <span class='ocrx_word' id='word_1_494' title='bbox 1765 3712 1946 3766; x_wconf 90' lang='lat' dir='ltr'><strong>Deum</strong></span> <span class='ocrx_word' id='word_1_495' title='bbox 1969 3710 2219 3767; x_wconf 90' lang='lat' dir='ltr'><strong>diacono</strong></span> <span class='ocrx_word' id='word_1_496' title='bbox 2242 3717 2440 3766; x_wconf 91' lang='lat' dir='ltr'><strong>nostro</strong></span> <span class='ocrx_word' id='word_1_497' title='bbox 2465 3711 2526 3766; x_wconf 90' lang='lat' dir='ltr'><strong>in</strong></span> <span class='ocrx_word' id='word_1_498' title='bbox 2546 3709 2823 3767; x_wconf 89' lang='lat' dir='ltr'><strong>omnibus</strong></span> <span class='ocrx_word' id='word_1_499' title='bbox 2844 3709 3159 3766; x_wconf 83' lang='lat' dir='ltr'><strong>benedicto</strong></span> <span class='ocrx_word' id='word_1_500' title='bbox 3186 3727 3200 3777; x_wconf 88' lang='lat'><strong>;</strong></span> <span class='ocrx_word' id='word_1_501' title='bbox 3229 3727 3331 3766; x_wconf 84' lang='lat' dir='ltr'><strong>oro</strong></span> <span class='ocrx_word' id='word_1_502' title='bbox 3358 3728 3714 3782; x_wconf 86' lang='lat' dir='ltr'><strong>permanere</strong></span> 
     </span>
    </p>
   </div>
   <div class='ocr_carea' id='block_1_65' title="bbox 298 3781 3721 3858">
    <p class='ocr_par' dir='ltr' id='par_1_65' title="bbox 298 3781 3721 3858">
     <span class='ocr_line' id='line_1_65' title="bbox 298 3781 3721 3858; baseline -0.001 -16"><span class='ocrx_word' id='word_1_503' title='bbox 298 3788 507 3858; x_wconf 88' lang='lat' dir='ltr'><strong>ipsum</strong></span> <span class='ocrx_word' id='word_1_504' title='bbox 540 3787 602 3858; x_wconf 89' lang='lat' dir='ltr'><strong>in</strong></span> <span class='ocrx_word' id='word_1_505' title='bbox 631 3786 917 3858; x_wconf 87' lang='lat' dir='ltr'><strong>honorem</strong></span> <span class='ocrx_word' id='word_1_506' title='bbox 941 3783 1116 3858; x_wconf 80' lang='lat' dir='ltr'><strong>vestri</strong></span> <span class='ocrx_word' id='word_1_507' title='bbox 1150 3788 1209 3838; x_wconf 93' lang='lat' dir='ltr'><strong>et</strong></span> <span class='ocrx_word' id='word_1_508' title='bbox 1238 3782 1521 3858; x_wconf 76' lang='lat' dir='ltr'><strong>episcopi.</strong></span> <span class='ocrx_word' id='word_1_509' title='bbox 1548 3782 1662 3858; x_wconf 84' lang='lat' dir='ltr'><strong>Sed</strong></span> <span class='ocrx_word' id='word_1_510' title='bbox 1689 3788 1747 3837; x_wconf 90' lang='lat' dir='ltr'><strong>et</strong></span> <span class='ocrx_word' id='word_1_511' title='bbox 1766 3783 2002 3858; x_wconf 84' lang='lat' dir='ltr'><strong>Crocus,</strong></span> <span class='ocrx_word' id='word_1_512' title='bbox 2029 3783 2149 3838; x_wconf 90' lang='lat' dir='ltr'><strong>Deo</strong></span> <span class='ocrx_word' id='word_1_513' title='bbox 2176 3782 2391 3858; x_wconf 66' lang='lat' dir='ltr'><strong>dignus</strong></span> <span class='ocrx_word' id='word_1_514' title='bbox 2413 3788 2471 3837; x_wconf 91' lang='lat' dir='ltr'><strong>et</strong></span> <span class='ocrx_word' id='word_1_515' title='bbox 2491 3782 2675 3858; x_wconf 80' lang='lat' dir='ltr'><strong>vobis,</strong></span> <span class='ocrx_word' id='word_1_516' title='bbox 2694 3799 2873 3858; x_wconf 68' lang='lat' dir='ltr'><strong>quem</strong></span> <span class='ocrx_word' id='word_1_517' title='bbox 2900 3781 3492 3858; x_wconf 59' lang='lat' dir='ltr'><strong>exemplariumejus</strong></span> <span class='ocrx_word' id='word_1_518' title='bbox 3516 3800 3655 3858; x_wconf 72' lang='lat' dir='ltr'><strong>quae</strong></span> <span class='ocrx_word' id='word_1_519' title='bbox 3686 3800 3721 3838; x_wconf 90' lang='lat' dir='ltr'><strong>a</strong></span> 
     </span>
    </p>
   </div>
   <div class='ocr_carea' id='block_1_66' title="bbox 295 3853 3719 3926">
    <p class='ocr_par' dir='ltr' id='par_1_66' title="bbox 295 3853 3719 3926">
     <span class='ocr_line' id='line_1_66' title="bbox 295 3853 3719 3926; baseline -0.001 -13"><span class='ocrx_word' id='word_1_520' title='bbox 295 3853 473 3913; x_wconf 71' lang='lat' dir='ltr'><strong>vobis</strong></span> <span class='ocrx_word' id='word_1_521' title='bbox 503 3857 809 3912; x_wconf 86' lang='lat' dir='ltr'><strong>charitatis</strong></span> <span class='ocrx_word' id='word_1_522' title='bbox 840 3855 1096 3926; x_wconf 84' lang='lat' dir='ltr'><strong>suscepi,</strong></span> <span class='ocrx_word' id='word_1_523' title='bbox 1126 3853 1455 3926; x_wconf 81' lang='lat' dir='ltr'><strong>secundum</strong></span> <span class='ocrx_word' id='word_1_524' title='bbox 1487 3855 1688 3909; x_wconf 89' lang='lat' dir='ltr'><strong>omnia</strong></span> <span class='ocrx_word' id='word_1_525' title='bbox 1710 3870 1803 3909; x_wconf 92' lang='lat' dir='ltr'><strong>me</strong></span> <span class='ocrx_word' id='word_1_526' title='bbox 1834 3854 2140 3924; x_wconf 87' lang='lat' dir='ltr'><strong>quiescere</strong></span> <span class='ocrx_word' id='word_1_527' title='bbox 2170 3854 2330 3922; x_wconf 86' lang='lat' dir='ltr'><strong>fecit,</strong></span> <span class='ocrx_word' id='word_1_528' title='bbox 2361 3858 2429 3909; x_wconf 89' lang='lat' dir='ltr'><strong>ut</strong></span> <span class='ocrx_word' id='word_1_529' title='bbox 2458 3860 2517 3909; x_wconf 90' lang='lat' dir='ltr'><strong>et</strong></span> <span class='ocrx_word' id='word_1_530' title='bbox 2547 3854 2743 3925; x_wconf 90' lang='lat' dir='ltr'><strong>ipsum</strong></span> <span class='ocrx_word' id='word_1_531' title='bbox 2773 3855 2948 3926; x_wconf 81' lang='lat' dir='ltr'><strong>Pater</strong></span> <span class='ocrx_word' id='word_1_532' title='bbox 2973 3853 3111 3926; x_wconf 78' lang='lat' dir='ltr'><strong>Jesu</strong></span> <span class='ocrx_word' id='word_1_533' title='bbox 3135 3853 3356 3926; x_wconf 86' lang='lat' dir='ltr'><strong>Christi</strong></span> <span class='ocrx_word' id='word_1_534' title='bbox 3388 3853 3719 3926; x_wconf 79' lang='lat' dir='ltr'><strong>refrigeret,</strong></span> 
     </span>
    </p>
   </div>
   <div class='ocr_carea' id='block_1_67' title="bbox 294 3923 3723 3997">
    <p class='ocr_par' dir='ltr' id='par_1_67' title="bbox 294 3923 3723 3997">
     <span class='ocr_line' id='line_1_67' title="bbox 294 3923 3723 3997; baseline -0.002 -10"><span class='ocrx_word' id='word_1_535' title='bbox 294 3947 446 3987; x_wconf 88' lang='lat' dir='ltr'><strong>cum</strong></span> <span class='ocrx_word' id='word_1_536' title='bbox 475 3929 779 3996; x_wconf 86' lang='lat' dir='ltr'><strong>Onesimo,</strong></span> <span class='ocrx_word' id='word_1_537' title='bbox 807 3932 867 3982; x_wconf 87' lang='lat' dir='ltr'><strong>et</strong></span> <span class='ocrx_word' id='word_1_538' title='bbox 890 3923 1136 3992; x_wconf 79' lang='lat' dir='ltr'><strong>Buri-ho,</strong></span> <span class='ocrx_word' id='word_1_539' title='bbox 1166 3931 1224 3980; x_wconf 91' lang='lat' dir='ltr'><strong>et</strong></span> <span class='ocrx_word' id='word_1_540' title='bbox 1253 3923 1457 3996; x_wconf 89' lang='lat' dir='ltr'><strong>Euplo,</strong></span> <span class='ocrx_word' id='word_1_541' title='bbox 1491 3930 1551 3979; x_wconf 90' lang='lat' dir='ltr'><strong>et</strong></span> <span class='ocrx_word' id='word_1_542' title='bbox 1578 3923 1912 3981; x_wconf 81' lang='lat' dir='ltr'><strong>Frontone:</strong></span> <span class='ocrx_word' id='word_1_543' title='bbox 1940 3942 2047 3997; x_wconf 92' lang='lat' dir='ltr'><strong>per</strong></span> <span class='ocrx_word' id='word_1_544' title='bbox 2075 3941 2225 3996; x_wconf 90' lang='lat' dir='ltr'><strong>quos</strong></span> <span class='ocrx_word' id='word_1_545' title='bbox 2254 3942 2356 3981; x_wconf 89' lang='lat' dir='ltr'><strong>vos</strong></span> <span class='ocrx_word' id='word_1_546' title='bbox 2386 3923 2594 3981; x_wconf 79' lang='lat' dir='ltr'><strong>omnes</strong></span> <span class='ocrx_word' id='word_1_547' title='bbox 2624 3924 2953 3979; x_wconf 87' lang='lat' dir='ltr'><strong>secundum</strong></span> <span class='ocrx_word' id='word_1_548' title='bbox 2984 3923 3341 3997; x_wconf 78' lang='lat' dir='ltr'><strong>charitatem</strong></span> <span class='ocrx_word' id='word_1_549' title='bbox 3366 3924 3503 3980; x_wconf 91' lang='lat' dir='ltr'><strong>vidi.</strong></span> <span class='ocrx_word' id='word_1_550' title='bbox 3539 3923 3723 3981; x_wconf 83' lang='lat' dir='ltr'><strong>Fruar</strong></span> 
     </span>
    </p>
   </div>
   <div class='ocr_carea' id='block_1_68' title="bbox 290 3994 3722 4072">
    <p class='ocr_par' dir='ltr' id='par_1_68' title="bbox 290 3994 3722 4072">
     <span class='ocr_line' id='line_1_68' title="bbox 290 3994 3722 4072; baseline -0.001 -15"><span class='ocrx_word' id='word_1_551' title='bbox 290 4003 475 4057; x_wconf 76' lang='lat' dir='ltr'><strong>vobis</strong></span> <span class='ocrx_word' id='word_1_552' title='bbox 498 4016 736 4072; x_wconf 88' lang='lat' dir='ltr'><strong>semper</strong></span> <span class='ocrx_word' id='word_1_553' title='bbox 758 3994 775 4066; x_wconf 63' lang='grc' dir='ltr'><em>ξ</em></span> <span class='ocrx_word' id='word_1_554' title='bbox 799 4000 849 4072; x_wconf 87' lang='lat' dir='ltr'><strong>si</strong></span> <span class='ocrx_word' id='word_1_555' title='bbox 880 3997 1121 4072; x_wconf 79' lang='lat' dir='ltr'><strong>quidem</strong></span> <span class='ocrx_word' id='word_1_556' title='bbox 1149 3994 1364 4068; x_wconf 76' lang='lat' dir='ltr'><strong>dignus</strong></span> <span class='ocrx_word' id='word_1_557' title='bbox 1392 3994 2147 4072; x_wconf 55' lang='lat' dir='ltr'><strong>exsistam._Becens&#39;igitur</strong></span> <span class='ocrx_word' id='word_1_558' title='bbox 2163 4001 2258 4072; x_wconf 81' lang='lat' dir='ltr'><strong>est</strong></span> <span class='ocrx_word' id='word_1_559' title='bbox 2272 3996 2600 4072; x_wconf 84' lang='lat' dir='ltr'><strong>secundum</strong></span> <span class='ocrx_word' id='word_1_560' title='bbox 2631 4012 2871 4072; x_wconf 84' lang='lat' dir='ltr'><strong>omnem</strong></span> <span class='ocrx_word' id='word_1_561' title='bbox 2896 3995 3139 4072; x_wconf 79' lang='lat' dir='ltr'><strong>modum</strong></span> <span class='ocrx_word' id='word_1_562' title='bbox 3167 3994 3497 4072; x_wconf 77' lang='lat' dir='ltr'><strong>gloriﬁcare</strong></span> <span class='ocrx_word' id='word_1_563' title='bbox 3521 3998 3722 4072; x_wconf 75' lang='lat' dir='ltr'><strong>Iesum</strong></span> 
     </span>
    </p>
   </div>
   <div class='ocr_carea' id='block_1_69' title="bbox 289 4067 3722 4143">
    <p class='ocr_par' dir='ltr' id='par_1_69' title="bbox 289 4067 3722 4143">
     <span class='ocr_line' id='line_1_69' title="bbox 289 4067 3722 4143; baseline -0.002 -13"><span class='ocrx_word' id='word_1_564' title='bbox 289 4067 754 4143; x_wconf 50' lang='lat' dir='ltr'><strong>Christuquui</strong></span> <span class='ocrx_word' id='word_1_565' title='bbox 784 4067 1134 4143; x_wconf 72' lang='lat' dir='ltr'><strong>glorificavit</strong></span> <span class='ocrx_word' id='word_1_566' title='bbox 1154 4067 1252 4123; x_wconf 86' lang='lat' dir='ltr'><strong>vos</strong></span> <span class='ocrx_word' id='word_1_567' title='bbox 1276 4084 1288 4122; x_wconf 91' lang='lat'>:</span> <span class='ocrx_word' id='word_1_568' title='bbox 1312 4073 1379 4124; x_wconf 89' lang='lat' dir='ltr'><strong>ut</strong></span> <span class='ocrx_word' id='word_1_569' title='bbox 1399 4069 1462 4124; x_wconf 90' lang='lat' dir='ltr'><strong>in</strong></span> <span class='ocrx_word' id='word_1_570' title='bbox 1488 4084 1606 4124; x_wconf 86' lang='lat' dir='ltr'><strong>una</strong></span> <span class='ocrx_word' id='word_1_571' title='bbox 1626 4067 2283 4141; x_wconf 49' lang='lat' dir='ltr'><strong>subjectione&#39;perfecti,</strong></span> <span class='ocrx_word' id='word_1_572' title='bbox 2311 4069 2562 4141; x_wconf 79' lang='lat' dir='ltr'><strong>subjecti</strong></span> <span class='ocrx_word' id='word_1_573' title='bbox 2585 4069 2864 4141; x_wconf 89' lang='lat' dir='ltr'><strong>episcopo</strong></span> <span class='ocrx_word' id='word_1_574' title='bbox 2888 4072 2948 4123; x_wconf 90' lang='lat' dir='ltr'><strong>et</strong></span> <span class='ocrx_word' id='word_1_575' title='bbox 2966 4067 3358 4140; x_wconf 84' lang='lat' dir='ltr'><strong>presbyterio,</strong></span> <span class='ocrx_word' id='word_1_576' title='bbox 3392 4068 3722 4125; x_wconf 90' lang='lat' dir='ltr'><strong>secundum</strong></span> 
     </span>
    </p>
   </div>
   <div class='ocr_carea' id='block_1_70' title="bbox 1848 4214 2211 4270">
    <p class='ocr_par' dir='ltr' id='par_1_70' title="bbox 1848 4214 2211 4270">
     <span class='ocr_line' id='line_1_70' title="bbox 1848 4214 2211 4270; baseline -0.006 -1"><span class='ocrx_word' id='word_1_577' title='bbox 1848 4214 2068 4270; x_wconf 82' lang='lat' dir='ltr'><strong>CAPUT</strong></span> <span class='ocrx_word' id='word_1_578' title='bbox 2112 4214 2211 4268; x_wconf 89' lang='lat' dir='ltr'><strong>III.</strong></span> 
     </span>
    </p>
   </div>
   <div class='ocr_carea' id='block_1_71' title="bbox 377 4310 3725 4386">
    <p class='ocr_par' dir='ltr' id='par_1_71' title="bbox 377 4310 3725 4386">
     <span class='ocr_line' id='line_1_71' title="bbox 377 4310 3725 4386; baseline -0 -17"><span class='ocrx_word' id='word_1_579' title='bbox 377 4321 509 4371; x_wconf 81' lang='lat' dir='ltr'><strong>Non</strong></span> <span class='ocrx_word' id='word_1_580' title='bbox 542 4313 791 4386; x_wconf 91' lang='lat' dir='ltr'><strong>dispono</strong></span> <span class='ocrx_word' id='word_1_581' title='bbox 822 4311 1006 4381; x_wconf 89' lang='lat' dir='ltr'><strong>vobis,</strong></span> <span class='ocrx_word' id='word_1_582' title='bbox 1037 4316 1105 4366; x_wconf 90' lang='lat' dir='ltr'><strong>ut</strong></span> <span class='ocrx_word' id='word_1_583' title='bbox 1132 4311 1424 4367; x_wconf 88' lang='lat' dir='ltr'><strong>exsistens</strong></span> <span class='ocrx_word' id='word_1_584' title='bbox 1454 4310 1690 4382; x_wconf 89' lang='lat' dir='ltr'><strong>aliquis.</strong></span> <span class='ocrx_word' id='word_1_585' title='bbox 1717 4311 1774 4366; x_wconf 91' lang='lat' dir='ltr'><strong>Si</strong></span> <span class='ocrx_word' id='word_1_586' title='bbox 1808 4312 1967 4368; x_wconf 89' lang='lat' dir='ltr'><strong>enim</strong></span> <span class='ocrx_word' id='word_1_587' title='bbox 1989 4317 2047 4368; x_wconf 89' lang='lat' dir='ltr'><strong>et</strong></span> <span class='ocrx_word' id='word_1_588' title='bbox 2069 4312 2222 4385; x_wconf 88' lang='lat' dir='ltr'><strong>ligor</strong></span> <span class='ocrx_word' id='word_1_589' title='bbox 2250 4312 2311 4367; x_wconf 93' lang='lat' dir='ltr'><strong>in</strong></span> <span class='ocrx_word' id='word_1_590' title='bbox 2342 4312 2585 4368; x_wconf 90' lang='lat' dir='ltr'><strong>nomine</strong></span> <span class='ocrx_word' id='word_1_591' title='bbox 2611 4311 2851 4383; x_wconf 87' lang='lat' dir='ltr'><strong>Christi,</strong></span> <span class='ocrx_word' id='word_1_592' title='bbox 2876 4327 3255 4383; x_wconf 80' lang='lat' dir='ltr'><strong>nequaquam</strong></span> <span class='ocrx_word' id='word_1_593' title='bbox 3278 4311 3576 4384; x_wconf 88' lang='lat' dir='ltr'><strong>perfectus</strong></span> <span class='ocrx_word' id='word_1_594' title='bbox 3595 4330 3725 4369; x_wconf 91' lang='lat' dir='ltr'><strong>sum</strong></span> 
     </span>
    </p>
   </div>
   <div class='ocr_carea' id='block_1_72' title="bbox 299 4141 1086 4202">
    <p class='ocr_par' dir='ltr' id='par_1_72' title="bbox 299 4141 1086 4202">
     <span class='ocr_line' id='line_1_72' title="bbox 299 4141 1086 4202; baseline -0.008 -1"><span class='ocrx_word' id='word_1_595' title='bbox 299 4146 522 4202; x_wconf 85' lang='lat' dir='ltr'><strong>omnia</strong></span> <span class='ocrx_word' id='word_1_596' title='bbox 552 4141 687 4199; x_wconf 75' lang='lat' dir='ltr'><strong>sitis</strong></span> <span class='ocrx_word' id='word_1_597' title='bbox 712 4141 1086 4199; x_wconf 80' lang='lat' dir='ltr'><strong>sanctiﬁcati.</strong></span> 
     </span>
    </p>
   </div>
   <div class='ocr_carea' id='block_1_73' title="bbox 374 4455 1968 4533">
    <p class='ocr_par' dir='ltr' id='par_1_73' title="bbox 374 4455 1968 4533">
     <span class='ocr_line' id='line_1_73' title="bbox 374 4455 1968 4533; baseline -0.001 -18"><span class='ocrx_word' id='word_1_598' title='bbox 374 4461 495 4533; x_wconf 81' lang='grc'>(13)</span> <span class='ocrx_word' id='word_1_599' title='bbox 531 4457 884 4533; x_wconf 78' lang='lat' dir='ltr'><strong>Syruslegit</strong></span> <span class='ocrx_word' id='word_1_600' title='bbox 908 4459 1007 4533; x_wconf 74' lang='grc' dir='ltr'><strong>τοῦ</strong></span> <span class='ocrx_word' id='word_1_601' title='bbox 1040 4455 1434 4533; x_wconf 69' lang='lat' dir='ltr'><strong>GeoB,_omnia</strong></span> <span class='ocrx_word' id='word_1_602' title='bbox 1460 4471 1603 4533; x_wconf 68' lang='lat' dir='ltr'><strong>qua)</strong></span> <span class='ocrx_word' id='word_1_603' title='bbox 1636 4462 1968 4533; x_wconf 79' lang='lat' dir='ltr'><strong>sequuntur</strong></span> 
     </span>
    </p>
   </div>
   <div class='ocr_carea' id='block_1_74' title="bbox 326 4526 1965 4604">
    <p class='ocr_par' dir='ltr' id='par_1_74' title="bbox 326 4526 1965 4604">
     <span class='ocr_line' id='line_1_74' title="bbox 326 4526 1965 4604; baseline -0.003 -18"><span class='ocrx_word' id='word_1_604' title='bbox 326 4526 488 4604; x_wconf 53' lang='grc' dir='ltr'>δτιξρ</span> <span class='ocrx_word' id='word_1_605' title='bbox 512 4526 687 4604; x_wconf 14' lang='grc' dir='ltr'>,ἡμῶν</span> <span class='ocrx_word' id='word_1_606' title='bbox 718 4526 905 4584; x_wconf 60' lang='grc' dir='ltr'>ἱαυῖτὸν</span> <span class='ocrx_word' id='word_1_607' title='bbox 966 4528 1348 4603; x_wconf 76' lang='grc' dir='ltr'>ἀνενεγκόντος</span> <span class='ocrx_word' id='word_1_608' title='bbox 1382 4526 1505 4598; x_wconf 75' lang='grc' dir='ltr'>Θεῷ</span> <span class='ocrx_word' id='word_1_609' title='bbox 1527 4526 1842 4602; x_wconf 74' lang='grc' dir='ltr'>προσφοράν</span> <span class='ocrx_word' id='word_1_610' title='bbox 1873 4526 1965 4581; x_wconf 80' lang='grc' dir='ltr'><strong>καὶ</strong></span> 
     </span>
    </p>
   </div>
   <div class='ocr_carea' id='block_1_75' title="bbox 334 4602 857 4675">
    <p class='ocr_par' dir='ltr' id='par_1_75' title="bbox 334 4602 857 4675">
     <span class='ocr_line' id='line_1_75' title="bbox 334 4602 857 4675; baseline 0 -18"><span class='ocrx_word' id='word_1_611' title='bbox 334 4602 542 4675; x_wconf 76' lang='grc' dir='ltr'>υσίαν)</span> <span class='ocrx_word' id='word_1_612' title='bbox 556 4602 857 4675; x_wconf 74' lang='lat' dir='ltr'><strong>omittens.</strong></span> 
     </span>
    </p>
   </div>
   <div class='ocr_carea' id='block_1_76' title="bbox 350 4667 1969 4763">
    <p class='ocr_par' dir='ltr' id='par_1_76' title="bbox 350 4667 1969 4763">
     <span class='ocr_line' id='line_1_76' title="bbox 350 4667 1969 4763; baseline -0.003 -34"><span class='ocrx_word' id='word_1_613' title='bbox 350 4667 684 4763; x_wconf 52' lang='grc' dir='ltr'>’(14)”Επεὶ</span> <span class='ocrx_word' id='word_1_614' title='bbox 742 4671 836 4726; x_wconf 84' lang='grc' dir='ltr'><strong>οῦν</strong></span> <span class='ocrx_word' id='word_1_615' title='bbox 890 4678 982 4729; x_wconf 88' lang='lat' dir='ltr'><strong>est</strong></span> <span class='ocrx_word' id='word_1_616' title='bbox 1037 4673 1166 4728; x_wconf 87' lang='lat' dir='ltr'><strong>sine</strong></span> <span class='ocrx_word' id='word_1_617' title='bbox 1215 4669 1479 4743; x_wconf 86' lang='lat' dir='ltr'><strong>apodosi.</strong></span> <span class='ocrx_word' id='word_1_618' title='bbox 1530 4672 1632 4728; x_wconf 82' lang='lat' dir='ltr'><strong>Ms.</strong></span> <span class='ocrx_word' id='word_1_619' title='bbox 1665 4667 1969 4742; x_wconf 83' lang='grc' dir='ltr'>πολυπλη-</span> 
     </span>
    </p>
   </div>
   <div class='ocr_carea' id='block_1_77' title="bbox 346 4766 462 4800">
    <p class='ocr_par' dir='ltr' id='par_1_77' title="bbox 346 4766 462 4800">
     <span class='ocr_line' id='line_1_77' title="bbox 346 4766 462 4800; baseline 0.009 -1"><span class='ocrx_word' id='word_1_620' title='bbox 346 4766 462 4800; x_wconf 79' lang='grc' dir='ltr'>ιαν.</span> 
     </span>
    </p>
   </div>
   <div class='ocr_carea' id='block_1_78' title="bbox 301 4766 1965 4888">
    <p class='ocr_par' dir='ltr' id='par_1_78' title="bbox 301 4766 1965 4888">
     <span class='ocr_line' id='line_1_78' title="bbox 301 4766 1965 4888; baseline -0.001 -16"><span class='ocrx_word' id='word_1_621' title='bbox 301 4766 496 4888; x_wconf 48' lang='lat' dir='ltr'><strong>Pu3.5)</strong></span> <span class='ocrx_word' id='word_1_622' title='bbox 522 4818 567 4873; x_wconf 88' lang='grc' dir='ltr'><strong>Ι.</strong></span> <span class='ocrx_word' id='word_1_623' title='bbox 601 4833 652 4872; x_wconf 89' lang='lat' dir='ltr'><strong>e.</strong></span> <span class='ocrx_word' id='word_1_624' title='bbox 687 4820 968 4888; x_wconf 82' lang='lat' dir='ltr'><strong>episcopus</strong></span> <span class='ocrx_word' id='word_1_625' title='bbox 998 4815 1253 4888; x_wconf 70' lang='lat' dir='ltr'><strong>visibilis,</strong></span> <span class='ocrx_word' id='word_1_626' title='bbox 1284 4814 1472 4888; x_wconf 90' lang='lat' dir='ltr'><strong>vicem</strong></span> <span class='ocrx_word' id='word_1_627' title='bbox 1513 4830 1724 4886; x_wconf 76' lang='lat' dir='ltr'><strong>gerens</strong></span> <span class='ocrx_word' id='word_1_628' title='bbox 1754 4813 1965 4885; x_wconf 83' lang='lat' dir='ltr'><strong>episco-</strong></span> 
     </span>
    </p>
   </div>
   <div class='ocr_carea' id='block_1_79' title="bbox 288 4886 1964 5030">
    <p class='ocr_par' dir='ltr' id='par_1_79' title="bbox 288 4886 1964 5030">
     <span class='ocr_line' id='line_1_79' title="bbox 288 4886 1964 4961; baseline -0.001 -17"><span class='ocrx_word' id='word_1_629' title='bbox 288 4886 729 4961; x_wconf 28' lang='lat' dir='ltr'><strong>pi’inoisibitis,’</strong></span> <span class='ocrx_word' id='word_1_630' title='bbox 763 4886 970 4943; x_wconf 78' lang='lat' dir='ltr'><strong>Christi</strong></span> <span class='ocrx_word' id='word_1_631' title='bbox 1018 4887 1136 4943; x_wconf 76' lang='lat' dir='ltr'><strong>Cir.</strong></span> <span class='ocrx_word' id='word_1_632' title='bbox 1186 4887 1374 4944; x_wconf 78' lang='lat' dir='ltr'><strong>Bothe</strong></span> <span class='ocrx_word' id='word_1_633' title='bbox 1419 4888 1706 4956; x_wconf 82' lang='lat' dir='ltr'><strong>Anfange,</strong></span> <span class='ocrx_word' id='word_1_634' title='bbox 1740 4893 1829 4942; x_wconf 90' lang='lat' dir='ltr'><strong>etc</strong></span> <span class='ocrx_word' id='word_1_635' title='bbox 1862 4929 1877 4955; x_wconf 96' lang='lat'><strong>,</strong></span> <span class='ocrx_word' id='word_1_636' title='bbox 1905 4904 1964 4959; x_wconf 90' lang='lat' dir='ltr'><strong>p.</strong></span> 
     </span>
     <span class='ocr_line' id='line_1_80' title="bbox 294 4958 1597 5030; baseline -0.002 -14"><span class='ocrx_word' id='word_1_637' title='bbox 294 4963 442 5016; x_wconf 72' lang='grc'>476.</span> <span class='ocrx_word' id='word_1_638' title='bbox 465 4960 645 5030; x_wconf 83' lang='lat' dir='ltr'><strong>Syrus</strong></span> <span class='ocrx_word' id='word_1_639' title='bbox 672 4959 850 5015; x_wconf 86' lang='lat' dir='ltr'><strong>verba</strong></span> <span class='ocrx_word' id='word_1_640' title='bbox 876 4958 935 5011; x_wconf 78' lang='grc' dir='ltr'><strong>’ἐν</strong></span> <span class='ocrx_word' id='word_1_641' title='bbox 965 4958 1122 5030; x_wconf 82' lang='grc' dir='ltr'>σαρκί</span> <span class='ocrx_word' id='word_1_642' title='bbox 1155 4958 1433 5030; x_wconf 84' lang='lat' dir='ltr'><strong>neglexit.</strong></span> <span class='ocrx_word' id='word_1_643' title='bbox 1593 5029 1597 5030; x_wconf 13' lang='grc' dir='ltr'>ί</span> 
     </span>
    </p>
   </div>
   <div class='ocr_carea' id='block_1_80' title="bbox 383 4976 1969 5104">
    <p class='ocr_par' dir='ltr' id='par_1_80' title="bbox 383 4976 1969 5104">
     <span class='ocr_line' id='line_1_81' title="bbox 383 4976 1433 5033; baseline -0.001 -19"><span class='ocrx_word' id='word_1_644' title='bbox 383 4976 442 5015; x_wconf 76' lang='grc' dir='ltr'><strong>ο.</strong></span> <span class='ocrx_word' id='word_1_645' title='bbox 465 4976 645 5032; x_wconf 67' lang='lat' dir='ltr'><strong>byms</strong></span> <span class='ocrx_word' id='word_1_646' title='bbox 672 4976 850 5015; x_wconf 86' lang='lat' dir='ltr'><strong>verna</strong></span> <span class='ocrx_word' id='word_1_647' title='bbox 878 4976 935 5011; x_wconf 76' lang='grc' dir='ltr'><strong>εν</strong></span> <span class='ocrx_word' id='word_1_648' title='bbox 965 4976 1122 5033; x_wconf 82' lang='grc' dir='ltr'>σαρκι</span> <span class='ocrx_word' id='word_1_649' title='bbox 1155 4976 1433 5030; x_wconf 74' lang='lat' dir='ltr'><strong>neglexit.</strong></span> 
     </span>
     <span class='ocr_line' id='line_1_82' title="bbox 383 5028 1969 5104; baseline 0 -18"><span class='ocrx_word' id='word_1_650' title='bbox 383 5032 501 5104; x_wconf 78' lang='grc'>(16)</span> <span class='ocrx_word' id='word_1_651' title='bbox 527 5032 738 5104; x_wconf 86' lang='lat' dir='ltr'><strong>Totum</strong></span> <span class='ocrx_word' id='word_1_652' title='bbox 766 5036 945 5104; x_wconf 87' lang='lat' dir='ltr'><strong>caput</strong></span> <span class='ocrx_word' id='word_1_653' title='bbox 983 5029 1311 5104; x_wconf 74' lang='lat' dir='ltr'><strong>secundum</strong></span> <span class='ocrx_word' id='word_1_654' title='bbox 1339 5028 1532 5104; x_wconf 86' lang='lat' dir='ltr'><strong>_deest</strong></span> <span class='ocrx_word' id='word_1_655' title='bbox 1587 5029 1647 5104; x_wconf 79' lang='lat' dir='ltr'><strong>in</strong></span> <span class='ocrx_word' id='word_1_656' title='bbox 1698 5029 1969 5104; x_wconf 83' lang='lat' dir='ltr'><strong>versione</strong></span> 
     </span>
    </p>
   </div>
   <div class='ocr_carea' id='block_1_81' title="bbox 298 5101 1968 5176">
    <p class='ocr_par' dir='ltr' id='par_1_81' title="bbox 298 5101 1968 5176">
     <span class='ocr_line' id='line_1_83' title="bbox 298 5101 1968 5176; baseline -0.001 -18"><span class='ocrx_word' id='word_1_657' title='bbox 298 5101 593 5176; x_wconf 81' lang='lat' dir='ltr'><strong>Syriaca;</strong></span> <span class='ocrx_word' id='word_1_658' title='bbox 625 5102 759 5176; x_wconf 77' lang='lat' dir='ltr'><strong>pius</strong></span> <span class='ocrx_word' id='word_1_659' title='bbox 790 5101 951 5176; x_wconf 83' lang='lat' dir='ltr'><strong>enim</strong></span> <span class='ocrx_word' id='word_1_660' title='bbox 982 5102 1081 5157; x_wconf 90' lang='lat' dir='ltr'><strong>ille</strong></span> <span class='ocrx_word' id='word_1_661' title='bbox 1122 5101 1472 5176; x_wconf 84' lang='lat' dir='ltr'><strong>monachus,</strong></span> <span class='ocrx_word' id='word_1_662' title='bbox 1504 5101 1605 5176; x_wconf 81' lang='lat' dir='ltr'><strong>qui</strong></span> <span class='ocrx_word' id='word_1_663' title='bbox 1629 5102 1968 5176; x_wconf 65' lang='lat' dir='ltr'><strong>versionem</strong></span> 
     </span>
    </p>
   </div>
   <div class='ocr_carea' id='block_1_82' title="bbox 296 5172 1968 5246">
    <p class='ocr_par' dir='ltr' id='par_1_82' title="bbox 296 5172 1968 5246">
     <span class='ocr_line' id='line_1_84' title="bbox 296 5172 1968 5246; baseline -0.002 -15"><span class='ocrx_word' id='word_1_664' title='bbox 296 5172 989 5246; x_wconf 39' lang='lat' dir='ltr'><strong>Syriacam—elaboravit,</strong></span> <span class='ocrx_word' id='word_1_665' title='bbox 1020 5174 1220 5229; x_wconf 89' lang='lat' dir='ltr'><strong>omnia</strong></span> <span class='ocrx_word' id='word_1_666' title='bbox 1236 5172 1521 5246; x_wconf 88' lang='lat' dir='ltr'><strong>omisisse</strong></span> <span class='ocrx_word' id='word_1_667' title='bbox 1552 5172 1804 5246; x_wconf 86' lang='lat' dir='ltr'><strong>videtur,</strong></span> <span class='ocrx_word' id='word_1_668' title='bbox 1837 5189 1968 5243; x_wconf 69' lang='lat' dir='ltr'><strong>quas</strong></span> 
     </span>
    </p>
   </div>
   <div class='ocr_carea' id='block_1_83' title="bbox 298 5244 1969 5318">
    <p class='ocr_par' dir='ltr' id='par_1_83' title="bbox 298 5244 1969 5318">
     <span class='ocr_line' id='line_1_85' title="bbox 298 5244 1969 5318; baseline -0.001 -17"><span class='ocrx_word' id='word_1_669' title='bbox 298 5244 433 5318; x_wconf 78' lang='lat' dir='ltr'><strong>ipsi</strong></span> <span class='ocrx_word' id='word_1_670' title='bbox 464 5252 524 5301; x_wconf 89' lang='lat' dir='ltr'><strong>et</strong></span> <span class='ocrx_word' id='word_1_671' title='bbox 549 5247 684 5302; x_wconf 89' lang='lat' dir='ltr'><strong>usui</strong></span> <span class='ocrx_word' id='word_1_672' title='bbox 734 5262 840 5302; x_wconf 89' lang='lat' dir='ltr'><strong>suo</strong></span> <span class='ocrx_word' id='word_1_673' title='bbox 890 5249 1125 5303; x_wconf 84' lang='lat' dir='ltr'><strong>ascetico</strong></span> <span class='ocrx_word' id='word_1_674' title='bbox 1166 5244 1366 5318; x_wconf 86' lang='lat' dir='ltr'><strong>minus</strong></span> <span class='ocrx_word' id='word_1_675' title='bbox 1409 5258 1671 5318; x_wconf 81' lang='lat' dir='ltr'><strong>congrua</strong></span> <span class='ocrx_word' id='word_1_676' title='bbox 1698 5244 1969 5318; x_wconf 82' lang='lat' dir='ltr'><strong>minusve</strong></span> 
     </span>
    </p>
   </div>
   <div class='ocr_carea' id='block_1_84' title="bbox 299 5314 1968 5389">
    <p class='ocr_par' dir='ltr' id='par_1_84' title="bbox 299 5314 1968 5389">
     <span class='ocr_line' id='line_1_86' title="bbox 299 5314 1968 5389; baseline -0.002 -15"><span class='ocrx_word' id='word_1_677' title='bbox 299 5314 656 5374; x_wconf 71' lang='lat' dir='ltr'><strong>necessaria</strong></span> <span class='ocrx_word' id='word_1_678' title='bbox 677 5318 943 5389; x_wconf 86' lang='lat' dir='ltr'><strong>putabat.</strong></span> <span class='ocrx_word' id='word_1_679' title='bbox 978 5316 1391 5389; x_wconf 81' lang='lat' dir='ltr'><strong>Paraeneticos_</strong></span> <span class='ocrx_word' id='word_1_680' title='bbox 1410 5330 1546 5389; x_wconf 87' lang='lat' dir='ltr'><strong>vero</strong></span> <span class='ocrx_word' id='word_1_681' title='bbox 1579 5314 1968 5389; x_wconf 81' lang='lat' dir='ltr'><strong>epistolamm</strong></span> 
     </span>
    </p>
   </div>
   <div class='ocr_carea' id='block_1_85' title="bbox 301 5385 1968 5462">
    <p class='ocr_par' dir='ltr' id='par_1_85' title="bbox 301 5385 1968 5462">
     <span class='ocr_line' id='line_1_87' title="bbox 301 5385 1968 5462; baseline -0.002 -17"><span class='ocrx_word' id='word_1_682' title='bbox 301 5385 762 5462; x_wconf 79' lang='lat' dir='ltr'><strong>Ignatianarum</strong></span> <span class='ocrx_word' id='word_1_683' title='bbox 782 5389 944 5462; x_wconf 84' lang='lat' dir='ltr'><strong>locos</strong></span> <span class='ocrx_word' id='word_1_684' title='bbox 966 5403 1294 5462; x_wconf 81' lang='lat' dir='ltr'><strong>omnesque</strong></span> <span class='ocrx_word' id='word_1_685' title='bbox 1323 5385 1397 5442; x_wconf 87' lang='lat' dir='ltr'><strong>ad</strong></span> <span class='ocrx_word' id='word_1_686' title='bbox 1419 5385 1597 5462; x_wconf 77' lang='lat' dir='ltr'><strong>vitam</strong></span> <span class='ocrx_word' id='word_1_687' title='bbox 1622 5385 1774 5462; x_wconf 67' lang='lat' dir='ltr'><strong>bene</strong></span> <span class='ocrx_word' id='word_1_688' title='bbox 1798 5387 1968 5442; x_wconf 87' lang='lat' dir='ltr'><strong>insti-</strong></span> 
     </span>
    </p>
   </div>
   <div class='ocr_carea' id='block_1_86' title="bbox 301 5457 1971 5529">
    <p class='ocr_par' dir='ltr' id='par_1_86' title="bbox 301 5457 1971 5529">
     <span class='ocr_line' id='line_1_88' title="bbox 301 5457 1971 5529; baseline -0.001 -13"><span class='ocrx_word' id='word_1_689' title='bbox 301 5457 607 5516; x_wconf 68' lang='lat' dir='ltr'><strong>tuendam</strong></span> <span class='ocrx_word' id='word_1_690' title='bbox 638 5460 1085 5516; x_wconf 82' lang='lat' dir='ltr'><strong>exhortationes</strong></span> <span class='ocrx_word' id='word_1_691' title='bbox 1126 5457 1332 5514; x_wconf 86' lang='lat' dir='ltr'><strong>sedulo</strong></span> <span class='ocrx_word' id='word_1_692' title='bbox 1372 5457 1629 5529; x_wconf 85' lang='lat' dir='ltr'><strong>collegit.</strong></span> <span class='ocrx_word' id='word_1_693' title='bbox 1674 5459 1971 5514; x_wconf 80' lang='lat' dir='ltr'><strong>Praeterea</strong></span> 
     </span>
    </p>
   </div>
   <div class='ocr_carea' id='block_1_87' title="bbox 300 5529 1967 5658">
    <p class='ocr_par' dir='ltr' id='par_1_87' title="bbox 300 5529 1967 5658">
     <span class='ocr_line' id='line_1_89' title="bbox 300 5529 1967 5605; baseline -0.001 -17"><span class='ocrx_word' id='word_1_694' title='bbox 300 5531 390 5588; x_wconf 83' lang='lat' dir='ltr'><strong>ad</strong></span> <span class='ocrx_word' id='word_1_695' title='bbox 428 5531 538 5587; x_wconf 90' lang='lat' dir='ltr'><strong>hoc</strong></span> <span class='ocrx_word' id='word_1_696' title='bbox 568 5537 747 5605; x_wconf 88' lang='lat' dir='ltr'><strong>caput</strong></span> <span class='ocrx_word' id='word_1_697' title='bbox 773 5531 1045 5588; x_wconf 85' lang='lat' dir='ltr'><strong>conferas</strong></span> <span class='ocrx_word' id='word_1_698' title='bbox 1094 5531 1301 5601; x_wconf 82' lang='lat' dir='ltr'><strong>Bothe,</strong></span> <span class='ocrx_word' id='word_1_699' title='bbox 1332 5531 1596 5599; x_wconf 83' lang='lat' dir='ltr'><strong>Anfange</strong></span> <span class='ocrx_word' id='word_1_700' title='bbox 1623 5530 1721 5585; x_wconf 85' lang='lat' dir='ltr'><strong>der</strong></span> <span class='ocrx_word' id='word_1_701' title='bbox 1748 5529 1967 5587; x_wconf 76' lang='lat' dir='ltr'><strong>christl.</strong></span> 
     </span>
     <span class='ocr_line' id='line_1_90' title="bbox 300 5603 785 5658; baseline 0 0"><span class='ocrx_word' id='word_1_702' title='bbox 300 5603 541 5658; x_wconf 79' lang='lat' dir='ltr'><strong>Kirche.</strong></span> <span class='ocrx_word' id='word_1_703' title='bbox 570 5621 627 5658; x_wconf 79' lang='grc' dir='ltr'><strong>ο.</strong></span> <span class='ocrx_word' id='word_1_704' title='bbox 661 5605 785 5658; x_wconf 83' lang='grc'>491.</span> 
     </span>
    </p>
   </div>
   <div class='ocr_carea' id='block_1_88' title="bbox 300 5605 1751 5746">
    <p class='ocr_par' dir='ltr' id='par_1_88' title="bbox 300 5605 1751 5746">
     <span class='ocr_line' id='line_1_91' title="bbox 300 5605 785 5668; baseline 0 -9"><span class='ocrx_word' id='word_1_705' title='bbox 300 5605 541 5668; x_wconf 81' lang='lat' dir='ltr'><strong>Kirche.</strong></span> <span class='ocrx_word' id='word_1_706' title='bbox 615 5646 627 5659; x_wconf 94' lang='lat'><strong>.</strong></span> <span class='ocrx_word' id='word_1_707' title='bbox 661 5605 785 5659; x_wconf 83' lang='grc'>491.</span> 
     </span>
     <span class='ocr_line' id='line_1_92' title="bbox 390 5621 1751 5746; baseline 0.001 -18"><span class='ocrx_word' id='word_1_708' title='bbox 390 5674 507 5746; x_wconf 84' lang='lat' dir='ltr'><strong>(l7)</strong></span> <span class='ocrx_word' id='word_1_709' title='bbox 542 5621 660 5731; x_wconf 49' lang='lat' dir='ltr'><strong>\Kn</strong></span> <span class='ocrx_word' id='word_1_710' title='bbox 690 5676 972 5744; x_wconf 84' lang='lat' dir='ltr'><strong>Paulina;</strong></span> <span class='ocrx_word' id='word_1_711' title='bbox 1003 5677 1028 5732; x_wconf 89' lang='grc' dir='ltr'><strong>Ῑ</strong></span> <span class='ocrx_word' id='word_1_712' title='bbox 1056 5676 1187 5733; x_wconf 90' lang='lat' dir='ltr'><strong>Cor.</strong></span> <span class='ocrx_word' id='word_1_713' title='bbox 1220 5691 1335 5744; x_wconf 76' lang='lat' dir='ltr'><strong>xw,</strong></span> <span class='ocrx_word' id='word_1_714' title='bbox 1370 5675 1454 5745; x_wconf 80' lang='lat' dir='ltr'><strong>l3,</strong></span> <span class='ocrx_word' id='word_1_715' title='bbox 1486 5677 1596 5728; x_wconf 88' lang='lat' dir='ltr'><strong>etc.</strong></span> <span class='ocrx_word' id='word_1_716' title='bbox 1631 5675 1751 5729; x_wconf 53' lang='lat' dir='ltr'><strong>Jac.</strong></span> 
     </span>
    </p>
   </div>
   <div class='ocr_carea' id='block_1_89' title="bbox 2147 4455 3733 4530">
    <p class='ocr_par' dir='ltr' id='par_1_89' title="bbox 2147 4455 3733 4530">
     <span class='ocr_line' id='line_1_93' title="bbox 2147 4455 3733 4530; baseline -0.001 -17"><span class='ocrx_word' id='word_1_717' title='bbox 2147 4457 2260 4530; x_wconf 90' lang='grc'>(18)</span> <span class='ocrx_word' id='word_1_718' title='bbox 2292 4458 2380 4513; x_wconf 88' lang='lat' dir='ltr'><strong>Ita</strong></span> <span class='ocrx_word' id='word_1_719' title='bbox 2411 4474 2544 4525; x_wconf 89' lang='lat' dir='ltr'><strong>ms.,</strong></span> <span class='ocrx_word' id='word_1_720' title='bbox 2563 4473 2758 4530; x_wconf 85' lang='lat' dir='ltr'><strong>neque</strong></span> <span class='ocrx_word' id='word_1_721' title='bbox 2788 4455 3135 4530; x_wconf 80' lang='lat' dir='ltr'><strong>aliterlegit</strong></span> <span class='ocrx_word' id='word_1_722' title='bbox 3152 4460 3263 4513; x_wconf 88' lang='lat' dir='ltr'><strong>vet.</strong></span> <span class='ocrx_word' id='word_1_723' title='bbox 3283 4456 3416 4530; x_wconf 78' lang='lat' dir='ltr'><strong>int.,</strong></span> <span class='ocrx_word' id='word_1_724' title='bbox 3437 4455 3580 4530; x_wconf 72' lang='lat' dir='ltr'><strong>dum</strong></span> <span class='ocrx_word' id='word_1_725' title='bbox 3600 4472 3733 4530; x_wconf 64' lang='lat' dir='ltr'><strong>ver-</strong></span> 
     </span>
    </p>
   </div>
   <div class='ocr_carea' id='block_1_90' title="bbox 2076 4526 3728 4600">
    <p class='ocr_par' dir='ltr' id='par_1_90' title="bbox 2076 4526 3728 4600">
     <span class='ocr_line' id='line_1_94' title="bbox 2076 4526 3728 4600; baseline -0.002 -17"><span class='ocrx_word' id='word_1_726' title='bbox 2076 4526 2167 4596; x_wconf 78' lang='lat' dir='ltr'><strong>tit,</strong></span> <span class='ocrx_word' id='word_1_727' title='bbox 2199 4526 2512 4599; x_wconf 82' lang='lat' dir='ltr'><strong>refrigeret.</strong></span> <span class='ocrx_word' id='word_1_728' title='bbox 2545 4526 2739 4600; x_wconf 80' lang='lat' dir='ltr'><strong>Editi:</strong></span> <span class='ocrx_word' id='word_1_729' title='bbox 2792 4526 3078 4600; x_wconf 68' lang='grc' dir='ltr'>ἀναψύξειξ</span> <span class='ocrx_word' id='word_1_730' title='bbox 3094 4530 3322 4600; x_wconf 60' lang='grc' dir='ltr'>ᾘελιιε.</span> <span class='ocrx_word' id='word_1_731' title='bbox 3356 4528 3476 4581; x_wconf 57' lang='lat' dir='ltr'><strong>Jac.</strong></span> <span class='ocrx_word' id='word_1_732' title='bbox 3510 4528 3624 4581; x_wconf 83' lang='lat' dir='ltr'><strong>Cfr.</strong></span> <span class='ocrx_word' id='word_1_733' title='bbox 3657 4526 3728 4596; x_wconf 87' lang='lat' dir='ltr'><strong>II,</strong></span> 
     </span>
    </p>
   </div>
   <div class='ocr_carea' id='block_1_91' title="bbox 2073 4593 3725 4727">
    <p class='ocr_par' dir='ltr' id='par_1_91' title="bbox 2073 4593 3725 4727">
     <span class='ocr_line' id='line_1_95' title="bbox 2073 4593 3725 4727; baseline -0.001 -74"><span class='ocrx_word' id='word_1_734' title='bbox 2073 4593 2223 4727; x_wconf 47' lang='grc' dir='ltr'><strong>ἓΓὶέῙΙ.</strong></span> <span class='ocrx_word' id='word_1_735' title='bbox 2258 4593 2479 4671; x_wconf 46' lang='grc'><strong>’1,’262</strong></span> <span class='ocrx_word' id='word_1_736' title='bbox 2533 4596 2804 4660; x_wconf 81' lang='grc' dir='ltr'>πολλάκις</span> <span class='ocrx_word' id='word_1_737' title='bbox 2867 4593 2932 4672; x_wconf 76' lang='grc' dir='ltr'>μὲ</span> <span class='ocrx_word' id='word_1_738' title='bbox 2984 4593 3229 4672; x_wconf 73' lang='grc' dir='ltr'>ἆνέψυξε,</span> <span class='ocrx_word' id='word_1_739' title='bbox 3262 4604 3320 4653; x_wconf 89' lang='lat' dir='ltr'><strong>et</strong></span> <span class='ocrx_word' id='word_1_740' title='bbox 3347 4601 3475 4654; x_wconf 89' lang='lat' dir='ltr'><strong>Act.</strong></span> <span class='ocrx_word' id='word_1_741' title='bbox 3508 4614 3593 4669; x_wconf 82' lang='grc' dir='ltr'>ιιι,</span> <span class='ocrx_word' id='word_1_742' title='bbox 3642 4593 3725 4652; x_wconf 68' lang='lat' dir='ltr'><strong>l9.</strong></span> 
     </span>
     <span class='ocr_line' id='line_1_96' title="bbox 2105 4688 2196 4726; baseline 0 0"><span class='ocrx_word' id='word_1_743' title='bbox 2105 4688 2196 4726; x_wconf 78' lang='grc' dir='ltr'><strong>ΔΟ.</strong></span> 
     </span>
    </p>
   </div>
   <div class='ocr_carea' id='block_1_92' title="bbox 2105 4688 2196 4726">
    <p class='ocr_par' dir='ltr' id='par_1_92' title="bbox 2105 4688 2196 4726">
     <span class='ocr_line' id='line_1_97' title="bbox 2105 4688 2196 4726; baseline 0 0"><span class='ocrx_word' id='word_1_744' title='bbox 2105 4688 2196 4726; x_wconf 79' lang='grc' dir='ltr'><strong>ΔΟ.</strong></span> 
     </span>
    </p>
   </div>
   <div class='ocr_carea' id='block_1_93' title="bbox 2146 4737 3723 4813">
    <p class='ocr_par' dir='ltr' id='par_1_93' title="bbox 2146 4737 3723 4813">
     <span class='ocr_line' id='line_1_98' title="bbox 2146 4737 3723 4813; baseline -0.003 -16"><span class='ocrx_word' id='word_1_745' title='bbox 2146 4744 2264 4812; x_wconf 85' lang='grc'>(19)</span> <span class='ocrx_word' id='word_1_746' title='bbox 2295 4742 2547 4797; x_wconf 91' lang='lat' dir='ltr'><strong>Phrasin</strong></span> <span class='ocrx_word' id='word_1_747' title='bbox 2578 4742 2730 4797; x_wconf 88' lang='lat' dir='ltr'><strong>hanc</strong></span> <span class='ocrx_word' id='word_1_748' title='bbox 2759 4741 3167 4813; x_wconf 88' lang='lat' dir='ltr'><strong>apostolicam,</strong></span> <span class='ocrx_word' id='word_1_749' title='bbox 3202 4758 3232 4796; x_wconf 90' lang='lat' dir='ltr'><strong>e</strong></span> <span class='ocrx_word' id='word_1_750' title='bbox 3264 4742 3318 4796; x_wconf 93' lang='lat' dir='ltr'><strong>S.</strong></span> <span class='ocrx_word' id='word_1_751' title='bbox 3344 4739 3510 4813; x_wconf 86' lang='lat' dir='ltr'><strong>Pauli</strong></span> <span class='ocrx_word' id='word_1_752' title='bbox 3541 4737 3723 4812; x_wconf 85' lang='lat' dir='ltr'><strong>Ep.ad</strong></span> 
     </span>
    </p>
   </div>
   <div class='ocr_carea' id='block_1_94' title="bbox 2074 4812 3731 4940">
    <p class='ocr_par' dir='ltr' id='par_1_94' title="bbox 2074 4812 3731 4940">
     <span class='ocr_line' id='line_1_99' title="bbox 2074 4812 3731 4887; baseline -0.002 -18"><span class='ocrx_word' id='word_1_753' title='bbox 2074 4813 2350 4883; x_wconf 89' lang='lat' dir='ltr'><strong>Philem.,</strong></span> <span class='ocrx_word' id='word_1_754' title='bbox 2382 4819 2450 4869; x_wconf 91' lang='lat' dir='ltr'><strong>ut</strong></span> <span class='ocrx_word' id='word_1_755' title='bbox 2497 4814 2747 4885; x_wconf 88' lang='lat' dir='ltr'><strong>videtur,</strong></span> <span class='ocrx_word' id='word_1_756' title='bbox 2796 4812 3203 4887; x_wconf 21' lang='lat' dir='ltr'><strong>idesumptam,</strong></span> <span class='ocrx_word' id='word_1_757' title='bbox 3236 4812 3451 4884; x_wconf 74' lang='lat' dir='ltr'><strong>saepius</strong></span> <span class='ocrx_word' id='word_1_758' title='bbox 3482 4816 3731 4883; x_wconf 87' lang='lat' dir='ltr'><strong>usurpat</strong></span> 
     </span>
     <span class='ocr_line' id='line_1_100' title="bbox 2076 4885 2509 4940; baseline -0.002 0"><span class='ocrx_word' id='word_1_759' title='bbox 2076 4885 2360 4940; x_wconf 76' lang='lat' dir='ltr'><strong>lanatius.</strong></span> <span class='ocrx_word' id='word_1_760' title='bbox 2390 4885 2509 4940; x_wconf 77' lang='lat' dir='ltr'><strong>JAC.</strong></span> 
     </span>
    </p>
   </div>
   <div class='ocr_carea' id='block_1_95' title="bbox 2145 4885 2509 4941">
    <p class='ocr_par' dir='ltr' id='par_1_95' title="bbox 2145 4885 2509 4941">
     <span class='ocr_line' id='line_1_101' title="bbox 2145 4885 2509 4941; baseline -0.003 -1"><span class='ocrx_word' id='word_1_761' title='bbox 2145 4885 2360 4940; x_wconf 88' lang='lat' dir='ltr'><strong>natius.</strong></span> <span class='ocrx_word' id='word_1_762' title='bbox 2390 4885 2509 4941; x_wconf 78' lang='lat' dir='ltr'><strong>JAC.</strong></span> 
     </span>
    </p>
   </div>
   <div class='ocr_carea' id='block_1_96' title="bbox 2106 4903 3726 5029">
    <p class='ocr_par' dir='ltr' id='par_1_96' title="bbox 2106 4903 3726 5029">
     <span class='ocr_line' id='line_1_102' title="bbox 2145 4903 2509 4941; baseline -0.003 -1"><span class='ocrx_word' id='word_1_763' title='bbox 2145 4903 2360 4940; x_wconf 83' lang='lat' dir='ltr'><strong>nauus.</strong></span> <span class='ocrx_word' id='word_1_764' title='bbox 2390 4903 2509 4941; x_wconf 67' lang='lat' dir='ltr'><strong>uc.</strong></span> 
     </span>
     <span class='ocr_line' id='line_1_103' title="bbox 2106 4903 3726 5029; baseline -0.002 -17"><span class='ocrx_word' id='word_1_765' title='bbox 2106 4903 2262 5029; x_wconf 72' lang='lat'><strong>3(20)</strong></span> <span class='ocrx_word' id='word_1_766' title='bbox 2293 4958 2426 5012; x_wconf 73' lang='lat' dir='ltr'><strong>Haac</strong></span> <span class='ocrx_word' id='word_1_767' title='bbox 2452 4956 2705 5025; x_wconf 88' lang='lat' dir='ltr'><strong>inclusa,</strong></span> <span class='ocrx_word' id='word_1_768' title='bbox 2738 4973 2773 5013; x_wconf 89' lang='lat' dir='ltr'><strong>a</strong></span> <span class='ocrx_word' id='word_1_769' title='bbox 2801 4962 2913 5013; x_wconf 86' lang='lat' dir='ltr'><strong>vet.</strong></span> <span class='ocrx_word' id='word_1_770' title='bbox 2972 4955 3079 5014; x_wconf 92' lang='lat' dir='ltr'><strong>int.</strong></span> <span class='ocrx_word' id='word_1_771' title='bbox 3135 4972 3258 5029; x_wconf 88' lang='lat' dir='ltr'><strong>non</strong></span> <span class='ocrx_word' id='word_1_772' title='bbox 3305 4955 3523 5027; x_wconf 81' lang='lat' dir='ltr'><strong>agnita,</strong></span> <span class='ocrx_word' id='word_1_773' title='bbox 3571 4954 3726 5010; x_wconf 88' lang='lat' dir='ltr'><strong>male</strong></span> 
     </span>
    </p>
   </div>
   <div class='ocr_carea' id='block_1_97' title="bbox 2077 5028 3404 5096">
    <p class='ocr_par' dir='ltr' id='par_1_97' title="bbox 2077 5028 3404 5096">
     <span class='ocr_line' id='line_1_104' title="bbox 2077 5028 3404 5096; baseline -0.002 -11"><span class='ocrx_word' id='word_1_774' title='bbox 2077 5028 2302 5085; x_wconf 80' lang='lat' dir='ltr'><strong>inSerta</strong></span> <span class='ocrx_word' id='word_1_775' title='bbox 2332 5034 2471 5084; x_wconf 90' lang='lat' dir='ltr'><strong>sunt</strong></span> <span class='ocrx_word' id='word_1_776' title='bbox 2501 5046 2570 5084; x_wconf 83' lang='lat' dir='ltr'><strong>ex</strong></span> <span class='ocrx_word' id='word_1_777' title='bbox 2600 5031 2624 5083; x_wconf 94' lang='grc' dir='ltr'><strong>Ι</strong></span> <span class='ocrx_word' id='word_1_778' title='bbox 2653 5030 2783 5084; x_wconf 91' lang='lat' dir='ltr'><strong>Cor.</strong></span> <span class='ocrx_word' id='word_1_779' title='bbox 2816 5046 2854 5096; x_wconf 87' lang='grc' dir='ltr'><strong>ι,</strong></span> <span class='ocrx_word' id='word_1_780' title='bbox 2886 5032 2971 5083; x_wconf 90' lang='grc'><strong>10.</strong></span> <span class='ocrx_word' id='word_1_781' title='bbox 3004 5031 3203 5085; x_wconf 71' lang='grc' dir='ltr'>ΡΕΑιις.</span> <span class='ocrx_word' id='word_1_782' title='bbox 3235 5028 3404 5083; x_wconf 66' lang='lat' dir='ltr'><strong>GALL.</strong></span> 
     </span>
    </p>
   </div>
   <div class='ocr_carea' id='block_1_98' title="bbox 2172 5095 3655 5169">
    <p class='ocr_par' dir='ltr' id='par_1_98' title="bbox 2172 5095 3655 5169">
     <span class='ocr_line' id='line_1_105' title="bbox 2172 5095 3655 5169; baseline -0.001 -15"><span class='ocrx_word' id='word_1_783' title='bbox 2172 5101 2264 5163; x_wconf 83' lang='grc'>21)</span> <span class='ocrx_word' id='word_1_784' title='bbox 2293 5100 2379 5155; x_wconf 86' lang='lat' dir='ltr'><strong>Ita</strong></span> <span class='ocrx_word' id='word_1_785' title='bbox 2409 5100 2584 5169; x_wconf 84' lang='lat' dir='ltr'><strong>Gall.,</strong></span> <span class='ocrx_word' id='word_1_786' title='bbox 2616 5100 2804 5156; x_wconf 74' lang='lat' dir='ltr'><strong>Bothe</strong></span> <span class='ocrx_word' id='word_1_787' title='bbox 2835 5095 2895 5155; x_wconf 83' lang='lat' dir='ltr'><strong>et</strong></span> <span class='ocrx_word' id='word_1_788' title='bbox 2923 5099 3044 5156; x_wconf 85' lang='lat' dir='ltr'><strong>alii.</strong></span> <span class='ocrx_word' id='word_1_789' title='bbox 3079 5103 3182 5155; x_wconf 89' lang='lat' dir='ltr'><strong>Ms.</strong></span> <span class='ocrx_word' id='word_1_790' title='bbox 3218 5095 3655 5169; x_wconf 77' lang='grc' dir='ltr'>ἐπιτασσόμενοι.</span> 
     </span>
    </p>
   </div>
   <div class='ocr_carea' id='block_1_99' title="bbox 2172 5171 3731 5244">
    <p class='ocr_par' dir='ltr' id='par_1_99' title="bbox 2172 5171 3731 5244">
     <span class='ocr_line' id='line_1_106' title="bbox 2172 5171 3731 5244; baseline -0.002 -18"><span class='ocrx_word' id='word_1_791' title='bbox 2172 5175 2260 5242; x_wconf 79' lang='grc'>22)</span> <span class='ocrx_word' id='word_1_792' title='bbox 2293 5174 2335 5244; x_wconf 83' lang='grc' dir='ltr'>Ε</span> <span class='ocrx_word' id='word_1_793' title='bbox 2356 5173 2547 5244; x_wconf 79' lang='lat' dir='ltr'><strong>capite</strong></span> <span class='ocrx_word' id='word_1_794' title='bbox 2573 5172 2745 5244; x_wconf 85' lang='lat' dir='ltr'><strong>tertio</strong></span> <span class='ocrx_word' id='word_1_795' title='bbox 2769 5173 2947 5244; x_wconf 81' lang='lat' dir='ltr'><strong>Syrus</strong></span> <span class='ocrx_word' id='word_1_796' title='bbox 2969 5171 3063 5244; x_wconf 84' lang='lat' dir='ltr'><strong>nil</strong></span> <span class='ocrx_word' id='word_1_797' title='bbox 3083 5172 3199 5244; x_wconf 89' lang='lat' dir='ltr'><strong>nisi</strong></span> <span class='ocrx_word' id='word_1_798' title='bbox 3222 5171 3460 5226; x_wconf 87' lang='lat' dir='ltr'><strong>unicam</strong></span> <span class='ocrx_word' id='word_1_799' title='bbox 3488 5174 3731 5244; x_wconf 55' lang='lat' dir='ltr'><strong>sentem:-</strong></span> 
     </span>
    </p>
   </div>
   <div class='ocr_carea' id='block_1_100' title="bbox 2076 5238 3725 5313">
    <p class='ocr_par' dir='ltr' id='par_1_100' title="bbox 2076 5238 3725 5313">
     <span class='ocr_line' id='line_1_107' title="bbox 2076 5238 3725 5313; baseline -0.004 -15"><span class='ocrx_word' id='word_1_800' title='bbox 2076 5238 2249 5313; x_wconf 63' lang='lat' dir='ltr'><strong>tiam,</strong></span> <span class='ocrx_word' id='word_1_801' title='bbox 2301 5238 2457 5313; x_wconf 39' lang='grc' dir='ltr'>’.ἁλλ’</span> <span class='ocrx_word' id='word_1_802' title='bbox 2511 5240 2625 5297; x_wconf 76' lang='grc' dir='ltr'>ἐπεὶ</span> <span class='ocrx_word' id='word_1_803' title='bbox 2685 5244 2719 5311; x_wconf 85' lang='grc' dir='ltr'><strong>ἡ</strong></span> <span class='ocrx_word' id='word_1_804' title='bbox 2776 5238 2948 5313; x_wconf 46' lang='grc' dir='ltr'>ἀγὲ-πη</span> <span class='ocrx_word' id='word_1_805' title='bbox 3010 5240 3110 5296; x_wconf 75' lang='grc' dir='ltr'><strong>οὐκ</strong></span> <span class='ocrx_word' id='word_1_806' title='bbox 3268 5261 3334 5312; x_wconf 82' lang='grc' dir='ltr'><strong>με</strong></span> <span class='ocrx_word' id='word_1_807' title='bbox 3366 5238 3725 5313; x_wconf 13' lang='grc' dir='ltr'>σιωπᾷνῗςπερὶ</span> 
     </span>
    </p>
   </div>
   <div class='ocr_carea' id='block_1_101' title="bbox 2078 5308 3726 5387">
    <p class='ocr_par' dir='ltr' id='par_1_101' title="bbox 2078 5308 3726 5387">
     <span class='ocr_line' id='line_1_108' title="bbox 2078 5308 3726 5387; baseline -0.002 -20"><span class='ocrx_word' id='word_1_808' title='bbox 2078 5308 2251 5386; x_wconf 70' lang='grc' dir='ltr'>ὑμῶν,</span> <span class='ocrx_word' id='word_1_809' title='bbox 2306 5311 2394 5367; x_wconf 83' lang='grc' dir='ltr'><strong>διὰ</strong></span> <span class='ocrx_word' id='word_1_810' title='bbox 2452 5317 2615 5369; x_wconf 85' lang='grc' dir='ltr'>τοῦτο</span> <span class='ocrx_word' id='word_1_811' title='bbox 2666 5308 2947 5387; x_wconf 11' lang='grc' dir='ltr'>,π’ροέλϐον</span> <span class='ocrx_word' id='word_1_812' title='bbox 3002 5308 3332 5387; x_wconf 78' lang='grc' dir='ltr'>παρακαλεῖν</span> <span class='ocrx_word' id='word_1_813' title='bbox 3384 5308 3542 5384; x_wconf 64' lang='grc' dir='ltr'>ὑμᾶς,</span> <span class='ocrx_word' id='word_1_814' title='bbox 3575 5308 3726 5372; x_wconf 75' lang='grc' dir='ltr'>ὅπώς</span> 
     </span>
    </p>
   </div>
   <div class='ocr_carea' id='block_1_102' title="bbox 2080 5385 3726 5460">
    <p class='ocr_par' dir='ltr' id='par_1_102' title="bbox 2080 5385 3726 5460">
     <span class='ocr_line' id='line_1_109' title="bbox 2080 5385 3726 5460; baseline -0.001 -21"><span class='ocrx_word' id='word_1_815' title='bbox 2080 5387 2406 5460; x_wconf 74' lang='grc' dir='ltr'>συντρέχητε</span> <span class='ocrx_word' id='word_1_816' title='bbox 2458 5390 2525 5460; x_wconf 82' lang='grc' dir='ltr'><strong>τῇ</strong></span> <span class='ocrx_word' id='word_1_817' title='bbox 2578 5385 2769 5460; x_wconf 74' lang='grc' dir='ltr'>γνώμῃ</span> <span class='ocrx_word' id='word_1_818' title='bbox 2827 5388 2924 5440; x_wconf 86' lang='grc' dir='ltr'><strong>τοῦ</strong></span> <span class='ocrx_word' id='word_1_819' title='bbox 2980 5385 3114 5460; x_wconf 69' lang='grc' dir='ltr'>θεοῦ</span> <span class='ocrx_word' id='word_1_820' title='bbox 3146 5387 3207 5460; x_wconf 86' lang='lat' dir='ltr'><strong>in</strong></span> <span class='ocrx_word' id='word_1_821' title='bbox 3239 5401 3547 5460; x_wconf 78' lang='lat' dir='ltr'><strong>usussuos</strong></span> <span class='ocrx_word' id='word_1_822' title='bbox 3578 5400 3726 5460; x_wconf 79' lang='lat' dir='ltr'><strong>con-</strong></span> 
     </span>
    </p>
   </div>
   <div class='ocr_carea' id='block_1_103' title="bbox 2077 5442 3725 5529">
    <p class='ocr_par' dir='ltr' id='par_1_103' title="bbox 2077 5442 3725 5529">
     <span class='ocr_line' id='line_1_110' title="bbox 2077 5442 3725 5529; baseline -0.001 -18"><span class='ocrx_word' id='word_1_823' title='bbox 2077 5442 2545 5529; x_wconf 52' lang='lat' dir='ltr'><strong>vertit,&#39;Eamque</strong></span> <span class='ocrx_word' id='word_1_824' title='bbox 2565 5442 2703 5513; x_wconf 69' lang='lat' dir='ltr'><strong>cum</strong></span> <span class='ocrx_word' id='word_1_825' title='bbox 2724 5442 2842 5512; x_wconf 69' lang='lat' dir='ltr'><strong>{ine</strong></span> <span class='ocrx_word' id='word_1_826' title='bbox 2864 5458 3074 5528; x_wconf 86' lang='lat' dir='ltr'><strong>capitis</strong></span> <span class='ocrx_word' id='word_1_827' title='bbox 3096 5457 3273 5528; x_wconf 89' lang='lat' dir='ltr'><strong>primi</strong></span> <span class='ocrx_word' id='word_1_828' title='bbox 3295 5456 3450 5529; x_wconf 77' lang='lat' dir='ltr'><strong>male</strong></span> <span class='ocrx_word' id='word_1_829' title='bbox 3472 5455 3725 5529; x_wconf 82' lang='lat' dir='ltr'><strong>conjun-</strong></span> 
     </span>
    </p>
   </div>
   <div class='ocr_carea' id='block_1_104' title="bbox 2079 5527 3727 5600">
    <p class='ocr_par' dir='ltr' id='par_1_104' title="bbox 2079 5527 3727 5600">
     <span class='ocr_line' id='line_1_111' title="bbox 2079 5527 3727 5600; baseline -0.001 -17"><span class='ocrx_word' id='word_1_830' title='bbox 2079 5529 2184 5583; x_wconf 84' lang='lat' dir='ltr'><strong>xit.</strong></span> <span class='ocrx_word' id='word_1_831' title='bbox 2211 5528 2389 5583; x_wconf 81' lang='lat' dir='ltr'><strong>Multo</strong></span> <span class='ocrx_word' id='word_1_832' title='bbox 2410 5527 2610 5600; x_wconf 82' lang='lat' dir='ltr'><strong>aptius</strong></span> <span class='ocrx_word' id='word_1_833' title='bbox 2625 5528 2756 5600; x_wconf 72' lang='lat' dir='ltr'><strong>hmo</strong></span> <span class='ocrx_word' id='word_1_834' title='bbox 2777 5527 3076 5585; x_wconf 77' lang='lat' dir='ltr'><strong>sententia</strong></span> <span class='ocrx_word' id='word_1_835' title='bbox 3091 5527 3225 5583; x_wconf 78' lang='lat' dir='ltr'><strong>cum</strong></span> <span class='ocrx_word' id='word_1_836' title='bbox 3248 5527 3439 5583; x_wconf 90' lang='lat' dir='ltr'><strong>verbis</strong></span> <span class='ocrx_word' id='word_1_837' title='bbox 3461 5527 3727 5600; x_wconf 86' lang='lat' dir='ltr'><strong>proxime</strong></span> 
     </span>
    </p>
   </div>
   <div class='ocr_carea' id='block_1_105' title="bbox 2081 5598 3733 5725">
    <p class='ocr_par' dir='ltr' id='par_1_105' title="bbox 2081 5598 3733 5725">
     <span class='ocr_line' id='line_1_112' title="bbox 2081 5598 3733 5725; baseline -0.001 -70"><span class='ocrx_word' id='word_1_838' title='bbox 2081 5614 2213 5725; x_wconf 52' lang='lat' dir='ltr'><strong>iam</strong></span> <span class='ocrx_word' id='word_1_839' title='bbox 2244 5598 2731 5725; x_wconf 55' lang='lat' dir='ltr'><strong>antecedentibus</strong></span> <span class='ocrx_word' id='word_1_840' title='bbox 2762 5601 2875 5675; x_wconf 85' lang='lat' dir='ltr'><strong>(vos</strong></span> <span class='ocrx_word' id='word_1_841' title='bbox 2926 5607 3289 5672; x_wconf 66' lang='lat' dir='ltr'><strong>praeceptores</strong></span> <span class='ocrx_word' id='word_1_842' title='bbox 3318 5602 3422 5655; x_wconf 85' lang='lat' dir='ltr'><strong>mei</strong></span> <span class='ocrx_word' id='word_1_843' title='bbox 3453 5598 3599 5672; x_wconf 79' lang='lat' dir='ltr'><strong>estis)</strong></span> <span class='ocrx_word' id='word_1_844' title='bbox 3629 5615 3733 5654; x_wconf 92' lang='lat' dir='ltr'><strong>co-</strong></span> 
     </span>
     <span class='ocr_line' id='line_1_113' title="bbox 2128 5687 3587 5725; baseline -0.001 0"><span class='ocrx_word' id='word_1_845' title='bbox 2128 5687 2242 5725; x_wconf 68' lang='lat' dir='ltr'><strong>asre</strong></span> <span class='ocrx_word' id='word_1_846' title='bbox 2276 5714 2290 5725; x_wconf 94' lang='lat'><strong>.</strong></span> <span class='ocrx_word' id='word_1_847' title='bbox 3582 5718 3587 5723; x_wconf 75' lang='grc'>,</span> 
     </span>
    </p>
   </div>
   <div class='ocr_carea' id='block_1_106' title="bbox 2128 5687 3587 5727">
    <p class='ocr_par' dir='ltr' id='par_1_106' title="bbox 2128 5687 3587 5727">
     <span class='ocr_line' id='line_1_114' title="bbox 2128 5687 3587 5727; baseline -0.002 -1"><span class='ocrx_word' id='word_1_848' title='bbox 2128 5687 2242 5726; x_wconf 70' lang='lat' dir='ltr'><strong>mre</strong></span> <span class='ocrx_word' id='word_1_849' title='bbox 2252 5687 2290 5727; x_wconf 87' lang='grc' dir='ltr'><strong>ι.</strong></span> <span class='ocrx_word' id='word_1_850' title='bbox 3582 5718 3587 5723; x_wconf 74' lang='grc'>,</span> 
     </span>
    </p>
   </div>
  </div>
