4060 6206
307 357 428 416 653

1531 359 1922 422 EPIvTOLA
1964 363 2070 423 AD
2117 364 2520 429 EPHESIOS.

3607 377 3726 439 654

303 487 393 542 ὅτι
422 488 686 557 ἠξιώθην,
719 486 791 541 δι’
843 489 917 543 ὧν
962 489 1174 567 γράφω,
1230 489 1645 562 προσομιλῆσαι
1703 492 1833 563 ὑμῖν
1876 493 1949 547 καλ

2082 496 2285 552 Scribo
2315 499 2572 570 colloqui
2604 501 2927 561 vobiscum.
2947 507 3006 557 et
3035 504 3211 559 simul
3243 507 3498 578 gaudere
3524 525 3538 574 ;
3571 509 3732 579 quia,

305 582 676 652 συγχαρῆναι,
709 575 794 632 ὅτι
826 578 943 631 κατ’
974 581 1083 651 (63)
1123 576 1294 634 ἄλλον
1355 577 1479 653 βίον
1511 575 1666 633 οὐδὲν
1696 578 1964 655 ἀγαπᾶτε,

302 666 353 719 εἱ
388 668 466 738 μή
502 666 668 738 μόνον
701 668 798 721 τὸν
829 666 1009 733 Θεόν.,

2075 587 2303 642 ratione
2345 590 2592 644 alterius
2643 591 2774 645 vita;
2806 591 3026 660 habita,
3059 592 3211 648 nihil
3242 594 3485 657 diligitis
3514 602 3732 668 prater

2078 673 2270 729 solum
2303 677 2508 732 Deum.

1342 769 1407 825 X.
1436 770 1602 826 Orate
1624 786 1734 840 pro
1762 771 1910 837 aliis,
1933 771 2055 827 sitis
2084 774 2263 841 mites,
2297 774 2545 846 humiles,
2578 780 2689 833 etc.

382 863 485 920 Καὶ
544 864 675 939 ὑπὲρ
726 868 836 920 τῶν
894 862 1082 920 ἄλλων
1138 862 1196 921 δὲ
1246 866 1547 942 ἀνθρώπων
1599 864 1962 929 ἀδιαλείπτως

303 951 701 1029 προσεύχεσθε.
738 954 920 1010 Ἔστιν
977 955 1084 1030 γὰρ
1139 954 1190 1010 ἐν
1245 956 1431 1018 αὐτοῖς
1460 955 1619 1018 ἐλπὶς
1652 957 1955 1029 μετανοίας,

299 1040 398 1097 ἵνα
457 1046 594 1099 Θεοῦ
628 1042 892 1118 τύχωσιν.
954 1043 1312 1119 Ἐπιτρὲψατε
1370 1045 1460 1100 οὖν
1519 1044 1705 1108 αὐτοῖς
1761 1044 1858 1101 κᾶν
1903 1045 1964 1101 ἐκ

302 1135 415 1186 τῶν
463 1125 636 1208 ἔργων
694 1133 821 1206 ὑμῖν
879 1134 1305 1204 μαθητευθῆναι.
1357 1137 1470 1209 (64)
1501 1137 1645 1209 Πρὸς
1675 1137 1770 1199 τὰς
1799 1135 1962 1212 ὀργᾶς

304 1222 486 1275 αὖτῶν
550 1222 703 1295 ὑμεῖς
779 1227 993 1297 πραεῖς,
1046 1223 1183 1297 πρὸς
1240 1223 1334 1285 τὰς
1397 1222 1961 1301 μεγαλορῥημοσῦνας

305 1309 489 1365 αὐτῶν
552 1310 706 1383 ὑμεῖς
761 1312 1198 1387 ταπεινόφρονες,
1250 1313 1385 1386 πρὸς
1444 1312 1538 1373 τὰς
1607 1312 1962 1389 βλασφημίας

303 1400 486 1455 αὐτῶν
518 1400 674 1473 ὑμεῖς
730 1402 825 1462 τὰς
883 1400 1193 1476 προσευχὰς
1250 1404 1381 1471 (65),
1441 1403 1576 1474 πρὸς
1622 1404 1719 1469 τήν
1751 1401 1960 1473 πλάνην

297 1488 483 1546 αὐτῶν
550 1490 706 1562 ὑμεῖς
739 1494 845 1561 (66)
878 1489 1082 1564 ἑδραῖοι
1142 1494 1211 1564 τῇ
1270 1491 1466 1561 πίστει,
1516 1492 1654 1564 πρὸς
1683 1492 1745 1545 τὸ
1777 1490 1962 1565 ἄγριον

302 1581 485 1636 αὐτῶν
522 1582 680 1655 ὑμεῖς
708 1578 931 1651 ἥμεροι.
989 1583 1079 1650 Μὴ
1140 1578 1531 1650 σπουδάζοντες
1586 1581 1959 1652 ἀντιμῖμγςτα·

302 1675 425 1725 σοαι
459 1669 676 1741 αὐτοὺς,
709 1668 937 1746 ἀδελφοὶ
991 1671 1168 1724 αὐτῶν
1231 1670 1548 1745 εὗρτ,θῶμεν
1575 1674 1645 1744 τῇ
1678 1671 1957 1742 ἐπιεικεῖᾳ·

306 1760 550 1832 μιμηταὶ
583 1755 641 1814 δὲ
667 1762 766 1813 τοῦ
795 1758 998 1834 Κυρίου
1046 1757 1437 1831 σπουδάζωμεν
1469 1761 1620 1814 εἶναι.
1655 1758 1760 1832 (τίς
1790 1760 1957 1815 πλέον

300 1853 412 1920 (67)
474 1846 772 1919 ἀδικηθεὶς,
829 1847 912 1910 τίς
968 1848 1380 1919 ἀποστερηθεὶς,
1436 1850 1522 1911 τίς
1578 1848 1959 1920 ἀθετηθείς;)

2146 873 2258 928 Sed
2281 879 2339 929 et
2362 891 2465 946 pro
2484 875 2618 930 aliis
2638 877 2982 935 hominibus
3003 879 3415 936 indesinenter
3437 883 3735 937 orate.Est

2072 960 2228 1017 enim
2246 962 2304 1017 in
2318 964 2465 1035 ipsis
2478 981 2612 1036 spes
2626 967 3263 1038 pmnitentiaa,utDeum
3277 970 3726 1027 nanciscantur.

2070 1051 2402 1106 Permittite
2426 1054 2626 1125 itaque
2648 1054 2829 1125 ipsos,
2855 1061 3043 1111 satem
3067 1073 3136 1112 ex
3169 1059 3469 1129 operibus,
3502 1076 3538 1115 a
3560 1060 3728 1115 vobis

2071 1140 2313 1195 erudiri.
2342 1141 2483 1196 Sitis
2500 1158 2602 1197 vos
2623 1142 2902 1199 adversus
2925 1144 3042 1199 iras
3075 1160 3275 1201 eorum
3300 1147 3495 1213 mites,
3519 1147 3726 1203 adver-

2073 1246 2173 1283 sus
2200 1230 2742 1302 magniloquentias
2768 1249 2973 1288 eorum
2995 1234 3254 1290 humiles
3279 1253 3293 1303 ;
3319 1251 3524 1291 eorum
3546 1238 3727 1291 male-

2073 1317 2244 1373 dictis
2265 1321 2544 1391 opponite
2567 1338 2666 1376 vos
2689 1338 2915 1392 preces,
2931 1322 3211 1378 adversus
3233 1339 3495 1379 errorem
3518 1340 3725 1380 eorum

2071 1423 2171 1461 vos
2196 1407 2349 1461 firmi
2384 1417 2727 1479 permanete
2759 1410 2817 1464 in
2853 1411 3274 1471 fide.adversus
3295 1414 3507 1468 efferas
3528 1430 3724 1469 mores

2072 1495 2309 1551 illorum
2337 1514 2436 1551 vos
2459 1499 2753 1553 mansueti
2786 1501 3065 1554 sitis.1\'on
3090 1501 3250 1571 ipsos
3272 1508 3479 1556 contra
3506 1502 3725 1557 imitari

2071 1584 2509 1652 conati,fratres
2527 1602 2729 1641 eorum
2757 1588 3131 1643 inveniamur
3152 1605 3256 1660 per
3275 1590 3721 1659 benignitatem;

2073 1672 2400 1729 imitatores
2424 1681 2619 1729 aulem
2647 1676 2875 1729 Domini
2898 1676 3245 1731 studeamus
3267 1680 3577 1748 esse,(quis
3603 1696 3725 1734 ma-

2064 1759 2255 1830 jorem
2290 1762 2566 1831 iniuriam
2592 1779 2801 1833 passus
2824 1768 2914 1818 est
2940 1780 3229 1835 unquam,
3251 1766 3385 1836 quis
3410 1767 3596 1838 magis
3618 1767 3719 1821 de-

2069 1849 2331 1915 stitutus,
2365 1851 2499 1920 quis
2531 1851 2716 1923 magis
2737 1859 3115 1923 contemptus
3134 1852 3184 1921 ?)
3210 1870 3284 1907 ne
3309 1853 3492 1909 herba
3517 1855 3727 1925 aliqua

302 1942 413 2012 (68)
439 1936 534 1993 ἵνα
568 1940 645 2012 μὴ
679 1942 776 1995 τοῦ
808 1933 1072 1993 διαϐόλου
1131 1940 1243 2013 (69)
1306 1939 1509 2014 βοτάνη
1564 1959 1649 2000 τις
1681 1937 1875 2013 εὑρεθῇ
1908 1936 1949 1992 ἐν

2073 1938 2286 1994 diaboli
2332 1939 2391 1993 in
2422 1939 2587 1995 vobis
2617 1940 2985 2007 inveniatur;
3019 1941 3122 1996 sed
3165 1941 3225 1996 in
3266 1943 3427 1997 omni
3461 1943 3721 2015 puritate

301 2028 453 2101 ὑμῖν·
487 2025 619 2083 ἀλλ’
648 2025 701 2081 ἐν
732 2027 877 2102 πάσῃ
931 2027 1120 2105 ἁγνείᾳ
1161 2027 1252 2082 καὶ
1292 2028 1613 2107 σωφροσύνῃ
1649 2026 1867 2103 μένητε,
1899 2026 1952 2083 ὲν

294 2117 481 2187 Ἰησοῦ
508 2119 755 2192 Χριστῷ,
786 2120 1059 2192 σαρκικῶς
1088 2117 1178 2172 καὶ
1207 2121 1606 2191 πνευματικῶς.

2062 2033 2123 2084 et
2154 2028 2547 2100 temperantia
2578 2031 2894 2098 maneatis,
2928 2030 2990 2086 in
3033 2031 3172 2086 Jesu
3223 2031 3476 2102 Christo,
3510 2048 3722 2088 carna-

2061 2117 2199 2173 liter
2226 2124 2285 2172 et
2315 2118 2723 2189 spiritualiter.

896 2216 992 2270 XI.
1025 2217 1330 2272 Novissima
1348 2216 1476 2286 jam
1499 2221 1627 2270 sunt
1652 2221 1938 2285 tempora;
1986 2214 2274 2268 timeamus
2307 2214 2592 2269 Cominum
2615 2232 2637 2279 ;
2668 2221 2821 2270 orate
2844 2231 2950 2285 pro
2987 2232 3090 2271 me.

362 2312 479 2385 (Ἶο)
526 2314 792 2385 Ἑσγατοι
848 2311 1031 2384 καιροὶ
1089 2314 1204 2385 (71)
1262 2310 1480 2369 λοιπὸν.
1524 2311 1941 2385 Αἶσχυνθῶμιν,

289 2395 625 2479 φοϐηθῶμεν
653 2403 752 2470 τήν
785 2399 1157 2476 μικρὸθυμίαν
1180 2405 1279 2455 τοῦ
1299 2405 1453 2467 Θεοῦ,
1474 2398 1568 2456 ’ἵνα
1600 2402 1677 2474 μὴ
1710 2403 1844 2474 ἡμῖν
1871 2399 1946 2461 εἰς

290 2494 467 2561 κρῖμα
495 2489 741 2563 γένηται.
774 2490 847 2545 Ἥ
874 2489 976 2565 γὰρ
1007 2491 1105 2559 τήν
1140 2486 1452 2561 μέλλουσαν
1484 2489 1655 2565 ὀργὴν
1689 2483 1944 2565 φοϐηθῶ-

292 2601 411 2652 μεν,
472 2580 508 2649 ἢ
565 2581 665 2648 τὴν
724 2577 1018 2635 ἱνεστῶσαν
1068 2580 1227 2655 χάριν
1291 2581 1678 2655 ἅγαπήσωμενο
1737 2582 1847 2651 (72)
1892 2576 1947 2636 ἓν

284 2672 393 2723 τῶν
428 2665 549 2724 δύο.
584 2666 764 2722 Μόνον
805 2666 858 2722 ἐν
907 2667 1126 2742 Χριστῷ
1183 2670 1364 2739 Ἰησοῦ
1422 2669 1733 2742 εὑρεηῆναι,
1769 2666 1846 2728 εἶς
1877 2668 1941 2721 τὸ

290 2756 553 2826 ἀληθινὸν
584 2759 702 2828 ζῇν.
738 2756 919 2831 Χωρῖς
967 2756 1166 2812 τούτου
1222 2754 1391 2829 μηδὲν
1425 2757 1555 2828 ὑμῖν
1588 2758 1859 2831 πρεπέτω,
1893 2755 1946 2811 ἐν

286 2848 334 2919 ᾧ
362 2847 432 2902 τὰ
462 2844 638 2919 δεσμὰ
665 2845 963 2924 περιφέρω,
994 2847 1123 2908 τοὺς
1152 2846 1554 2918 πνευματικοὺς
1592 2850 1705 2918 (73)
1740 2865 1946 2919 μαργα-

289 2937 468 3011 ρίτας,
531 2933 583 2990 ἐν
644 2936 727 2995 οἷς
786 2934 999 3012 γένοιτό
1061 2956 1156 3008 μοι
1213 2934 1504 3005 ἀναστῆναι
1563 2939 1632 3009 τῇ
1663 2938 1946 3009 προσευχῇ

289 3026 467 3097 ὑμῶν,
497 3024 567 3093 ἧς
618 3019 829 3099 γένοιτό
891 3044 984 3097 μοι
1029 3024 1111 3079 ἀεὶ
1148 3022 1382 3101 μέτοχον
1417 3024 1569 3096 εἶναι,
1594 3023 1687 3080 ’ἱνα
1717 3024 1770 3080 ἐν
1803 3024 1943 3095 κλή-

284 3133 369 3188 ρῳ
427 3112 690 3190 Ἐφεσίων
746 3112 953 3189 εὑρεθῶ
1010 3117 1116 3168 τῶν
1171 3113 1535 3188 Χριστιανῶν,
1589 3114 1644 3169 οἳ
1696 3113 1785 3169 καὶ
1824 3118 1941 3175 τοῖς

2129 2312 2458 2367 Novissima
2474 2313 2600 2382 jam
2635 2318 2773 2367 sunt
2801 2319 3088 2384 tempora.
3122 2315 3518 2370 Revereamur
3547 2320 3606 2370 et
3633 2316 3711 2370 ti-

2058 2416 2327 2456 meamus
2360 2402 2459 2457 Dei
2489 2402 3022 2473 longanimitatem,
3042 2419 3116 2458 ne
3140 2404 3199 2458 in
3217 2404 3514 2476 judicium
3536 2405 3713 2461 nobis

2060 2489 2247 2545 cedat.
2280 2492 2396 2544 Aut
2423 2491 2581 2545 enim
2610 2490 2870 2548 futuram
2905 2492 3220 2548 timeamus
3246 2494 3416 2551 iram.
3439 2500 3541 2549 aut
3562 2512 3711 2565 prai-

2061 2585 2289 2633 sentem
2320 2579 2569 2649 gratiam
2592 2579 2944 2651 diligamus;
2974 2597 3160 2636 unum
3185 2598 3254 2636 ex
3284 2581 3712 2638 duobus.Modo

2060 2668 2121 2721 in
2147 2667 2378 2722 Christo
2406 2669 2546 2724 Iesu
2578 2669 3048 2738 inveniamur,ad
3078 2685 3283 2725 veram
3315 2670 3494 2725 vitam
3526 2672 3717 2725 viven-

2061 2757 2219 2814 dam.
2257 2759 2393 2813 Sine
2424 2759 2554 2831 ipso
2618 2759 2771 2813 nihil
2829 2777 2929 2815 vos
2987 2759 3214 2829 deceat,
3246 2760 3308 2815 in
3343 2777 3458 2831 quo
3485 2759 3720 2816 vincula

2064 2847 2418 2903 circumfero
2449 2848 2789 2919 spirituales
2807 2850 3171 2922 margaritas,
3196 2851 3258 2905 in
3286 2851 3504 2920 quibus
3526 2867 3718 2905 resur-

2062 2952 2197 3008 gere
2220 2938 2368 2991 mihi
2392 2937 2695 3009 contingat
2716 2938 2985 2994 oratione
3009 2945 3223 3005 vestra,
3251 2940 3421 3011 cujus
3448 2955 3542 2995 me
3575 2947 3713 3010 opto

2062 3042 2301 3097 semper
2323 3026 2448 3081 ﬁeri
2475 3027 2847 3098 participem,
2869 3033 2936 3083 ut
2959 3027 3227 3083 inveniar
3245 3027 3306 3083 in
3340 3034 3497 3084 sorte
3528 3029 3714 3100 Ephe-

2062 3116 2287 3171 siorum
2347 3115 2838 3179 Christianorum,
2873 3117 2974 3187 qui
3033 3123 3092 3173 et
3147 3118 3435 3188 apostolis
3476 3134 3714 3189 semper

289 3174 628 3264 αποστόλοις
681 3174 913 3257 πάντοτε
994 3174 1285 3277 συνῄνεσαν
1341 3202 1395 3257 ἰν
1454 3200 1711 3276 δυννάμει
1766 3204 1948 3274 Ἰησοῦ

2073 3211 2499 3261 :onsenserunt
2529 3205 2590 3260 in
2621 3206 2836 3261 virtute
2867 3206 3003 3261 Jesu
3025 3206 3259 3262 Christi.

287 3292 556 3366 Χριστοῦ.

1746 3394 1913 3449 Vetus
1947 3397 2243 3450 interm-es.

1754 3411 1913 3449 verus
1947 3411 2034 3450 τηε
2167 3411 2243 3449 es.

386 3489 516 3546 ibus
551 3495 609 3546 et
639 3490 946 3547 exsultans
977 3490 1355 3563 digniﬂcatus
1388 3507 1538 3546 sum.
1574 3508 1680 3563 per
1750 3510 1839 3548 use
1890 3411 2380 3563 scrib?alloqui
2427 3491 2614 3561 vobis,
2648 3497 2709 3548 et
2738 3493 3110 3565 congaudere
3136 3508 3152 3560 ;
3185 3492 3468 3565 quoniam
3498 3511 3713 3553 secun-

292 3506 441 3619 ἔξω
470 3562 649 3618 aliam
680 3562 860 3619 vitam
887 3563 1040 3618 nihil
1066 3562 1314 3619 diligitis
1344 3563 1458 3618 nisi
1493 3562 1681 3619 solum
1708 3510 1919 3619 (Deum.

339 3580 377 3618 ιι

382 3579 441 3618 m
470 3562 649 3618 aliam
680 3562 860 3619 vitam
887 3562 1314 3635 nihil’diligitis
1344 3563 1458 3618 nisi
1493 3562 1681 3620 solum
1714 3562 1919 3620 Deum.

1838 3682 2067 3738 CAPUT
2111 3681 2177 3736 Χ.

372 3778 487 3836 Sed
518 3785 577 3835 et
606 3795 712 3851 pro
741 3777 875 3834 aliis
922 3777 1268 3835 hominibus
1317 3778 1730 3835 indesinenter
1774 3778 1959 3835 Deum
2012 3777 2213 3851 oratis.
2266 3777 2573 3851 Est__enim
2615 3777 2695 3851 _in_
2734 3776 2878 3851 ipsis
2908 3793 3043 3849 spes
3073 3778 3456 3849 paenitentiae,
3488 3780 3711 3851 utDeo

287 3847 624 3923 potiantur:
654 3852 884 3923 Monete
916 3851 1094 3919 igitur
1122 3852 1285 3922 ipsos
1317 3852 1526 3905 saltem
1561 3867 1628 3904 ex
1662 3852 1941 3923 operibus
1972 3849 2200 3923 a_vobis
2249 3848 2493 3923 erudiri.
2548 3847 2633 3902 Ad
2682 3847 2801 3902 iras
2834 3847 3120 3923 ipsorum
3156 3864 3255 3903 vos
3287 3850 3600 3907 mansueti.
3633 3851 3707 3907 ad

289 3919 708 4002 inagpiloquia
729 3938 933 4002 eorum
964 3939 1068 3978 vos
1101 3919 1353 4002 humilia
1383 3919 1715 3992 sapientes,
1736 3922 1808 3976 ad
1837 3921 2241 4002 blasphemias
2274 3919 2673 4002 ipsorum'vos
2699 3919 3024 4002 orationes,
3050 3919 3126 3973 ad
3155 3936 3413 4001 errorem
3444 3923 3711 4002 ipsorum

286 3990 751 4061 vos'ﬁrmi'ﬁde,
783 3993 856 4049 ad
889 3999 1116 4064 agreste
1148 3994 1413 4064 ipsorum
1445 3990 1545 4048 vos
1578 3994 1895 4049 mansueti.
1923 3990 2048 4064 Non
2074 3991 2425 4064 festinantes
2456 3990 2674 4064 imitari
2710 3990 2890 4064 ipsos,
2918 3991 3129 4046 fratres
3157 3992 3419 4061 ipsorum
3452 3990 3712 4064 invenia-

284 4080 431 4121 mur
460 4066 522 4119 in
547 4060 1045 4119 mansuetudine:
1076 4060 1405 4120 imitatores
1435 4071 1632 4119 autem
1669 4064 1769 4120 Dei
1817 4063 2162 4119 studeamus
2194 4078 2322 4117 esse
2349 4079 2362 4128 ;
2400 4061 2560 4132 (quis
2591 4060 2723 4133 plus
2754 4061 3041 4133 injustam
3076 4060 3354 4133 patiatur,
3383 4063 3515 4133 quis
3543 4063 3709 4120 frau-

282 4137 489 4198 detur.
523 4136 655 4205 quis
687 4143 1103 4191 contemnatur
1123 4138 1172 4203 ἳ)
1202 4141 1269 4190 ut
1299 4152 1420 4190 non
1452 4135 1671 4190 diaboli
1703 4135 1887 4190 herba
1917 4135 2052 4204 quis
2082 4133 2420 4188 inveniatur
2449 4131 2511 4187 in
2542 4131 2729 4200 vobis,
2754 4131 2858 4187 sed
2889 4133 2951 4186 in
2983 4131 3147 4188 omni
3171 4131 3439 4190 castitate
3469 4140 3529 4189 et
3558 4142 3707 4192 tem-

278 4207 564 4280 perantia
593 4207 906 4276 maneatis,
940 4208 1001 4262 in
1029 4208 1168 4263 Jesu
1197 4207 1449 4274 Christo,
1483 4206 1802 4262 carnaliter
1831 4213 1890 4261 et
1920 4205 2327 4277 spiritualiter.

1815 4320 2043 4376 CAPUT
2091 4320 2181 4375 XI.

364 4420 640 4477 Extrema
669 4425 934 4498 tempora
960 4437 989 4498 τ⁸
1005 4419 1077 4475 de
1102 4426 1315 4498 caatero
1341 4419 1810 4498 verecundemur
1840 4425 1897 4498 et
1928 4419 2242 4498 timeamus
2272 4415 2783 4498 longanim‘itatem
2817 4416 2921 4471 Dei
2946 4436 2959 4483 ;
2994 4420 3060 4470 ut
3088 4431 3208 4498 non
3240 4416 3415 4471 nobis
3457 4416 3517 4498 in
3541 4417 3708 4498 judi-

279 4494 448 4549 cium
483 4494 601 4547 tiat.
640 4493 738 4547 Vel
770 4487 933 4547 enim
964 4492 1223 4547 futuram
1256 4492 1405 4547 iram
1437 4492 1774 4555 timeamus,
1799 4491 1885 4545 vel
1909 4497 2261 4562 prmsentem
2286 4487 2532 4562 gratiam
2555 4487 2911 4562 diligamus;
2940 4503 3123 4562 unum
3148 4487 3400 4562 duorum
3432 4487 3619 4562 solum
3644 4488 3705 4562 in

278 4566 521 4621 Christo
547 4564 684 4619 Jesu
714 4564 1034 4629 invenitur,
1067 4563 1128 4618 in
1160 4580 1362 4618 verum
1394 4564 1604 4618 vivere.
1645 4563 1781 4617 Sine
1814 4558 1940 4633 ipso
1973 4561 2122 4616 nihil
2168 4576 2265 4614 vos
2314 4560 2557 4625 deceat;
2610 4559 2669 4613 in
2711 4575 2828 4630 quo
2855 4558 3089 4613 vincula
3119 4559 3494 4625 circumfero,
3529 4559 3705 4629 spiri-

360 4707 470 4777 (63)
495 4708 547 4782 _l_.
598 4723 649 4762 e.
711 4706 1039 4782 secundum
1093 4706 1245 4782 hanc
1300 4707 1479 4762 vitam
1520 4706 1936 4774 Christianam,
1975 4711 2017 4775 ι)
2050 4722 2233 4782 σονται
2266 4705 2416 4782 (cap.
2453 4704 2519 4755 14
2548 4700 2709 4782 circa
2739 4700 2867 4770 fin.)
2899 4701 3116 4781 desunt
3143 4700 3302 4771 apud
3332 4701 3564 4782 Syrum.

278 4795 420 4852 quas
450 4780 566 4852 alia
597 4784 687 4833 est
717 4795 752 4833 a
782 4778 1064 4833 naturali.
1099 4778 1286 4852 Spurii.

359 4852 472 4919 (64)
505 4850 710 4905 Lineas
744 4856 1062 4921 sequentes
1113 4849 1290 4920 Syrus
1339 4848 1525 4921 magis
1565 4848 1639 4903 ad
1672 4865 1937 4914 sensum,

276 4936 469 4994 quam
500 4921 573 4994 ad
605 4920 863 4977 litteram
895 4920 1457 4994 interpretatusest.

358 4994 471 5063 (65)
500 4993 677 5048 Deest
704 4993 1010 5063 quidpiam
1055 4989 1133 5047 ad
1181 4989 1600 5047 absolvendam
1627 4991 1937 5063 _syntaxin.

276 5061 684 5134 Interpolator
715 5061 897 5119 habet
926 5062 1248 5131 ἀντιτάξατε,
1284 5063 1443 5134 quod
1473 5079 1592 5117 non
1623 5061 1939 5116 inconcin-

278 5152 435 5191 nurn
468 5135 711 5191 vitetur.
751 5136 943 5192 Sarra.

351 5208 471 5278 (66)
505 5207 618 5261 Cfr.
654 5207 880 5262 Coloss.
914 5222 952 5271 ι,
980 5208 1066 5260 23.

353 5275 472 5348 (6‘7)
504 5278 590 5333 Ita
619 5278 870 5348 minima
898 5275 1228 5348 mutatione
1260 5276 1573 5348 legendum
1599 5279 1739 5348 puto
1764 5291 1778 5339 ;
1804 5291 1938 5348 nam

280 5345 646 5419 mszhabet:
703 5345 976 5419 damnosi,
1024 5347 1403 5419 ἀποστερῃοεῖ,
1447 5345 1716 5419 ἀθετηίθεῖ.
1752 5345 1941 5401 Mark-

278 5417 505 5475 landus
561 5415 861 5491 conjicitp
900 5415 1172 5491 ἠδικήθη.
1217 5415 1617 5491 ξάπεστεργζθη,
1673 5415 1940 5491 ﬂos-rion.

278 5491 427 5563 Haec
453 5491 629 5547 verba
660 5488 998 5563 parenthesi
1032 5489 1393 5547 includenda
1424 5488 1574 5557 esse,
1594 5491 1722 5562 jam
1757 5488 1945 5544 Mark-

278 5561 505 5619 landus
535 5561 701 5619 vidit.

357 5635 475 5708 (68/
504 5633 624 5691 Ἵνα
656 5634 734 5707 μὴ
762 5637 861 5689 τοῦ
893 5626 1157 5690 διαϐόλου
1186 5653 1241 5692 χ.
1271 5652 1323 5688 τ.
1359 5629 1414 5689 λ.
1451 5648 1642 5704 usque
1672 5631 1749 5689 ad
1780 5629 1948 5706 ὀφθή-

2122 4777 2230 4830 ι69)
2294 4772 2425 4827 Haac
2481 4773 2831 4844 metaphora
2889 4774 3105 4844 saepius
3154 4772 3413 4827 occurrit
3451 4772 3609 4844 apud
3638 4773 3700 4829 S.

2048 4846 2361 4900 lanatium.

2075 4864 2464 4986 g?786:uclgpita
2495 4916 2651 4968 11-13
2686 4914 2823 4970 incl.
2872 4915 2933 4969 in
2980 4914 3247 4971 versione
3299 4913 3538 4986 Syriaca
3579 4932 3702 4972 non

2050 4989 2345 5044 leguntur.

2110 5005 2553 5131 g(Ellilflgmithius
2613 5062 2670 5111 et
2722 5056 3087 5112 Jacobsonus
3142 5062 3279 5113 ante
3321 5052 3514 5111 λοιπόν
3547 5072 3701 5127 pun-

2055 5129 2225 5187 ctum
2248 5129 2419 5184 colou
2455 5135 2698 5199 ponunt.

2125 5205 2237 5266 (‘72)
2274 5203 2335 5255 In
2389 5199 2678 5254 Parallelis

2056 5279 2243 5328 exstat
2276 5274 2690 5344 fragmentum.
2726 5270 2882 5342 quod
2915 5271 3072 5344 hunc
3119 5270 3314 5344 locum
3346 5270 3391 5344 si
3423 5269 3701 5344 exhibet;

2055 5337 2559 5417 fAYa‘lTTSO'h‘):1$V“EV
2614 5344 2695 5417 τῷ
2743 5337 2854 5393 ’νῦν
3096 5342 3292 5417 Δμξινον
3353 5337 3404 5392 ἐν
3456 5342 3705 5417 ,Χριστῷ

2056 5410 2235 5484 Ἰησοῦ
2266 5413 2617 5486 -εὖεεεξῶμεψ
2655 5410 2822 5468 GALL.
2884 5410 2972 5467 Ad
3011 5410 3374 5467 inﬁnitivum
3420 5410 3706 5486 εὑρεθῆναι

2054 5480 2406 5542 subauditur
2437 5480 2538 5543 δεῖ.
2572 5489 2639 5539 ut
2672 5501 2851 5543 smne.

2127 5502 2406 5541 nauuuur
2437 5502 2538 5543 οει,
2572 5502 2639 5539 ιιι
2672 5503 2750 5539 sa:
2799 5502 2851 5539 e.

2126 5559 2236 5629 (73)
2267 5555 2381 5610 Cfr.
2416 5555 2613 5625 Polyc.
2648 5554 2724 5612 ad
2752 5502 2929 5627 Bhil.,
2962 5571 3013 5610 c.
3048 5558 3098 5611 1.

2766 5200 3167 5280 Damasmnicis
3249 5198 3704 5280 Ruperat-ultimis
