4060 6206
274 407 394 468 665

1464 399 1850 461 EPISTULA
1892 403 1990 462 AD
2035 403 2514 465 MAGNESIUS.

3567 403 3685 464 666

272 538 369 609 κίᾳ
423 539 520 590 τοῦ
574 532 894 602 ἐπισκόπου,
954 530 1100 588 ἀλλᾶ
1158 533 1270 606 (28)
1327 532 1461 586 κατὰ
1527 528 1752 602 δύναμιν
1785 537 1919 586 Θεοῦ

2069 538 2223 608 οορί,
2249 537 2353 592 sed
2388 543 2656 608 respectu
2679 537 2961 609 potentias
2984 536 3086 590 Dei
3107 537 3295 592 Patris
3313 553 3552 594 omnem
3575 539 3682 594 im-

271 627 490 700 Πιτρὸς
572 628 743 678 πᾶσαν
831 621 1093 696 ἐντροπὴν
1175 619 1321 692 αὐτῷ
1386 619 1696 691 ἀπονέμειν,
1747 623 1926 682 καθὼς

269 712 442 792 ἔγνων
471 713 559 770 καὶ
608 711 735 775 τοὺς
793 710 979 783 ἁγίους
1037 704 1452 784 πρεσϐυτέρους,
1514 710 1579 765 οὔ
1611 715 1720 784 (29)
1748 731 1930 784 προει-

277 805 534 876 ληφότας
613 804 713 872 τὴν
806 802 920 872 (30)
983 798 1314 872 φαινομένην
1372 801 1698 874 νεωτερικήν
1758 799 1927 872 τάξιν.

275 893 409 949 ἀλλ’
441 894 515 954 ὡς
546 889 845 968 φρονίμους
888 887 940 944 ἐν
1002 894 1117 961 Θεῷ
1147 893 1568 967 συγχωροῦντας
1626 888 1790 961 αὐτῷ·
1827 888 1929 943 οὐκ

274 983 425 1053 αὐτῷ
457 980 536 1051 δὲ,
580 976 726 1036 ἄλλὰ
781 983 861 1049 τῷ
920 979 1086 1051 Πατρὶ
1146 978 1329 1048 Ἰησοῦ
1390 980 1649 1053 Χριστοῦ,
1681 983 1762 1050 τῷ
1793 979 1930 1034 πέν-

275 1093 384 1126 των
419 1069 724 1141 Ξπισκόπῳ.
760 1067 853 1128 Εἰς
884 1067 1052 1140 τιμήν
1105 1065 1198 1121 οὖν
1243 1065 1450 1122 ἐκείνοῦ
1479 1070 1575 1122 τοῦ
1606 1071 1719 1139 (31)
1754 1066 1928 1137 θελή-

279 1181 476 1223 σαντος
522 1162 702 1229 ἡμᾶς,
763 1156 968 1229 πρέπον
1028 1155 1171 1212 ἐστιν
1239 1155 1529 1213 ἐπακούειν
1587 1158 1723 1213 κατὰ
1755 1157 1926 1232 μηδε-

284 1248 414 1322 μίαν
475 1247 780 1320 ὑπόκρισιν·
836 1244 952 1300 ἐπεὶ
1013 1245 1122 1319 οὐχ
1177 1247 1291 1318 (32)
1349 1245 1433 1300 ὅτι
1488 1246 1581 1301 τὸν
1638 1246 1932 1302 ἐπίσκοπον

277 1341 477 1392 τοῦτον
503 1335 596 1390 τὸν
633 1333 973 1409 βλεπόμενον
1011 1333 1190 1404 πλανᾷ
1216 1354 1322 1402 τις,
1355 1333 1501 1390 ἀλλὰ
1550 1337 1644 1391 τὸν
1695 1336 1927 1410 ἀόρατον

277 1423 731 1498 παραλογίζεται.
788 1424 867 1480 Τὸ
920 1420 978 1478 δὲ
1035 1427 1252 1478 τοιοῦτο
1311 1423 1374 1478 οὐ
1423 1425 1559 1500 πρὸς
1590 1427 1705 1499 (33)
1762 1425 1931 1500 σάρκα

281 1516 309 1570 ὁ
369 1512 538 1588 λόγος
573 1555 587 1582 ,
646 1509 792 1569 ἀλλὰ
846 1512 983 1588 πρὸς
1047 1512 1173 1568 Θεὸν
1211 1555 1224 1581 ,
1285 1513 1376 1569 τὸν
1459 1514 1527 1569 τὰ
1590 1514 1792 1591 κρύφια
1852 1515 1929 1570 εἱ·-

284 1600 439 1658 δότα.

2041 627 2244 696 pertiri
2280 627 2365 680 illi
2416 627 2832 691 reverentiam,
2882 625 3384 696 quemadmodum
3439 629 3681 698 cognovi

2038 722 2273 770 sanctos
2304 716 2497 771 facere
2521 716 2917 787 presbyteros,
2951 715 3050 786 qui
3075 732 3195 770 non
3223 721 3444 770 temere
3477 716 3687 788 dijudi-

2039 810 2181 859 cunt
2202 805 2581 876 conspicuam
2602 805 2764 858 illius
2794 803 3558 874 conditionemjuvenilem,
3584 806 3690 860 sed

2038 899 2105 948 ut
2125 893 2448 963 prudentes
2481 893 2540 947 in
2575 895 2691 947 Deo
2719 894 2770 946 ei
2803 893 3058 958 cedunt;
3093 910 3211 947 non
3242 894 3292 947 ei
3327 900 3546 948 autem.
3583 894 3689 948 sed

2040 983 2194 1036 Patri
2237 984 2372 1038 Jesu
2403 981 2635 1044 Christi,
2671 983 2929 1038 omnium
2963 983 3263 1052 episcopo.
3300 983 3366 1036 ln
3397 983 3688 1036 honorem

2041 1072 2220 1141 igitur
2248 1071 2429 1137 illius,
2451 1071 2550 1141 qui
2581 1077 2743 1126 amat
2774 1087 2901 1134 nos,
2927 1070 3098 1125 decet
3127 1070 3372 1125 obedire
3405 1071 3533 1125 sine
3566 1071 3690 1126 ulla

2040 1163 2336 1236 hypocrisi
2363 1179 2376 1227 ;
2399 1162 2541 1233 quia
2562 1177 2681 1216 non
2711 1161 2904 1216 solum
2936 1160 3279 1230 episcopum
3309 1161 3466 1214 hunc
3493 1161 3688 1214 visibi-

2043 1255 2161 1309 lem
2190 1253 2324 1323 quis
2371 1251 2546 1319 fallit,
2576 1250 2679 1305 sed
2720 1249 3081 1304 invisibilem
3113 1248 3388 1319 decipere
3420 1255 3687 1303 conatur.

2039 1342 2174 1399 Tale
2197 1341 2424 1396 facinus
2457 1356 2578 1394 non
2635 1339 2708 1395 ad
2741 1355 2983 1394 carnem
3032 1337 3410 1394 referendum
3439 1343 3547 1407 est,
3590 1336 3692 1390 sed

2043 1431 2116 1488 ad
2148 1432 2357 1497 Deum,
2389 1430 2490 1501 qui
2522 1427 3222 1500 absconditalcognoscit.

1389 1695 1481 1750 IV.
1514 1695 1656 1751 Male
1684 1697 1939 1751 nonnulli
1965 1698 2082 1752 sine
2121 1695 2372 1766 episcopo
2402 1699 2594 1762 agunt.

362 1815 571 1891 Πρὲπον
629 1815 726 1869 οὖν
786 1813 955 1882 ἐστιν,
991 1817 1066 1887 μή
1128 1814 1291 1888 μόνον
1342 1814 1622 1872 καλεῖσθαι
1685 1825 1938 1894 Χριστια-

2121 1821 2298 1875 Decet
2321 1819 2542 1888 itaque.
2575 1830 2698 1869 non
2730 1813 2906 1869 modo
2947 1814 3140 1868 vocari
3173 1814 3559 1880 Christianos,
3593 1815 3695 1868 sed

279 1906 431 1974 νοῦς,
494 1902 640 1960 ἀλλὰ
696 1905 787 1959 καὶ
845 1905 1006 1959 εἶναι·
1070 1902 1254 1979 ὥσπερ
1310 1906 1400 1959 καί
1459 1927 1596 1968 τινες
1643 1907 1936 1963 ἐπισκοπον

294 1995 394 2067 μὶν
436 1996 546 2062 (34)
588 1989 870 2051 καλοῦσιν.
905 1993 1082 2070 χωρὶς
1139 1989 1196 2047 δὲ
1253 1992 1418 2048 αὐτοῦ
1473 1997 1641 2050 πάντα
1672 1997 1939 2070 πράσσον-

291 2107 394 2142 σιν.
442 2084 510 2141 Οἱ
565 2087 807 2138 τοιοῦτοι
848 2081 904 2138 δὲ
935 2081 1034 2138 οὐκ
1071 2081 1439 2153 εὐσδνείδητοί
1499 2107 1592 2157 μοι
1646 2088 1782 2142 εῖναι
1815 2088 1936 2164 φαί-

289 2195 498 2241 νονται,
552 2168 640 2227 διὰ
698 2173 756 2226 τὸ
800 2174 874 2245 μὴ
937 2175 1047 2246 (35)
1113 2167 1348 2246 βεϐαίως
1397 2176 1516 2229 κατ’
1571 2179 1684 2249 (36)
1715 2176 1938 2249 ἐντολὴν

291 2262 753 2336 συναθροίζεσθαι.

2047 1908 2227 1964 etiam
2259 1920 2428 1970 esse;
2481 1901 2984 1975 quemadmodum
3029 1901 3304 1955 nonnulli
3348 1902 3689 1972 episcopum

2047 1995 2290 2068 quidem
2320 1993 2655 2059 nominant,
2685 1991 2786 2046 sed
2819 1991 3020 2045 omnia
3051 1990 3178 2044 sine
3213 2006 3280 2043 eo
3313 1989 3556 2043 faciunt.
3591 1993 3696 2045 Ta-

2047 2086 2134 2142 les
2161 2100 2296 2140 vero
2328 2099 2447 2138 non
2469 2083 2626 2137 bona
2647 2079 3012 2136 conscientia
3041 2078 3186 2134 mihi
3211 2079 3440 2151 praediti
3469 2095 3597 2133 esse
3622 2080 3701 2132 vi-

2047 2181 2284 2245 dentur.
2310 2182 2450 2254 quia
2494 2197 2616 2236 non
2675 2179 2926 2234 firmiter
2983 2177 3308 2235 secundum
3337 2185 3699 2250 praeceptum

2049 2277 2498 2344 congregantur.

292 2383 356 2437 V.
394 2382 610 2436 Talibus
631 2378 926 2451 proposita
954 2386 1031 2435 est
1061 2396 1228 2450 mors,
1260 2385 1395 2455 quia
1425 2382 1796 2470 characterem
1857 2387 2316 2470 Christianorum,
2375 2385 2474 2450 τήν
2529 2383 2764 2459 ἀγάπην,
2822 2401 2931 2440 non
2960 2384 3184 2452 habent,
3218 2389 3268 2439 et
3297 2383 3693 2454 cupiditatibus

1666 2462 1778 2512 suis
1807 2474 1916 2513 non
1946 2462 2277 2514 moriuntur.

357 2566 508 2621 Ἐπεὶ
544 2566 636 2621 οὖν
665 2564 825 2628 τέλος
873 2567 940 2621 τὰ
969 2566 1264 2642 πράγματα
1323 2567 1441 2645 ἔχει
1501 2573 1616 2645 (37)
1672 2570 1936 2630 ἐπίκειται

294 2655 360 2710 τὰ
392 2651 488 2708 δύο
522 2655 683 2728 ὁμοῦ,
715 2657 744 2711 ὅ
766 2676 820 2710 τε
845 2657 1072 2719 θάνατος
1100 2657 1247 2727 καὶὴ
1283 2660 1420 2730 ζωὴ,
1454 2660 1542 2714 καὶ
1574 2655 1795 2724 ἕκαστος
1831 2665 1934 2735 (38)

292 2743 369 2804 είς
398 2745 490 2800 τὸν
525 2741 662 2798 ἴδιον
690 2745 861 2800 τόπον
899 2743 1094 2818 μὲλλει
1145 2753 1368 2826 χωρεῖν.
1418 2754 1617 2825 Ὥσπερ
1658 2751 1760 2827 γάρ
1793 2751 1934 2806 ἐστιν

287 2833 604 2905 νομίσματα
661 2830 781 2902 δύο,
813 2834 841 2889 ’ὀ
877 2835 970 2906 μὲν
1002 2838 1116 2910 (39)
1165 2841 1320 2905 Θεοῦ,
1380 2839 1408 2893 ὃ
1467 2837 1524 2893 δὲ
1578 2841 1814 2913 κόσμου,
1845 2843 1934 2896 καὶ

290 2918 514 2976 ’ἑκαστον
549 2921 722 2980 αὐτῶν
759 2920 896 2977 ἴδιον
930 2931 1253 3000 χαρακτῆρα
1310 2924 1653 3002 ἐπικείμενον
1709 2924 1849 3005 ἔχει·
1883 2932 1933 2984 o't

2121 2577 2268 2641 Quia
2299 2580 2497 2631 autem
2548 2591 2642 2630 res
2693 2574 2871 2628 finem
2909 2573 3149 2640 habent,
3207 2572 3539 2628 incunbunt
3582 2571 3698 2625 duo

2049 2667 2250 2731 simul,
2284 2683 2443 2720 mors
2475 2670 2533 2719 et
2555 2664 2690 2728 vita,
2747 2668 2806 2717 et
2860 2663 3269 2733 unusquisque
3302 2661 3361 2715 in
3393 2661 3696 2732 proprium

2046 2754 2242 2811 locum
2285 2755 2476 2810 iturus
2521 2757 2628 2808 est.
2664 2750 3172 2817 Quemadmodum
3206 2750 3366 2804 enim
3401 2754 3541 2804 sunt
3574 2765 3696 2804 nu-

2047 2844 2324 2898 mismata
2354 2843 2494 2905 duo,
2528 2841 2781 2896 alterum
2805 2839 3046 2911 quidem
3072 2839 3194 2905 Dei,
3217 2838 3468 2894 alterum
3495 2844 3694 2894 autem

2049 2933 2280 2999 mundi,
2296 2937 2355 2987 et
2372 2929 2838 3002 unumquodque
2861 2931 3164 3000 proprium
3179 2929 3580 2985 characterem
3602 2928 3703 2982 ha-

1750 3056 1917 3111 Vetus
1954 3055 2246 3128 interpres.

1817 3172 2046 3227 CAPUT
2094 3173 2191 3226 III.

362 3281 473 3359 §ed
505 3286 565 3337 et
601 3299 702 3359 vos
724 3281 895 3338 decet
919 3299 1039 3359 non
1070 3285 1226 3339 conti
1258 3289 1428 3342 astate
1461 3288 1742 3359 episcopi,
1777 3289 1880 3344 sed
1911 3288 2239 3346 secundum
2265 3289 2540 3346 virtutem
2586 3289 2686 3344 Dei
2719 3288 2906 3343 Patris
2931 3302 3170 3343 omnem
3219 3287 3612 3342 reverentiam
3649 3288 3701 3342 ei

294 3353 579 3439 tribuere,
613 3354 770 3439 sicut
793 3357 997 3426 agnovi
1031 3362 1090 3439 et
1108 3363 1344 3439 sanctos
1374 3353 1792 3439 presbyteros;
1827 3378 1946 3416 non
1996 3369 2367 3439 assu‘mentes
2421 3367 2804 3439 apparentem
2839 3359 3142 3439 j_uniore_m
3175 3359 3467 3439 ordinem,
3504 3359 3604 3414 sed
3638 3364 3704 3413 ut

290 3425 618 3505 prudentes
640 3426 699 3480 in
733 3425 853 3505 Deo
871 3426 1266 3505 concedentes
1285 3425 1395 3501 ipsi
1426 3446 1440 3496 ;
1465 3425 1584 3505 non
1613 3432 1727 3505 ipsi
1746 3425 1963 3499 autem,
1982 3433 2085 3505 sed
2116 3434 2272 3489 Patri
2294 3435 2429 3488 Iesu
2451 3425 2686 3505 Christi,
2712 3425 2979 3505 omnium
3002 3433 3300 3501 epiSCOpo.
3327 3431 3389 3484 In
3415 3431 3702 3505 honorem

291 3497 473 3574 igitur
502 3497 664 3552 illius
694 3499 946 3553 volentis
967 3515 1084 3574 non
1112 3497 1328 3574 decens
1359 3509 1449 3574 est
1478 3497 1741 3574 obedire,
1777 3497 2101 3560 secundum
2123 3505 2350 3558 nullam
2371 3497 2728 3574 hypocrisin)
2760 3519 2772 3556 :
2803 3502 2942 3574 quia
2965 3497 3340 3571 nequaquam
3359 3502 3701 3574 episcopum

289 3567 450 3647 hunc
471 3575 853 3647 conspectum
887 3570 1115 3647 seducit
1145 3573 1298 3641 quis,
1333 3573 1435 3628 sed
1486 3573 1853 3630 invisibilem
1887 3577 2265 3647 paralogizat.
2308 3567 2668 3631 Tale-autem
2702 3567 2924 3628 non-ad
2954 3567 3198 3629 carnem
3245 3567 3462 3637 sermo,
3496 3567 3598 3626 sed
3628 3573 3700 3626 ad

291 3639 479 3696 Deum
520 3639 867 3698 abscondita
895 3639 1200 3699 scientem.

1817 3753 2048 3810 CAPUT
2101 3753 2193 3808 IV.

373 3862 597 3918 Decens
628 3863 807 3938 igitur
834 3869 943 3938 est,
977 3880 1096 3919 non
1116 3863 1303 3920 solum
1336 3866 1530 3922 vocari
1562 3867 1949 3932 Christianos,
1983 3867 2086 3922 sed
2118 3872 2178 3922 et
2206 3883 2364 3933 esse;
2399 3865 2897 3938 quemadmodum
2930 3863 3170 3938 quidam
3203 3863 3546 3938 episcopum
3572 3863 3702 3932 qui-

296 3932 437 3986 dem
468 3932 676 3988 vocant
721 3936 848 4008 sine
881 3937 1008 4006 ipso
1041 3943 1236 3991 autem
1270 3939 1472 3993 omnia
1501 3945 1843 4008 operantur.
1879 3939 2050 3995 Tales
2081 3946 2279 3995 autem
2313 3932 2434 3994 non
2461 3939 2632 3994 bonae
2664 3932 3040 3992 conscientia:
3074 3935 3217 3989 mihi
3245 3932 3376 3989 esse
3410 3934 3698 4001 videntur,

294 4011 542 4076 propter
569 4022 687 4060 non
721 4007 971 4063 ﬁrmiter
1000 4009 1325 4064 secundum
1359 4007 1716 4081 prace’ptum
1740 4011 2101 4083 congregari.

1825 4129 2054 4184 CAPUT
2113 4129 2175 4183 V.

370 4223 515 4296 Quia
540 4223 718 4294 igitur
748 4222 927 4296 tinem
960 4240 1063 4296 res!
1085 4223 1326 4296 habent,
1352 4231 1410 4280 et
1438 4231 1852 4296 proponuntur
1871 4226 1989 4282 duo
2017 4225 2216 4289 simul,
2241 4241 2400 4280 mors
2423 4231 2482 4280 et
2509 4226 2626 4280 vita
2650 4242 2662 4279 :
2689 4230 2746 4280 et
2769 4223 3178 4295 unusquisque
3208 4223 3268 4277 in
3289 4221 3590 4296 proprium
3618 4221 3702 4277 lo-

295 4294 653 4368 cum_iturus
674 4300 782 4350 est.
808 4294 1318 4368 Quemadmodum
1340 4294 1499 4352 enim
1523 4294 1662 4352 sunt
1683 4297 2042 4354 numismala
2062 4297 2200 4362 duo,
2226 4299 2335 4353 hoc
2358 4298 2599 4368 quidem
2623 4297 2743 4362 Dei,
2778 4297 2887 4368 hoc
2917 4294 3115 4350 autem
3147 4294 3354 4368 mundi
3379 4311 3391 4359 ;
3418 4301 3475 4348 et
3497 4310 3703 4368 unum-

295 4364 577 4438 quodque
610 4365 875 4437 ipsorum
899 4367 1204 4438 proprium
1232 4369 1635 4424 characterem
1659 4371 2100 4441 superpositum
2130 4369 2342 4425 habet:
2376 4364 2668 4435 infideles,
2701 4367 2908 4423 mundi
2943 4368 3158 4438 hujus;
3186 4366 3390 4420 ﬁdeles
3423 4373 3621 4419 autem
3643 4365 3705 4418 in

291 4538 406 4617 πῂν
437 4535 697 4617 Δ,ᾕιινεξρίε
749 4537 913 4617 illius
941 4538 1237 4617 _episco_pi.
1298 4542 1460 4617 V_oss.
1514 4541 1951 4617 -—_familiarius
1983 4542 2025 4607 C

294 4607 684 4685 unfamiliar
739 4607 1067 4685 penandein,
1134 4607 1260 4666 Cor.
1322 4613 1529 4668 Borea.
1583 4607 1729 4685 Lege
1784 4631 1944 4666 κατα-

298 4679 560 4752 χρᾶσθαι,
593 4681 764 4734 abuti.
800 4681 903 4735 JUN

369 4751 482 4831 (28)
513 4752 556 4806 Ι.
591 4768 643 4807 e.
686 4759 977 4831 respectu
1004 4751 1215 4810 divina)
1269 4755 1567 4824 potentia),
1599 4771 1730 4826 quas
1776 4755 1945 4812 illum

297 4823 650 4892 episcopum
680 4823 1006 4879 constituit.

369 4891 603 4969 (amita
648 4894 897 4969 Junius._
934 4896 1034 4969 Ms.
1097 4891 1556 4969 προσειληφότας.
1609 4897 1766 4966 quod
1794 4914 1945 4953 non-

296 4964 452 5020 nulli
481 4970 722 5038 yertunt
747 4964 1119 5038 respicientes.
1142 4964 1278 5038 '_ipsi
1334 4964 1722 5038 respicientes
1753 4969 1826 5023 ad
1859 4969 1947 5023 in-

289 5037 750 5122 terpro‘latore‘m,
778 5037 898 5122 _qui
933 5037 1114 5122 habet
1142 5036 1485 5122 ἐφορῶντας.

369 5108 481 5178 (30)
514 5109 600 5162 Ita
632 5107 960 5178 Cotelerius
993 5114 1050 5162 et
1103 5107 1202 5165 alii
1236 5107 1584 5165 Germanice
1616 5126 1628 5163 :
1661 5109 1952 5165 sichtliche

287 5177 756 5252 lugendlichlseit.
792 5177 916 5234 Alia
942 5187 1144 5252 monet
1173 5181 1383 5248 Bothe,
1407 5184 1560 5250 Anii,
1596 5198 1650 5252 p.
1685 5183 1950 5250 435-441,

291 5250 394 5324 cui
424 5249 754 5324 φαινομένηΔ
782 5251 1079 5324 νεωτερική
1137 5252 1286 5320 τάξις
1344 5271 1413 5306 :
1471 5249 1612 5324 Ordo
1665 5254 1952 5322 episcopa—

298 5322 392 5386 lis,
427 5321 491 5375 ut
522 5322 676 5377 male
707 5321 961 5376 videtur.
992 5338 1173 5391 nuper
1190 5327 1406 5378 demum
1434 5321 1744 5378 institutus.
1779 5324 1860 5378 Cf.
1902 5325 1950 5379 Ι.

297 5392 490 5464 Andr.
534 5394 686 5448 Bosii
745 5395 968 5447 Exercit
1049 5394 1124 5449 ad
1179 5395 1378 5450 locum
1429 5395 1658 5464 lgnatii,
1692 5411 1808 5464 quo
1848 5395 1953 5449 viri

297 5463 460 5537 docti
494 5465 734 5534 quidam
769 5470 1072 5535 putarunt,
1097 5467 1356 5537 episcopi
1379 5463 1556 5521 unius
1581 5463 1760 5536 supra
1790 5483 1953 5536 pres-

295 5535 962 5610 byteroseminentiam
995 5535 1186 5594 vocari
1229 5535 1552 5610 νιὼτερικὴν
1596 5535 1760 5606 τάξιν,
1791 5535 1953 5592 Bosii

303 5607 501 5677 Opusc.
544 5609 691 5674 hist,
727 5624 781 5678 p.
816 5609 940 5662 477.

381 5677 491 5747 131)
523 5679 563 5732 ῐ.
601 5695 651 5732 e.
685 5677 785 5749 qui
808 5694 907 5735 nos
945 5685 1115 5734 amat.

2125 4542 2235 4612 (32)
2265 4540 2349 4598 Cf.
2384 4542 2578 4595 Herm.
2613 4539 2687 4594 ad
2721 4541 2862 4612 Vig.,
2899 4557 2955 4611 p.
2981 4541 3104 4606 790,
3129 4557 3187 4595 n.
3220 4541 3343 4593 253.

2130 4613 2240 4682 (33)
2272 4613 2317 4666 Ι.
2353 4628 2399 4665 e.
2435 4612 2729 4666 hominem.

2129 4679 2242 4752 (34]
2271 4684 2311 4736 Ι.
2348 4699 2399 4736 e.
2426 4683 2588 4751 justa
2609 4683 2955 4737 auctoritate
2980 4682 3368 4737 constitutum
3400 4679 3658 4733 fatentur
3683 4694 3696 4743 ;

2059 4755 2161 4810 illo
2188 4762 2385 4810 tamen
2417 4753 2752 4808 inconsulto
2785 4753 3215 4824 omniaagunt.
3250 4752 3438 4806 Suum.

2131 4827 2244 4893 (3'5)
2279 4826 2318 4880 Ι,
2354 4841 2406 4878 e.
2441 4825 2598 4894 quod
2633 4841 2751 4878 non
2781 4829 2940 4894 ﬁrma
2983 4821 3117 4891 ﬁde,
3171 4839 3363 4892 neque
3393 4821 3579 4894 stabili
3609 4837 3702 4894 or;

2058 4891 2217 4962 dine,
2245 4896 2419 4966 juxta
2445 4891 2790 4966 praeceptum
2823 4895 3037 4950 Christi
3088 4901 3146 4949 et
3193 4891 3597 4966 apostolorum
3631 4891 3702 4946 ad

2061 4965 2261 5024 88.οΓοέ
2291 4973 2472 5022 castus
2504 4983 2565 5021 SB
2596 4965 2924 5021 conferant.
2960 4967 3146 5022 SMITH.

2131 5042 2241 5110 (36)
2273 5033 2536 5104 Ἐντολήν
2567 5037 2834 5092 absolute
2864 5038 3123 5109 positum
3171 5055 3276 5110 pro
3309 5032 3536 5101 ἐντολὴν
3571 5034 3701 5104 Χρι-

2062 5113 2213 5165 στοῦ.
2246 5110 2330 5165 Cf.
2361 5125 2451 5180 ep.
2488 5111 2684 5176 Barn.,
2718 5126 2768 5163 c.
2804 5111 3014 5180 6,7not.

2133 5183 2240 5251 (37)
2272 5175 2617 5251 Gallandius
2648 5175 2706 5234 et
2732 5179 3094 5251 Jacobsonus
3126 5175 3490 5251 adduntmi.

2133 5246 2243 5324 (38)
2273 5251 2368 5313 Εἷς
2398 5251 2488 5305 τὸν
2536 5246 2686 5304 ἵδιον
2743 5250 2933 5308 τόπον,
2987 5252 3079 5306 Sic
3136 5251 3210 5306 de
3266 5249 3435 5314 Juda,
3492 5252 3618 5301 Act.
3666 5263 3705 5309 ι,

2137 5397 2247 5452 139)
2288 5393 2366 5462 ,Ὅ
2409 5391 2504 5462 μὲν
2534 5425 2602 5435 —
2634 5389 2768 5462 ὅίδὲ.
2825 5393 2910 5448 Ita
2968 5409 3102 5458 ms.,
3154 5397 3303 5446 teste
3358 5389 3706 5446 Jacobsono.

2065 5465 2216 5522 Editi
2247 5461 2308 5515 τὸ
2340 5461 2431 5532 μὲν
2469 5497 2531 5506 -
2564 5465 2625 5519 τὸ
2656 5461 2730 5519 δὲ.
2767 5464 3088 5520 Relativum
3118 5463 3442 5534 saepissime
3480 5478 3582 5532 pro
3616 5476 3708 5514 ar-

2065 5536 2247 5591 ticulo
2264 5535 2504 5607 ponitur
2534 5554 2567 5592 a
2615 5539 2678 5592 N.
2711 5539 2771 5591 T.
2834 5535 3245 5607 scriptoribus,
3281 5535 3370 5607 cf:
3419 5535 3586 5587 Hom.
3618 5547 3702 5607 ix,

2064 5611 2127 5662 21
2162 5622 2175 5670 ;
2211 5605 2410 5664 Matth.
2446 5625 2562 5675 xxx,
2595 5611 2661 5662 35
2696 5627 2708 5675 ;
2742 5613 2866 5664 Act.
2925 5604 3100 5672 xkvn,
3153 5609 3258 5672 Ui;
3293 5608 3315 5660 Ι
3345 5606 3475 5660 Cor.
3511 5620 3583 5669 χι,
3614 5604 3705 5657 21.

2064 5680 2363 5739 ΙΑοοΒςοΝ.
