4030 6212
277 413 401 477 969

1502 409 1881 470 EPISTULA
1933 411 2037 470 AD
2086 411 2570 477 MAGNESIOS.

3585 416 3704 477 670

1285 545 1423 602 VIII.
1453 546 1654 603 Cavete
1692 561 1727 600 a
1770 545 1936 614 falsis
1971 546 2238 604 doctrinis
2266 552 2704 607 Judaizantium.

346 652 459 723 (4-7)
495 647 584 714 Μὴ
618 646 892 700 πλανᾶσθε
919 648 1040 705 ταῖς
1089 640 1450 717 ἑτεροδοξίαις
1510 639 1653 714 μηδὲ
1685 646 1798 714 (48)
1834 663 1933 713 μυο

2124 649 2204 701 Ne
2236 649 2830 704 seducaminialienis
2861 647 3377 720 doctrinis.neque
3399 650 3700 706 veteribus

278 738 544 810 θεῦμασιν
574 739 691 794 τοῖς
752 733 1032 800 παλαιοῖς,
1092 731 1421 810 ἀνωφελέσιν
1480 731 1648 785 Οὗσιν.
1712 731 1776 787 Εἰ
1834 731 1936 805 γὰρ

279 838 451 900 μεχρι
476 828 565 876 νῦν
597 824 732 877 κατᾶ
761 825 874 894 (49)
906 822 1124 895 [νόμον]
1160 817 1500 891 Ἰουδαισμὸν
1556 825 1755 893 ζῶμεν,
1791 821 1935 892 ὁμο-

277 917 559 988 Αογοῦμεθ
590 913 750 985 χάριν
790 911 865 983 μή
900 907 1203 986 εἰληφέναι.
1249 910 1311 962 Οἰ
1367 908 1469 983 γὰρ
1500 909 1765 963 θειότατοι
1799 928 1938 982 προ-

281 1003 621 1081 ςῆταικατὰ
652 999 886 1071 Χριστὸν
939 999 1148 1067 ’[ησοῦν
1199 995 1413 1068 ἔζησαν.
1475 998 1571 1052 Διὰ
1630 1001 1792 1052 τοῦτο
1847 997 1938 1051 καὶ

283 1090 654 1166 ἰδιώχθησαν,
687 1088 1050 1163 ἐμπνεόμενω
1096 1087 1201 1141 ὑπὸ
1230 1094 1330 1156 τῆς
1369 1087 1600 1162 χάριτος
1640 1087 1828 1152 αὐτοῦ,
1861 1086 1938 1149 εἷς

275 1183 342 1237 τὸ
372 1179 876 1256 πληροφορηθῆναι
933 1177 1060 1238 τοὺς
1120 1177 1497 1244 ἀπειθοῦντας,
1558 1175 1639 1230 ὅτι
1699 1179 1776 1238 εἷς
1808 1176 1940 1237 Θεός

276 1270 447 1338 ἐστιν,
489 1266 864 1348 ὁφανερώσας
923 1265 1110 1322 ἑαυτὸν
1171 1263 1260 1320 διὰ
1319 1266 1498 1335 Ἰησοῦ
1553 1267 1786 1333 Χριστοῦ
1842 1269 1940 1320 τοῦ

279 1360 418 1414 Υἱοῦ
448 1356 634 1427 αὐτοῦ,
693 1357 752 1417 ’ὸς
806 1355 949 1410 ἐστιν
1001 1354 1168 1410 αὐτοῦ
1227 1353 1400 1429 Λόγος
1441 1351 1638 1421 ἀΐδιος,
1681 1355 1779 1408 οὐκ
1834 1353 1942 1408 ἀπὸ

274 1450 391 1521 (50)
424 1453 582 1520 σιγῆς
615 1443 920 1519 προελθὼν,
952 1441 1010 1505 ὅς
1042 1442 1176 1498 κατὰ
1233 1443 1408 1497 πάντα
1449 1440 1804 1516 εὐηρέστησεν
1863 1446 1943 1515 τῷ

277 1536 556 1610 ⁴ιτὲμψαντι
588 1533 750 1588 αὐτόν
762 1575 774 1589 .

2048 734 2431 807 fabulis,quze
2464 745 2601 792 sunt
2624 737 2944 792 inutiles.Si
2979 737 3138 790 enim
3173 737 3560 808 adhucjuxta
3592 741 3702 810 [le-

2047 828 2204 894 gem]
2227 827 2596 881 Judaismum
2630 827 2894 894 vivimus,
2930 826 3420 887 coniitemur,nos
3451 828 3699 896 gratiam

2048 931 2166 967 non
2201 917 2524 987 accepisse.
2542 917 2901 971 Divinissimi
2925 932 3179 986 namque
3214 917 3514 987 propheta:
3530 919 3702 988 juxta

2043 1002 2242 1057 Iesum
2282 1004 2579 1058 Christum
2604 1005 2983 1059 vixerunt.0b
3004 1003 3113 1057 hoc
3146 1009 3203 1057 et
3222 1006 3700 1075 persecutionem

2049 1092 2204 1163 passi
2239 1097 2398 1158 sunt,
2431 1093 2619 1164 gratia
2649 1092 2836 1164 ipsius
2868 1091 3252 1163 inspirati,ut,
3285 1093 3384 1164 qui
3417 1094 3701 1151 erantin-

2049 1181 2298 1250 creduli,
2328 1183 2474 1236 certi
2505 1181 2914 1249 redderentur,
2938 1180 3095 1251 quod
3125 1197 3279 1235 unus
3309 1182 3386 1236 sit
3417 1183 3698 1254 Deus.qui

2051 1269 2310 1340 seipsum
2344 1270 2804 1325 manifestaverit
2835 1285 2939 1341 per
2957 1270 3155 1324 Jesum
3168 1270 3462 1324 Christum
3486 1272 3699 1325 Filium

2053 1374 2246 1424 suum,
2271 1360 2370 1429 qui
2403 1365 2490 1414 est
2523 1359 2773 1414 Verbum
2809 1359 2936 1429 ejus
2967 1364 3276 1426 aeternum,
3312 1376 3432 1414 non
3465 1365 3595 1430 post
3629 1361 3702 1414 si-

2052 1446 2302 1502 lentium
2337 1447 2740 1519 progrediens,
2796 1447 3018 1518 quique
3050 1446 3110 1502 in
3161 1448 3439 1504 omnibus
3469 1449 3543 1515 ei,
3600 1449 3701 1519 qui

2051 1534 2247 1608 ipsum
2276 1536 2541 1607 miserat,
2572 1535 2952 1609 complacuit.

1537 1632 1631 1687 IX.
1663 1633 1924 1688 Vivamus
1961 1650 2082 1688 cum
2112 1635 2349 1691 Christo.

351 1731 538 1788 Εῐοῦν
602 1730 653 1784 οἱ
708 1727 762 1783 ἐν
822 1729 938 1801 (51)
995 1725 1256 1789 παλαιοῖς
1314 1727 1626 1802 πράγμασιν
1684 1727 1946 1803 ἀναστρα-

281 1821 470 1899 φέντες
504 1817 582 1878 εἷς
604 1817 898 1886 καινότητα
961 1812 1188 1877 ἐλπίδος
1247 1815 1442 1884 ἦλθον,
1503 1815 1699 1888 μηκέτι
1732 1812 1939 1871 σαϐϐα-

2117 1731 2172 1786 Si
2206 1732 2404 1804 igitur,
2435 1733 2534 1802 qui
2567 1733 2628 1787 in
2659 1733 2838 1788 veteri
2893 1749 3094 1788 rerum
3129 1733 3335 1789 ordine
3387 1734 3696 1806 degeruut,

2049 1818 2123 1874 ad
2153 1837 2365 1875 novam
2406 1837 2570 1891 spem
2604 1829 3021 1893 pervenerunt,
3051 1839 3171 1876 non
3201 1823 3454 1893 amplius
3487 1825 3700 1878 Sahba-

281 1879 732 1976 τίζοντες.ἀλλᾶ
788 1879 926 1960 πιατὰ
983 1907 1094 1978 (52)
1154 1879 1396 1978 Χοριακή
1613 1910 1828 1974 ζῶντες,
1883 1904 1935 1960 ἐν

2062 1915 2176 1962 tum
2201 1907 2779 1980 colentes,sedjuxta
2804 1910 3168 1965 Dominicam
3201 1911 3479 1976 viventes,
3505 1911 3564 1964 in
3585 1928 3701 1980 qua

273 1998 317 2068 ᾖ
344 1996 436 2051 καὶ
467 1998 501 2064 ἡ
537 1997 650 2064 ζωὴ
685 1996 850 2066 ἡμῶν
878 1992 1153 2048 ἀνέτειλεν
1188 1990 1257 2048 δι’
1292 1995 1460 2048 αὐτοῦ
1513 1995 1600 2049 καὶ
1651 1999 1749 2048 τοῦ
1781 1995 1946 2049 θανά-

283 2107 384 2141 του
435 2083 600 2138 αὐτοῦ
657 2113 721 2125 --
781 2080 838 2136 ὅν
893 2103 1035 2146 τινες
1089 2083 1401 2157 ἀρνοῦνται,
1436 2079 1506 2136 δι’
1548 2083 1609 2136 οὗ
1641 2082 1944 2157 μυστηρίου

280 2167 559 2244 ἓλάὗομεν
608 2171 672 2226 τὸ
710 2170 1004 2235 πιστεῦειν,
1062 2171 1152 2225 καὶ
1212 2167 1301 2225 διὰ
1355 2174 1518 2226 τοῦτο
1577 2171 1943 2244 ὑπομένομεν,

274 2263 370 2317 ἳνα
422 2263 735 2334 εὑρεθῶμεν
800 2259 1038 2332 μαθηταὶ
1089 2262 1269 2330 Ἰησοῦ
1324 2260 1562 2334 Χριστοῦ
1619 2264 1716 2314 τοῦ
1775 2261 1944 2332 μόνου

281 2349 621 2405 διδασκάλου
661 2351 845 2423 ἡμῶν,
881 2381 944 2390 -
978 2353 1096 2409 πῶς
1153 2351 1316 2420 ἡμεῖς
1376 2345 1719 2420 δυνησόμεθα
1785 2354 1945 2418 ζῆσαι

283 2440 466 2514 χωρὶς
497 2438 686 2505 αὐτοῦ,
720 2437 783 2492 οὗ
827 2437 914 2491 καὶ
973 2437 1030 2490 οἱ
1062 2445 1337 2515 προφῆται
1397 2439 1629 2510 μαθηταί
1661 2436 1808 2499 ὄντες
1865 2442 1944 2510 τῷ

282 2532 563 2601 πνεύματι
591 2529 665 2588 ὡς
701 2525 1027 2582 διδάσκαλον
1056 2526 1220 2584 αὐτὸν
1279 2524 1644 2602 προσεδόκουν
1677 2547 1692 2596 ς
1727 2529 1823 2585 Καὶ
1857 2526 1946 2584 διὰ

278 2623 474 2688 τοῦτο,
502 2619 562 2672 ὃν
596 2614 823 2679 δικαίως
856 2618 1137 2690 ἀνέμενον,
1168 2617 1356 2694 παρὼν
1388 2617 1606 2693 ἤγειρεν
1664 2616 1858 2681 αὐτοὺς
1887 2616 1947 2673 ἐκ

282 2709 497 2782 νεκρῶν
530 2706 569 2762 ³.

2051 2003 2109 2052 et
2129 1998 2246 2052 vita
2276 2003 2481 2052 nostra
2504 2004 2705 2053 exorta
2727 1999 3139 2070 estperipsum
3164 2004 3224 2053 et
3243 2005 3489 2053 mortem
3512 2000 3698 2069 ipsius

2053 2087 2253 2157 (quam
2287 2087 2526 2157 quidam
2561 2093 2798 2157 negant,
2829 2104 2934 2159 per
2964 2088 3118 2158 quod
3144 2088 3488 2159 mysterium
3522 2089 3700 2143 ﬁdem

2053 2176 2418 2248 accepimus,
2451 2181 2510 2230 et
2537 2183 2780 2248 propter
2812 2176 2922 2232 hoc
2951 2177 3334 2238 sustinemus.
3356 2177 3706 2234 utinvenia—

2055 2281 2188 2321 mur
2219 2264 2492 2335 discipuli
2525 2266 2663 2320 Jesu
2695 2265 2934 2323 Christi.
2971 2265 3152 2321 solius
3183 2266 3441 2321 doctoris
3472 2269 3703 2336 nostri),

2054 2353 2352 2425 quomodo
2395 2370 2503 2409 nos
2547 2355 2875 2426 poterimus
2927 2355 3118 2410 vivere
3163 2355 3292 2410 sine
3343 2356 3493 2427 ipso,
3527 2373 3705 2427 quem

2053 2444 2232 2499 etiam
2259 2443 2580 2515 prophetaa,
2608 2459 2740 2498 cum
2773 2451 2972 2499 essent
3001 2445 3211 2516 spiritu
3246 2444 3521 2516 discipuli
3554 2446 3706 2513 ejus,

2053 2539 2120 2590 ut
2149 2533 2451 2588 doctorem
2485 2532 2950 2603 exspectabant?
2973 2535 3040 2587 Et
3071 2541 3310 2604 propter
3329 2536 3436 2589 hoc
3459 2534 3508 2588 is
3528 2550 3705 2604 quem

2056 2621 2902 2694 praestolabantur,adveniens
2925 2622 3227 2678 suscitavit
3258 2622 3420 2694 ipsos
3444 2638 3516 2678 ex
3548 2639 3706 2677 mor-

2055 2711 2192 2766 tuis.

1643 2807 1709 2864 X.
1734 2808 1912 2863 Nolite
1929 2809 2246 2881 judaizare.

362 2914 454 2980 Μὴ
486 2911 578 2968 οὖν
610 2913 1018 2982 ἀναισθητῶμεν
1047 2911 1152 2979 (53)
1183 2915 1284 2977 τῆς
1339 2907 1722 2983 χρηστότητος
1753 2907 1940 2966 αὐτοῦ.

2126 2912 2295 2967 Absit
2325 2928 2460 2984 ergo
2485 2927 2520 2967 a
2548 2912 2740 2978 nobis,
2762 2929 2883 2968 non
2915 2913 3134 2968 moveri
3155 2912 3517 2985 benignitate
3550 2911 3706 2980 ejus.

278 3006 389 3062 “Av
423 3003 524 3079 γὰρ
557 3004 705 3075 ἡμᾶς
748 3004 854 3071 (54)
916 2999 1238 3071 μιμήσεται,
1294 2996 1430 3051 καθὰ
1473 2997 1810 3070 πράσσομεν,
1851 2997 1943 3053 οὐκ

2065 3001 2121 3055 Si
2151 3002 2313 3056 enim
2343 3018 2453 3057 nos
2501 3002 2768 3057 imitetur
2797 3002 3124 3060 secundum
3155 3018 3242 3068 ea,
3278 2984 3409 3073 quas
3441 3000 3703 3056 facimus

1710 3098 1876 3152 Vetus
1905 3101 2188 3170 interpres.

1725 3195 1956 3252 CAPUT
2023 3197 2164 3254 VIII.

355 3299 483 3352 Non
517 3298 726 3351 erretis
753 3296 1048 3351 extraneis
1081 3293 1482 3365 opinionibus,
1535 3308 1728 3363 neque
1783 3293 2002 3349 fabulis
2049 3294 2368 3361 veteribus,
2419 3294 2730 3349 inutilibus
2753 3295 3194 3349 exsistentibus.
3225 3295 3278 3348 Si
3313 3295 3473 3349 enim
3505 3309 3694 3364 usque

273 3385 440 3424 nunc
471 3368 798 3424 secundum
827 3367 1196 3422 Judaismum
1229 3367 1493 3426 vivimus,
1529 3365 1886 3437 conﬁtemur
1914 3367 2165 3437 gratiam
2201 3382 2320 3420 non
2354 3368 2668 3436 recepisse.
2705 3367 3065 3420 Divmissimi
3100 3367 3258 3420 enim
3291 3366 3702 3436 prophetaese-

276 3439 549 3494 cundum
573 3440 870 3494 Christum
900 3439 1097 3492 .Iesum
1129 3437 1418 3492 vixerunt.
1452 3437 1700 3506 Propter
1727 3436 1840 3490 hoc
1873 3436 1936 3491 et
1957 3437 2431 3508 persecutionem
2451 3437 2608 3506 passi
2643 3438 3081 3505 sunt,inspirati
3115 3453 3148 3492 a
3177 3439 3365 3504 gratia
3390 3437 3596 3506 ipsius,
3627 3437 3701 3491 ad

286 3510 620 3566 certificare
654 3512 1072 3580 impersuasos,
1105 3509 1385 3580 quoniam
1416 3523 1570 3561 unus
1599 3508 1753 3562 Deus
1775 3507 2014 3580 est,_qui
2049 3507 2447 3580 manifestavit
2478 3508 2740 3580 seipsuﬁm
2772 3525 2878 3578 per
2905 3510 3106 3580 .lesum
3140 3508 3437 3580 Christum
3487 3508 3702 3580 Filium

289 3582 520 3651 ipsius;
556 3582 656 3653 qui
680 3578 769 3636 est
799 3581 985 3653 ipsius
1015 3579 1266 3634 Verbum
1293 3585 1605 3642 aeternum,
1637 3595 1756 3633 non
1787 3595 1822 3633 a
1851 3578 2086 3634 silentio
2118 3579 2504 3651 progrediens
2537 3594 2550 3642 ;
2585 3579 2684 3648 qui
2709 3578 3039 3634 secundum
3070 3579 3273 3634 omnia
3326 3579 3705 3648 beneplacuit

289 3654 556 3710 mittenti
591 3654 809 3726 ipsum.

1821 3748 2051 3805 CAPUT
2091 3749 2184 3804 IX.

363 3852 421 3905 Si
453 3851 630 3920 igitur
659 3851 720 3905 in
753 3848 1050 3904 veteribus
1078 3847 1256 3904 rebus
1288 3847 1638 3910 conversati,
1671 3847 1734 3920 in
1776 3847 2095 3902 novitatem
2142 3847 2264 3917 spei
2324 3852 2633 3920 venerunt,
2667 3862 2786 3901 non
2826 3845 3082 3920 amplius
3112 3844 3562 3920 sabbatizantes,
3588 3846 3705 3920 sed

285 3916 617 3978 secundum
648 3921 1015 3976 Dominicam
1051 3920 1334 3983 viventes,
1367 3920 1428 3975 in
1456 3935 1572 3988 qua
1597 3925 1652 3972 et
1675 3919 1792 3973 vita
1817 3924 2022 3973 nostra
2051 3916 2293 3972 ortaest
2321 3934 2422 3988 per
2452 3918 2646 3988 ipsum
2672 3924 2730 3971 et
2761 3924 3010 3970 mortem
3045 3917 3230 3986 ipsius
3261 3917 3441 3986 (quod
3464 3916 3706 3988 quidam

282 4001 527 4063 negant,
558 4009 662 4062 per
694 3992 846 4062 quod
887 3991 1235 4063 mysterium
1260 3986 1567 4061 accepimu
1593 4007 1618 4043 s
1649 3990 1912 4063 credere,
1963 3994 2021 4044 et
2077 3986 2336 4063 propter
2356 3986 2491 4063 ‘hoc'
2514 3989 2898 4063 sustinemus,
2930 3994 2996 4063 ut
3036 3988 3405 4063 inveniamur
3434 3986 3710 4063 discipuli

275 4057 425 4120 Jesu
456 4057 685 4129 Christi,
714 4057 898 4117 solius
930 4057 1189 4117 doctoris
1219 4057 1427 4116 nostri)
1461 4077 1475 4127 ;
1508 4060 1805 4130 quomodo
1837 4077 1945 4116 nos
1977 4057 2297 4131 poterimus
2317 4060 2506 4115 vivere
2537 4059 2664 4115 sine
2690 4060 2815 4132 ipso
2850 4061 3056 4132 {cujus
3088 4065 3146 4113 et
3178 4057 3688 4132 prophetm,disci-

281 4136 414 4208 puli
449 4135 1051 4208 exsistentesgspiritu,
1084 4135 1376 4208 ipsumut
1403 4133 1706 4190 doctorem
1737 4130 2202 4204 exspectabant?
2232 4137 2290 4187 et
2319 4137 2559 4204 propter
2591 4130 2890 4203 hoclquod
2915 4132 3075 4203 juste
3103 4130 3692 4204 exspectabantprae-

291 4205 434 4262 sens
466 4205 766 4262 suscitavit
800 4205 962 4276 ipsos
986 4222 1057 4262 ex
1080 4206 1347 4260 mortuis.

1820 4301 2050 4357 CAPUT
2105 4302 2171 4356 X.

362 4406 488 4460 Non
517 4403 699 4475 igitur
727 4416 846 4458 non
877 4403 1203 4459 sentiamus
1223 4401 1648 4475 benignitatem
1678 4401 1884 4473 ipsius.
1915 4400 1972 4455 Si
2005 4399 2165 4456 enim
2197 4416 2306 4456 nos
2332 4405 2725 4471 persequatur
2749 4399 3079 4456 secundum
3130 4399 3287 4471 quod
3341 4414 3679 4471 operemur,

369 4533 389 4565 ³
411 4530 616 4585 Matth.
645 4545 822 4596 xxv",
855 4531 942 4584 52.

369 4657 491 4723 (47)
520 4653 784 4731 Igpatius
814 4668 933 4708 non
957 4652 1073 4708 duo
1122 4653 1353 4709 diversa
1375 4651 1816 4731 haereticorum
1837 4665 1952 4731 ‘ge-
1985 4652 2029 4716 Ι)
2063 4649 2303 4731 telerius
2331 4651 2408 4719 (a.
2443 4648 2502 4702 h.
2538 4647 2603 4731 1.)
2637 4653 2694 4701 et
2715 4648 3104 4731 fictile-(Ann,
3135 4664 3191 4731 ρ’.
3233 4647 3379 4731 7.26),
3413 4647 3701 4731 [gnatium

297 4715 608 4793 nera,'se‘d
637 4740 823 4781 unum
857 4731 1087 4780 tantum
1118 4741 1326 4793 genus,
1350 4725 1770 4793 judaizantium
1820 4715 1950 4776 dico

292 4792 625 4854 Docetarum
650 4797 1071 4868 impugnat.Cf.
1105 4792 1334 4868 Proleg.
1353 4792 1557 4868 nostra
1576 4793 1652 4868 ad_
1673 4792 1952 4868 epistolas

293 4871 355 4926 S.
387 4868 602 4942 Ignatii
636 4864 910 4942 Nr.'_V,'6,
942 4874 1002 4924 et
1057 4864 1466 4932 Dﬁsterdieck,
1499 4866 1572 4920 De
1622 4864 1952 4934 Ignatiana-

290 4939 609 5011 rum'epist.
644 4939 955 5022 authentia,
990 4942 1138 5010 p.55
1171 4955 1302 5064 sqq:

361 5013 482 5064 (48f-
513 5012 596 5064 Cf.
623 5012 646 5064 Ι
677 5013 824 5064 Tim.
858 5027 895 5064 ι.
922 5013 956 5064 4
981 5028 995 5064 :
1024 5026 1094 5064 iv.
1128 5014 1206 5064 7:
1284 5027 1300 5063 ι

361 5009 490 5084 (48f
513 5012 596 5066 Cf.
623 5012 646 5065 Ι
677 5012 824 5084 'I‘im.
858 5027 895 5078 ι,
922 5013 956 5066 4
981 5009 1158 5084 {in}
1191 5025 1206 5076 ;
1238 5009 1421 5084 T_it.pr,
1466 5010 1552 5064 14.

357 5077 477 5152 (49)
509 5086 627 5138 Aut
651 5081 818 5150 νόμον
851 5077 953 5136 aut
982 5077 1318 5152 Ἰουδαῖσμόν
1353 5082 1948 5152 interpretamentum

288 5148 447 5222 esse,
462 5148 1034 5210 summo—consensu
1060 5148 1434 5208 contendunt
1455 5148 1728 5222 editores.
1748 5148 1948 5222 Jacob-

291 5220 509 5284 sonum
543 5233 779 5282 secutus
807 5223 973 5294 νόμον
1003 5225 1170 5280 uncis
1202 5223 1438 5284 inclusi,
1473 5221 1612 5293 quia
1645 5226 1820 5294 _ve_tus
1852 5220 1945 5294 iu-

289 5305 524 5369 terpres
551 5291 894 5351 Judaismuni
921 5301 1152 5369 tanturn
1172 5291 1622 5369 exhibet,etnos
1641 5291 1794 5346 infra
1814 5307 1862 5344 c.
1883 5291 1946 5343 lO

286 5365 567 5443 legimus,
598 5370 736 5443 κατὰ
768 5365 1192 5443 Χριστιανισμὸν
1224 5368 1343 5435 ζῇν.

357 5433 472 5506 ῖὸο)
504 5433 1116 5512 Ignatiano-mastiges
1130 5433 1652 5512 conﬁtenduntﬁeri
1673 5433 1771 5488 hic
1784 5447 1945 5488 men-

285 5507 732 5581 tionem'Xtyic
769 5509 1056 5564 Valentini
1089 5508 1372 5581 Gnostici.
1396 5514 1454 5562 et
1482 5507 1618 5562 inde
1637 5520 1944 5576 apparere,

288 5583 605 5654 epistolam
638 5580 906 5654 nostram
937 5598 1056 5636 non
1089 5581 1161 5654 ab
1192 5580 1416 5654 lgnatio
1449 5595 1576 5654 esse
1623 5585 1940 5654 eraratam.

290 5647 1260 5736 Resppndetyossius,re.spexisse
1289 5651 1582 5736 lgnatiu‘m
1614 5649 1686 5704 ad
1701 5647 1944 5736 Gnosii-

288 5742 396 5780 cos
417 5720 742 5783 "Valentino
773 5720 1139 5797 antiquiores
1158 5720 1401 5795 ;melfus
1432 5728 1630 5779 autem
1652 5720 1945 5794 aguntCo-

2062 4721 2302 4782 dixisse,
2337 4717 2650 4774 monentes
2685 4735 2697 4771 :
2728 4718 2993 4773 Christus
3026 4723 3112 4772 est
3147 4717 3397 4772 Verbum
3416 4719 3515 4773 Dei
3540 4726 3703 4775 aeter-

2062 4808 2227 4855 num,
2262 4790 2418 4860 quod
2448 4807 2566 4844 non
2601 4791 2788 4844 instar
2814 4789 3053 4846 humani
3080 4789 3372 4844 sermonis
3390 4796 3515 4858 post
3543 4791 3702 4845 silen-

2062 4862 2200 4917 tium
2226 4877 2318 4916 seu
2349 4879 2375 4915 e
2403 4860 2628 4933 silentio
2655 4861 3175 4933 progrediturmon
3196 4862 3396 4933 junius
3416 4862 3698 4916 estsilen-

2058 4935 2162 4997 tio,
2188 4933 2291 4987 sed
2318 4930 2796 5004 :rternum.Simili
2823 4930 3703 5004 modoiaminterpolatorhunc

2060 5005 2251 5059 locum
2283 5003 2584 5073 explicuit.

2129 5077 2235 5140 (5|)
2263 5075 2302 5131 Ι.
2330 5091 2381 5129 e.
2418 5075 2478 5129 iu
2517 5075 2700 5128 Veteri
2737 5076 3097 5130 Testamento.

2128 5148 2241 5216 (52)
2270 5149 2405 5201 Post
2437 5145 2700 5216 κυριακήν
2733 5148 3070 5202 necessario
3127 5144 3333 5217 ἡμέραν
3365 5144 3707 5217 subintelli-

2056 5219 2315 5290 gendum
2341 5217 2613 5290 est.quod
2646 5234 2716 5272 ex
2747 5217 3135 5290 sequentibus
3166 5216 3700 5290 paleLSMITHJAw‘IIV

2054 5288 2176 5345 non
2207 5307 2340 5346 cum
2372 5289 2653 5361 κυριακήν,
2689 5288 2792 5344 sed
2822 5305 2957 5345 cum
2991 5291 3186 5356 ζῶντες
3225 5288 3702 5360 conjungendum

2056 5368 2162 5416 est.
2195 5364 2475 5418 Pansam.

2128 5433 2240 5504 (53)
2268 5431 2452 5504 Verba
2478 5433 2532 5486 S.
2568 5430 2731 5486 Pauli
2760 5430 2834 5486 ad
2855 5432 3022 5486 Rom.
3050 5447 3110 5497 ιι,
3144 5431 3258 5486 Itin
3299 5435 3496 5484 mente
3539 5431 3703 5503 Igna-

2054 5503 2120 5558 tii
2137 5502 2328 5558 'fuisse
2358 5502 2653 5558 videntur.

2056 5573 2220 5644 ΕΜ
2272 5573 2313 5629 I.
2357 5589 2408 5628 e.
2458 5575 2520 5645 si
2565 5578 2704 5645 Deus
2749 5573 2947 5645 eodem,
2977 5575 3137 5628 modo
3191 5573 3470 5628 nobiscum
3516 5580 3707 5645 ageret

2058 5643 2295 5700 Vossius
2328 5649 2386 5700 et
2424 5643 2524 5698 alii
2556 5643 2789 5700 malunt
2815 5644 3126 5714 τιμήσεται.
