4030 6212
415 304 530 361 675

1373 295 1649 358 SANCTI
1696 296 2000 356 IGNA'I‘II
2044 295 2450 357 EPISTOLA!
2490 296 2894 360 GENUINB.

3657 309 3759 368 676

480 444 533 491 et
560 440 828 506 sanguine
858 443 909 490 et
945 436 1197 504 pass-iane
1224 434 1348 486 Jesu
1407 431 1628 495 Christi,
1669 433 1787 501 spei
1837 437 2053 500 nostrae,
2083 459 2100 501 λ

2236 431 2370 504 οὔσῃ
2405 429 2455 484 ἐν
2488 431 2640 503 σαρκὶ
2674 431 2764 485 καὶ
2797 430 2986 502 αἳματι
3018 433 3036 504 [
3069 434 3181 504 (69)
3211 432 3320 506 καὶ]
3362 441 3438 509 τῷ
3486 437 3626 493 πάθει
3669 441 3758 512 ἰη.

486 527 706 597 quando
746 538 1086 592 resurgemus
1117 522 1190 575 ad
1236 537 1406 585 cum;
1455 537 1621 591 quam
1668 527 1720 574 et
1767 521 1950 576 saluto
2001 523 2057 576 in

477 617 830 686 plenitudine
858 615 917 666 in
960 613 1260 682 apostolico
1308 611 1643 679 charactere,
1693 613 1889 682 cuique
1923 613 2059 682 plu—

488 707 683 758 rimam
713 708 840 772 opto
870 701 1122 756 salutem.
1811 717 1816 721 '

2243 523 2342 573 σοῦ
2376 519 2637 592 Χριστοῦ,
2690 525 2790 588 τῆς
2847 517 3074 582 ἐλπίδος
3126 524 3282 593 ἡμῶν
3319 523 3365 578 ἐν
3413 530 3476 598 τῇ
3517 528 3584 588 εἷς
3627 531 3760 586 αὑτὸν

2240 605 2537 662 ἅναστάσει·
2607 607 2673 677 ἣν
2726 608 2816 663 καὶ
2874 608 3185 683 ἀσπάζομαι
3257 610 3308 666 ἐν
3364 618 3440 684 τῷ
3491 621 3589 687 (70)
3638 617 3764 689 πλη-

2243 697 2480 772 ρώματι,
2515 697 2567 751 ἐν
2619 699 2729 769 (71)
2787 697 3143 772 ἀποσταλικῷ
3202 709 3518 780 χαρακτῆρι,
3567 708 3644 760 καὶ
3690 705 3766 762 εὕ-

2246 805 2422 861 χομαι
2451 785 2683 842 πλεῖστα
2715 785 2950 862 χαίρειν.

1439 917 1481 970 Ι.
1515 917 1659 970 Laus
1687 920 1868 970 vestra
1896 931 1996 985 per
2024 913 2321 983 Polybium
2350 915 2491 968 mihi
2519 916 2784 971 innotuit.

483 1046 839 1099 Constanter
862 1041 1225 1110 inculpatam
1241 1045 1297 1095 et
1320 1038 1775 1110 inseparabilem
1803 1043 2064 1094 mentem

415 1133 658 1204 cognovi
684 1149 784 1186 vos
809 1131 1048 1197 habere,
1098 1146 1220 1183 non
1263 1145 1374 1183 usu
1423 1128 1635 1194 solum,
1689 1128 1791 1182 sed
1843 1128 2062 1196 indole,

418 1219 923 1292 quemadmodum
958 1218 1016 1272 id
1047 1218 1193 1273 mihi
1225 1219 1535 1288 episcopus
1567 1221 1757 1272 vester
1785 1216 2066 1288 Polybius

415 1311 722 1374 indicavit,
751 1309 851 1378 qui
875 1308 1138 1379 Smyrna:
1161 1307 1352 1364 adfuit
1371 1323 1475 1378 per
1500 1307 1864 1361 voluntatem
1885 1307 1985 1362 Dei
2009 1312 2068 1360 et

414 1403 554 1458 Jesu
584 1402 821 1465 Christi,
863 1402 1081 1470 quique
1115 1399 1258 1454 mihi
1291 1399 1489 1454 vincto
1535 1399 1597 1454 in
1647 1399 1785 1452 Jesu
1833 1399 2064 1452 Christo

413 1492 496 1546 ita
519 1489 957 1562 congratulatus
983 1495 1090 1556 est,
1122 1495 1187 1543 ut
1209 1504 1443 1542 omnem
1469 1487 1915 1546 multitudinem
1939 1504 2068 1542 ves-

412 1588 563 1635 tram
599 1582 657 1634 in
689 1597 754 1634 eo
784 1579 1220 1649 contemplatus
1253 1577 1387 1631 sim.
1417 1577 1730 1647 Excipiens
1761 1577 1921 1632 enim
1955 1594 2068 1648 per

412 1670 608 1740 ipsum
643 1675 921 1727 vestram.
954 1684 1085 1738 qua:
1118 1665 1445 1721 secundum
1501 1666 1683 1720 Deum
1735 1671 1843 1733 est,
1881 1666 2063 1722 bene-

416 1759 762 1822 volentiam,
797 1775 893 1811 vos
925 1757 1102 1827 ipsos,
1136 1771 1285 1825 quos
1305 1755 1569 1826 cognovi,
1601 1754 1932 1809 imitatores
1964 1755 2066 1811 Dei

413 1847 716 1902 invenisse
746 1845 1010 1900 videbar.

2251 1038 2316 1092 Ἀ
2331 1058 2526 1110 μωμον
2571 1034 2809 1092 διάνοιαν
2834 1040 2924 1093 καὶ
2957 1041 3072 1113 (72)
3105 1037 3414 1116 ἀδιάκριτον
3459 1042 3505 1096 ἐν
3555 1045 3768 1120 ὑπομονῇ

2174 1123 2346 1200 ἔγνων
2380 1127 2518 1197 ὑμᾶς
2549 1123 2798 1200 ἔχοντας,
2827 1130 2937 1201 (73)
2965 1129 3028 1183 οὐ
3059 1130 3194 1184 κατὰ
3225 1137 3444 1204 χρῆσιν,
3475 1130 3609 1187 ἀλλὰ
3655 1136 3771 1189 κατὰ

2174 1214 2353 1292 φύσιν,
2385 1215 2568 1277 καθὼς
2614 1213 2891 1284 ἐδήλωσέν
2936 1237 3029 1289 μοι
3088 1213 3386 1286 Πολύϐιος,
3441 1221 3467 1273 ὁ
3517 1219 3772 1284 ἐπίσκοπος

2176 1304 2352 1375 ὑμῶν,
2387 1303 2445 1365 ὅς
2477 1303 2796 1378 παρεγένετο
2829 1305 3102 1379 Θελήματι
3133 1312 3268 1362 Θεοῦ
3314 1309 3403 1364 καὶ
3451 1311 3620 1380 Ἰησοῦ
3662 1314 3773 1385 Χρι-

2172 1397 2268 1446 τοῦ
2300 1392 2351 1447 ἐν
2383 1392 2630 1467 Σμύρνῃ,
2662 1395 2749 1447 καὶ
2783 1393 2956 1455 οὕτως
3006 1417 3101 1468 μοι
3131 1398 3398 1472 συνεχάρη
3449 1395 3691 1472 δεδεμένῳ
3730 1400 3772 1455 ἐν

2177 1483 2360 1549 ’1ησοῦ
2425 1486 2669 1554 Χριστῷ,
2711 1480 2850 1537 ὥστε
2903 1505 2968 1556 με
3013 1485 3076 1539 τὸ
3124 1490 3228 1539 πᾶν
3277 1485 3486 1556 πλῆθος
3545 1489 3681 1560 ὑμῶν
3731 1488 3776 1542 ἐν

2175 1570 2321 1640 αὐτῷ
2367 1575 2476 1643 (74)
2528 1577 2866 1646 θεωρεῖσθαι.
2917 1571 3344 1647 Ἀποδεξάμενος
3394 1575 3480 1631 οὖν
3525 1579 3614 1645 τῆν
3665 1578 3781 1631 κατὰ

2177 1662 2303 1716 Θεὸν
2342 1659 2550 1715 εὔνοιαν
2589 1657 2660 1714 δι’
2693 1662 2882 1730 αὐτοῦ,
2937 1668 3050 1737 (75)
3107 1661 3263 1734 ἔδοξα
3316 1666 3482 1742 εὑρεῖν
3533 1667 3678 1741 ὑμᾶς,
3714 1667 3776 1729 ὠς

2176 1745 2366 1826 ἔγνων,
2402 1749 2651 1823 μιμητὰς
2689 1747 2844 1816 ὄντας
2873 1757 3026 1811 Θεοῦ.

2097 1801 2146 1865 Β

1303 1943 1373 1995 Il.
1406 1943 1591 1996 Estote
1619 1941 1854 2010 subjecti
1883 1943 2163 2011 episcopo,
2189 1943 2522 2013 presbyteris
2560 1950 2612 1998 et
2643 1944 2916 2001 diaconis.

484 2072 627 2124 Cum
652 2068 812 2123 enim
839 2067 1115 2137 episcopo
1140 2064 1391 2136 subjecti
1420 2065 1550 2120 sitis
1570 2069 1636 2119 ut
1653 2066 1790 2120 Jesu
1812 2065 2063 2134 Christo,

410 2157 696 2213 videmini
732 2157 1026 2216 mihi,non
1045 2153 1368 2208 secundum
1397 2153 1834 2212 hominem.sed
1855 2169 2066 2209 secun-

409 2246 552 2300 dum
583 2248 781 2300 Jesuin
814 2244 1110 2299 Christum
1142 2242 1352 2305 vivere,
1378 2242 1477 2312 qui
1508 2249 1747 2313 propter
1769 2259 1872 2297 nos
1900 2260 2058 2297 mor-

2247 2066 2415 2121 ’Ὁταν
2475 2066 2586 2142 γὰρ
2636 2071 2717 2138 τῷ
2775 2065 3056 2140 ἔπισκόπῳ
3115 2069 3476 2126 ὑποτάσσεσθε
3527 2071 3596 2131 ὡς
3635 2071 3788 2138 Ἰησοῦ

2178 2152 2418 2226 Χριστῷ,
2455 2154 2705 2230 φαίνεσθὲ
2738 2175 2832 2228 μοι
2863 2155 2924 2210 οὐ
2955 2157 3088 2211 κατᾶ
3119 2161 3234 2230 (76)
3284 2153 3556 2232 ἄνθρωπον
3599 2163 3786 2228 ζῶντες,

2175 2239 2322 2295 ἀλλὰ
2352 2242 2489 2297 κατὰ
2521 2243 2733 2311 Ἰησοῦν
2765 2244 3020 2317 Χριστὸν,
3080 2245 3172 2300 τὸν
3222 2243 3296 2301 δι’
3342 2251 3452 2320 (77)
3501 2250 3634 2315 ἡμᾶς
3677 2247 3794 2300 ἀπο-

408 2341 548 2391 tuus
581 2342 688 2402 est,
723 2341 786 2388 ut
815 2334 1126 2389 credentes
1158 2333 1216 2386 in
1269 2336 1519 2386 mortem
1569 2331 1757 2402 ipsius
1809 2338 2060 2385 mortem

413 2425 727 2496 eil‘ugiatis.
751 2421 1164 2478 Necessurium
1192 2421 1390 2490 itaque
1423 2426 1530 2484 est,
1561 2419 2062 2490 quemadmodum

409 2514 624 2578 facitis,
658 2519 720 2566 ut
752 2513 877 2567 sine
913 2511 1185 2581 episcopo
1217 2509 1364 2562 nihil
1391 2510 1596 2580 agatis,
1625 2508 1726 2564 sed
1749 2515 1807 2564 et
1830 2509 2068 2580 presby-

411 2603 558 2658 terio
590 2601 809 2657 subdlti
841 2601 990 2667 sitis,
1025 2605 1087 2653 ut
1118 2597 1403 2669 apostolis
1457 2602 1598 2652 Jesu
1649 2598 1888 2663 (.hristi,
1940 2598 2064 2668 spei

410 2700 650 2759 nostrae,
685 2691 744 2743 in
779 2706 895 2760 quo
927 2693 1348 2742 conversantes
1381 2685 1773 2740 inveniamur.
1821 2687 2064 2757 Oportet

406 2787 608 2834 autem
641 2784 698 2833 et
723 2779 1027 2836 diaconos.
1061 2777 1160 2847 qui
1201 2781 1342 2830 sunt
1369 2774 1605 2829 diaconi
1637 2774 2056 2846 mysteriorum

405 2871 539 2924 Jesu
570 2868 804 2934 Christi,
850 2868 1012 2920 omni
1065 2863 1238 2919 modo
1293 2863 1571 2919 omnibus
1617 2864 1876 2934 placere.
1935 2865 2059 2917 Non

407 2959 565 3014 enim
597 2957 864 3012 ciborum
897 2960 954 3010 et
983 2959 1229 3026 potuum
1262 2952 1519 3008 ministri
1554 2957 1713 3019 sunt,
1742 2951 1845 3007 sed
1868 2950 2063 3007 Eccle-

2183 2329 2428 2396 θανόντα,
2485 2330 2578 2384 ἳνα
2635 2333 3009 2393 πιστεύσαντες
3069 2333 3144 2396 εἷς
3231 2335 3328 2390 τὸν
3385 2337 3602 2391 θάνατον
3654 2335 3794 2389 αὖτοῦ

2179 2417 2242 2470 τὸ
2273 2418 2555 2472 ἀποθανεῖν
2598 2420 2888 2499 ἐκφῦγητε,
2925 2424 3247 2497 Ἀναγκαῖον
3291 2425 3381 2478 οὗν
3439 2425 3592 2478 ἐστιν.
3636 2422 3795 2496 ὥσπερ

2178 2512 2404 2574 ποιεῖτε,
2448 2506 2567 2563 ἄνευ
2620 2513 2716 2564 τοῦ
2775 2509 3076 2566 ἐπισκόπου
3135 2510 3307 2585 μηδὲν
3350 2514 3596 2585 πράσσειν
3655 2513 3795 2585 ὑμᾶς,

2179 2592 2306 2650 ἀλλ’
2365 2599 2477 2669 (78)
2535 2597 2929 2664 ὑποτάσσεσθαι
3015 2601 3103 2656 καὶ
3162 2606 3246 2674 τῷ
3303 2599 3683 2678 πρεσϐυτερίῳ,
3733 2601 3796 2662 ὡς

2177 2689 2294 2745 τοῖς
2324 2685 2653 2747 ἀποστόλοις
2687 2689 2868 2756 Ἰησοῦ
2911 2690 3166 2763 Χριστοῦ,
3217 2697 3321 2760 τῆς
3372 2689 3586 2753 ἐλπίδος
3639 2691 3796 2762 ἡμῶν.

2178 2771 2231 2826 ὲν
2263 2773 2307 2844 ᾦ
2357 2771 2632 2848 διάγοντες
2694 2781 2809 2848 (79)
2868 2778 3292 2853 εὑρεθησόμεθα.
3340 2785 3449 2855 (80)
3495 2786 3583 2835 Δεῖ
3627 2777 3679 2833 δὲ
3720 2777 3796 2832 καὶ

2174 2860 2301 2923 τοὺς
2331 2860 2630 2931 διακόνους,
2691 2863 2849 2929 ὄντας
2905 2869 3017 2941 (81)
3080 2868 3400 2942 μυστηρίων
3463 2871 3633 2938 Ἰησοῦ
3683 2870 3800 2940 Χρι-

2173 2955 2323 3019 στοῦ,
2369 2953 2506 3006 κατὰ
2561 2955 2735 3009 πάντα
2783 2956 2987 3024 τρόπον
3044 2961 3208 3012 πᾶσιν
3269 2959 3535 3033 ἀρέσκειν.
3593 2957 3664 3016 Οὐ
3710 2955 3798 3030 γὰρ

1878 3066 2031 3120 Vetus
2063 3067 2350 3137 interpres.

410 3202 437 3230 ‹‹
461 3180 743 3250 Ignatius,
762 3177 863 3248 qui
886 3173 1368 3250 et'l‘heophorus.
1393 3171 1630 3250 dilectae
1652 3173 1769 3250 _Deo
1793 3171 2108 3250 Patri‘Jesu
2138 3173 2350 3250 Christi
2369 3175 2645 3250 Ecclesia:
2666 3182 2905 3250 sanctae,
2930 3179 3204 3234 existenti
3234 3181 3294 3235 in
3318 3181 3614 3236 Trallesiis
3642 3179 3794 3244 Asiae,

479 3241 680 3324 electae
704 3241 761 3305 et
781 3241 901 3303 Deo
924 3241 1145 3324 digna),
1166 3262 1369 3317 pacem
1393 3244 1633 3324 habenti
1651 3244 1709 3324 in
1729 3259 1904 3324 carne
1924 3241 1980 3324 ὃ(
1997 3244 2286 3324 sanguine
2311 3251 2369 3298 et
2389 3247 2664 3324 passione
2681 3249 2820 3324 _Jesu
2838 3241 3072 3316 Christi,
3098 3251 3222 3322 spei
3247 3260 3490 3320 nostras,
3515 3253 3575 3307 in
3600 3241 3796 3324 eaquai

478 3321 536 3378 in
559 3324 754 3394 ipsum
769 3314 1232 3375 resurrectione:
1254 3332 1433 3388 quam
1452 3321 1511 3370 et
1523 3315 1716 3370 saluto
1740 3315 1801 3369 in
1824 3314 2216 3386 plenitudine,
2234 3315 2293 3369 in
2307 3314 2630 3388 apestolico
2646 3314 3188 3391 charactere,etoro
3204 3314 3534 3394 plurimum
3546 3314 3796 3397 gaudere.

1957 3421 2186 3477 CAPUT
2225 3423 2268 3478 Ι.

485 3537 998 3606 Incoinquinalam
1035 3537 1295 3587 mentem
1329 3535 1388 3585 et
1418 3528 1875 3606 inseparabilem
1909 3528 2356 3606 insustinentia
2387 3532 2758 3606 cognoviivos
2789 3535 3095 3602 habentes,
3119 3554 3241 3593 non
3270 3539 3598 3594 secundum
3622 3552 3793 3600 usum,

416 3611 520 3684 sed
554 3599 876 3684 secundum
913 3611 1224 3684 naturam_:
1261 3599 2050 3684 quemadmodumnostendit
2081 3601 2224 3682 mihi
2258 3599 2533 3684 Polybius
2555 3605 2867 3684 episcopus
2897 3599 3105 3684 vester,
3130 3610 3230 3680 qui
3257 3611 3501 3666 advenit
3526 3611 3795 3684 voluntate

423 3683 526 3738 Dei
559 3688 618 3736 et
646 3681 779 3735 Jesu
813 3677 1049 3754 Christi.
1085 3676 1143 3754 in
1178 3675 1462 3754 Smyrna:
1495 3679 1553 3727 et
1583 3674 1845 3754 siqmibi
1875 3674 2222 3754 congavisus
2263 3679 2352 3727 est
2384 3675 2571 3730 vincto
2590 3674 2662 3731 in
2695 3674 2933 3754 Christg
2955 3681 3110 3749 Jesu,
3136 3674 3201 3735 ut
3222 3697 3332 3754 ego
3357 3699 3595 3738 omnem
3619 3680 3794 3736 multi-

413 3754 967 3828 tudinemveslram
1002 3748 1061 3802 in
1095 3748 1223 3828 ipso
1256 3743 1616 3828 specularer.
1649 3744 1960 3828 Decipiens
1991 3743 2167 3828 igitur
2191 3760 2342 3828 eam,
2377 3762 2508 3828 quae
2535 3749 2859 3804 secundum
2903 3743 3112 3820 Deum,
3161 3743 3669 3824 aequanimitatem
3705 3766 3797 3822 per

407 3826 625 3897 ipsum,
658 3823 942 3896 gloriatus
975 3836 1105 3875 sum
1141 3818 1446 3872 inveniens
1475 3833 1592 3884 vos,
1626 3821 1690 3870 ut
1721 3818 1982 3888 cognovi,
2018 3818 2344 3870 imitatores
2379 3818 2497 3873 Dei.

1937 3929 2167 3984 CAPUT
2204 3931 2273 3984 Il.

477 4031 620 4086 Cum
658 4027 819 4082 enim
853 4025 1130 4096 episcopo
1163 4021 1412 4093 subjecti
1446 4021 1586 4075 estis
1603 4025 1667 4074 ut
1687 4019 1826 4074 Jesu
1847 4018 2100 4084 Christo,
2125 4018 2400 4074 videmini
2425 4023 2570 4078 mihi
2592 4040 2711 4079 non
2736 4025 3061 4080 secundum
3095 4025 3377 4084 homines
3398 4029 3676 4092 viventes,
3707 4023 3797 4081 sed

472 4172 586 4237 (69)
618 4169 816 4221 Insere
848 4163 960 4218 καί.
995 4164 1157 4237 Voss.
1193 4163 1443 4237 Sensus:
1478 4161 1615 4225 Qua:
1660 4161 1956 4237 internum
1993 4163 2051 4212 et

403 4230 536 4296 cum
577 4230 712 4292 Deo
770 4251 976 4305 pacem
1033 4233 1263 4288 obtinet
1345 4230 1600 4287 adventu
1656 4237 1713 4286 et
1769 4230 2047 4303 passione

406 4311 642 4367 Christi.

476 4382 587 4454 (70)
621 4382 662 4437 Ι.
697 4396 748 4434 e.
782 4377 952 4448 cujus
983 4374 1258 4430 Ecclesiai
1285 4374 1486 4429 omnia
1518 4373 1708 4429 saluto
1760 4372 2049 4428 membra.

406 4455 596 4509 δωτῐι.

473 4526 584 4597 (71)
617 4523 704 4579 Uti
739 4521 834 4576 hic
865 4517 1355 4597 sibi(e_pis.copp).
1379 4517 1471 4597 ita
1515 4515 1688 4579 infra,
1741 4532 1790 4597 c.
1913 4531 2047 4597 pre-

398 4588 650 4669 sbvteris
682 4609 917 4664 quoque
950 4588 1574 4669 Ecclesim_Tral_lianie
1629 4588 2042 4669 auctoritatem

396 4658 1131 4741 quamdamapostolicam
1159 4660 1365 4741 tribuit
1389 4659 1663 4740 lgnatius.
1834 4658 2041 4725 Bothe,

395 4730 520 4806 ᾹηΓ
544 4782 557 4804 ,
590 4757 648 4809 p.
681 4730 804 4792 499'.
841 4735 1060 4809 Alii,_e.
1095 4751 1171 4809 g_._
1194 4730 1501 4809 Smithius,
1551 4731 1913 4809 apostolicam
1943 4746 2041 4784 sa-

398 4802 698 4876 lutatio-nis
716 4812 952 4876 formam
983 4802 1433 4873 intelligendam
1465 4807 1851 4876 esseputant.

470 4881 582 4952 (7:)
615 4871 959 4952 Ἀδίἀκριτον
993 4871 1232 4952 Cfr,_ep.
1269 4876 1454 4952 lgnat.
1490 4873 1563 4928 ad
1595 4871 1810 4952 Ephes.
1842 4889 1899 4952 c._

469 4941 580 5021 (73)
615 4941 871 5006 Sensus:
909 4950 1024 5002 Non
1054 4941 1226 5021 soluin
1259 4941 1323 4998 iri
1345 4946 1475 5021 vitae
1522 4941 1840 5021 commercio
1882 4941 2043 5021 talem

392 5014 624 5081 mentem
655 5021 935 5077 ostendere
989 5019 1260 5080 studetis;
1308 5015 1402 5070 sed
1455 5032 1518 5070 ea
1565 5014 1798 5069 interna:
1855 5020 2044 5068 vestra

390 5105 606 5152 παίωνι»
632 5095 865 5164 prapria
896 5097 972 5144 est

463 5170 577 5238 (74‘,-
611 5155 694 5221 l'ta
723 5155 823 5219 jac
876 5164 958 5216 Ms
1007 5156 1613 5238 (ξεωρῇσθεζιγοεςίᾳεη
1639 5155 1933 5238 θεωρῆσαι.

464 5223 578 5292 [75)
612 5239 697 5291 Ita
731 5238 889 5290 Voss.
923 5239 982 5287 et
1008 5233 1127 5286 Jsc.
1165 5231 1262 5283 Ms.
1299 5223 1452 5297 ἔδοξα
1483 5223 1676 5297 εὑρών.
1734 5223 1920 5297 Vetua
1951 5224 2045 5276 in-

393 5315 621 5380 terpres
655 5308 883 5379 legebat
939 5300 1169 5380 ἐδάξασα.
1209 5295 1420 5380 έπξρώνέ.
1457 5295 1711 5380 vertens,
1767 5295 2046 5380 glqri‘q'tus

392 5368 529 5447 suni,
564 5368 840 5434 inveJiens
870 5393 981 5443 vos,
1016 5368 1174 5444 quod
1207 5370 1428 5441 placuit
1459 5369 1750 5424 Cotelario
1804 5374 1862 5422 et
1909 5368 2045 5421 Wo-

395 5453 594 5505 chero.

468 5538 583 5605 ('76)
640 5537 739 5593 Ms.
789 5525 1294 5605 exhibet
1337 5530 1385 5605 _i.
1432 5546 1491 5605 _e.
1552 5525 1862 5605 ἄνθρωπονε
1922 5543 2044 5605 non

391 5599 752 5677 ἀνθρώπινον,
772 5614 839 5662 ut
856 5622 886 5661 e
911 5603 1111 5660 Vossio
1136 5602 1272 5657 libri
1295 5600 1565 5672 plerique
1589 5599 1886 5674 impressi.
1919 5599 2043 5655 Jac.

1115 5515 1325 5527 _—

2255 4166 2345 4242 77)
2377 4165 2657 4242 Fortasse
2680 4167 2719 4221 l.
2757 4166 2896 4242 ὑμᾷς
2929 4185 3062 4224 cum
3087 4170 3356 4242 vet.int.,
3385 4171 3486 4242 qui
3509 4170 3796 4226 habetros.

2257 4236 2346 4304 78)
2383 4238 2462 4291 lta
2496 4237 2702 4293 Smith.
2739 4245 2796 4293 et
2821 4240 2942 4295 Jac.
2977 4243 3077 4295 Ms.
3105 4236 3496 4298 ὑποτάσσεσθε.

2254 4309 2344 4385 7_9)
2371 4307 2456 4385 Ita
2488 4325 2596 4364 ms.
2631 4311 2800 4366 Forte
2832 4311 2943 4384 leg.
2980 4311 3432 4385 εὑρεθησοίμεθα.
3469 4313 3618 4370 Male
3671 4307 3798 4367 editi

2161 4375 2601 4450 εὑρεθησώμεθα.

2233 4449 2341 4519 (8οι
2377 4449 2544 4510 Dicit.
2582 4469 2700 4527 non
2727 4451 2957 4527 debere
2977 4471 3104 4527 esse
3137 4472 3532 4527 quemquam,
3564 4455 3654 4510 cui
3695 4467 3800 4527 non

2159 4519 2435 4601 placeant
2467 4523 2995 4601 omni_bus__modis
3045 4519 3525 4601 diaconiCVoss.’
3574 4525 3800 4601 wache-

2154 4606 2254 4645 rus
2278 4593 2339 4646 in
2363 4593 2454 4647 his
2476 4594 2669 4649 verbis
2693 4596 3168 4652 adhortationem
3193 4599 3266 4653 ad
3301 4599 3589 4655 diaconos
3616 4596 3795 4651 videt:

2154 4664 2267 4732 Ipsi
2295 4664 2556 4737 studeant
2606 4668 2854 4722 omnibus
2899 4669 3140 4737 placere.
3183 4677 3235 4723 et
3283 4672 3395 4724 sibi
3422 4689 3456 4725 a
3497 4667 3800 4724 (riminibus

2154 4749 2360 4788 cavere.
2395 4735 2555 4791 Male.
2591 4738 2854 4808 lgnatius
2886 4735 3044 4793 enim
3078 4757 3196 4795 non
3230 4741 3302 4794 de
3325 4741 3544 4796 ofﬁciis
3569 4738 3797 4795 clerico-

2155 4821 2287 4858 rum
2316 4807 2786 4888 erga.p0pulum,
2819 4810 2923 4864 sed
2955 4810 3026 4864 de
3059 4811 3270 4866 ofﬁciis
3304 4814 3513 4884 populi
3537 4828 3670 4884 erga
3689 4807 3799 4864 cle-

2157 4892 2287 4930 rum
2322 4876 2603 4947 loquitur.

2185 5018 2194 5028 ~
2226 4949 2345 5028 (8l)_
2368 4950 2432 5028 In
2462 4949 2662 5028 codice
2695 4967 2803 5006 ms.
2840 4951 3055 5028 legitur
3078 4953 3412 5028 μυστήριον,
3438 4953 3597 5026 quod
3619 4947 3791 5008 Arnd-

2158 5021 2272 5093 tius
2332 5021 2781 5093 interpretatur.
2847 5021 3048 5093 im'ago.
3081 5021 3414 5080 Similitudo.
3458 5021 3616 5081 'Cum
3674 5035 3792 5076 vem

2154 5090 2282 5145 haec
2311 5092 2582 5146 vocabuli
2617 5093 2915 5162 μυστήριον
2950 5090 3111 5150 notio
3137 5096 3209 5150 ab
3232 5097 3460 5161 lunatio
3485 5104 3640 5151 certe
3660 5093 3793 5164 ejus-

2156 5178 2269 5231 que
2301 5170 2471 5218 aatate
2496 5164 2691 5237 aliena
2713 5165 2806 5237 sit,
2835 5183 2967 5220 curn
2993 5167 3194 5221 \‘ossio
3218 5168 3477 5237 aliisque
3500 5165 3795 5234 legendum

2157 5240 2246 5287 est
2268 5233 2627 5310 μυστηρίωνζ
2643 5235 2798 5304 quod
2830 5237 3011 5310 etiam
3037 5239 3190 5310 apud
3216 5233 3699 5310 interpolatOrem
3720 5248 3797 5286 ΓΘ·

2157 5289 2401 5380 peritur,
2438 5289 2568 5380 an,
2595 5289 3010 5380 ρίίειεωίίέειξξ
3041 5289 3797 5380 [το-ζεῖξέξιξέῑιίίι-ετρειειέ

2157 5378 2490 5452 respexisse
2521 5376 2751 5452 videtur
2780 5379 2850 5452 ad
2879 5380 3054 5452 verba
3076 5376 3343 5452 Apostoli
3379 5383 3570 5436 lTim.
3590 5397 3670 5452 iu.
3696 5380 3726 5431 9
3747 5377 3798 5428 et

2153 5447 2178 5499 Ι
2209 5447 2338 5530 Cor.
2373 5464 2444 5508 Iv,
2483 5452 2530 5502 t.
2567 5449 2633 5503 in
2663 5449 2848 5520 priori
2879 5447 3142 5508 editione
3172 5458 3229 5508 et
3249 5469 3363 5507 nos
3385 5451 3699 5508 Arndtium
3724 5459 3797 5501 se-

2158 5524 2279 5577 cuti
2314 5534 2542 5576 sumus.
