4060 6206
286 290 404 350 677

1450 288 1841 353 EPISTOLA
1882 289 1988 352 AD
2031 287 2567 352 TRALLIANOS.

3582 307 3703 367 678

281 422 598 498 βρωμάτων
628 421 719 477 καὶ
761 426 946 479 ποτῶν
974 422 1104 478 εἰσιν
1138 421 1404 493 διάκονοι,
1432 424 1561 480 ἀλλ’
1611 422 1935 493 Ἐκκλησίας
1966 479 1972 493 ι

2064 426 2150 479 sine
2180 426 2286 481 Dei
2317 428 2598 482 ministri.
2643 429 2883 501 Oportet
2912 432 3108 504 igitur,
3133 441 3197 491 ut
3246 437 3357 493 sibi
3390 447 3635 498 caveant
3664 460 3699 500 a

276 516 418 567 Θεοῦ
453 509 739 585 ὑπηρέται.
795 512 924 567 Δέον
984 513 1078 568 οὗν
1137 512 1335 576 αὐτοὺς
1366 511 1734 593 φυλάσσεσθαι
1762 513 1830 569 τὰ
1858 511 1948 587 ἐγ-

273 598 383 670 κλή
396 620 544 673 ματα
575 599 653 662 ὡς
682 604 816 677 πῦρ.

2060 514 2412 573 criminibus
2448 523 2729 589 tanquam
2760 518 2832 574 ab
2865 520 3021 594 igne.

1212 692 1309 748 Ill.
1344 695 1627 750 Honora“
1661 693 1949 762 dim,
1993 697 2309 767 cpiscopus
2333 704 2391 752 at
2413 699 2773 769 presbyterum

352 792 602 869 Ὁμοίως
656 795 851 857 πάντες
947 793 1381 871 ἱντριπὼθωσαν
1455 798 1584 862 τοὺς
1652 797 1935 861 διακόνους

284 884 363 946 ὠς
394 889 507 958 (82)
540 882 777 953 ἐντολὴν
803 885 993 956 Ἰησοῦ
1012 889 1268 961 Χριστοῦ,
1294 890 1383 945 καὶ
1412 891 1503 945 τὸν
1535 888 1828 946 ἐπίσκοπον
1862 889 1937 952 ὡς

284 974 511 1044 Ἰησοῦν
559 973 841 1049 Χριστὸν,
900 973 1027 1031 ὅντα
1075 976 1198 1031 my
1251 982 1348 1032 τοῦ
1408 978 1637 1055 Πατρὸς,
1694 978 1822 1040 τοὺς
1881 974 1939 1033 δὶ

286 1056 689 1136 πρεσϐυτέρους
746 1062 821 1125 ὡς
898 1060 1173 1140 συνέδριον
1229 1063 1364 1122 Θεοῦ
1400 1109 1414 1135 ,
1470 1067 1561 1122 καὶ
1619 1068 1694 1128 ὡς
1752 1063 1940 1121 σύνδε-

291 1175 431 1227 σμον
476 1153 822 1210 ἀποστόλων.
882 1158 993 1226 (83)
1044 1155 1226 1229 Χωρὶς
1281 1157 1491 1213 τούτων
1551 1158 1848 1228 Ἐκκλησία
1878 1156 1940 1213 οὗ

288 1243 562 1301 καλεῖται.
604 1245 733 1319 Περὶ
782 1245 855 1299 ὧν
886 1246 1181 1318 πέπεισμαι
1243 1248 1384 1320 ὑμᾶς
1434 1248 1608 1309 οὕτως
1665 1243 1833 1323 ἔχειν.
1862 1249 1941 1304 Τὸ

285 1336 394 1411 γὰρ
426 1331 797 1407 ἑξεμπλάρεον
830 1341 931 1404 τῆς
988 1335 1205 1409 ἀγάπης
1266 1338 1418 1410 ὑμῶν
1450 1331 1672 1404 ἔλαϐον,
1701 1337 1793 1392 καὶ
1825 1330 1943 1412 ἔχω

288 1431 403 1498 μεθ’
434 1425 547 1498 (84)
588 1424 782 1479 ἑαυτοῦ
830 1422 884 1479 ἒν
913 1428 994 1497 τῷ
1024 1422 1311 1497 ἒπισκόπῳ
1363 1426 1542 1497 ὑμῶν,
1600 1424 1664 1481 οὗ
1724 1424 1853 1481 αὐτὸ
1879 1424 1943 1481 τὸ

283 1517 613 1585 κατάστημα
671 1510 884 1589 μεγάλη
944 1514 1233 1587 μαθητεία,
1278 1516 1313 1583 ἡ
1370 1512 1427 1570 δὲ
1472 1515 1717 1590 πραότης
1773 1514 1941 1570 αὖτοῦ

2116 802 2323 858 Cuncti
2351 804 2629 861 similiter
2657 813 3041 865 revereantur
3061 810 3341 870 diaconos
3362 819 3428 870 ut
3456 817 3702 874 manda-

2046 897 2171 947 tum
2200 893 2335 949 .Iesu
2367 895 2605 959 Christi.
2628 902 2688 952 et
2706 897 3050 970 episcOpum
3083 907 3147 956 ut
3173 902 3371 959 Iesum
3403 903 3701 963 Christum

2048 981 2261 1037 Filium
2305 983 2517 1049 Patris,
2555 990 2615 1039 et
2644 984 3019 1057 presbyteros
3072 994 3138 1045 ut
3186 998 3458 1048 senatum
3510 994 3613 1049 Dei
3643 1000 3704 1050 et

2049 1072 2371 1127 concilium
2403 1073 2827 1144 apostolorum.
2858 1077 2996 1132 Sine
3026 1078 3120 1133 his
3151 1079 3412 1137 Ecclesia
3448 1099 3569 1138 non
3598 1100 3704 1139 νο-

2050 1167 2235 1217 catur.
2267 1162 2348 1216 De
2406 1161 2501 1217 his
2557 1180 2656 1217 vos
2711 1164 2793 1220 ita
2849 1167 3071 1221 sentire
3101 1185 3453 1239 persuasum
3485 1171 3702 1229 habeo.

2053 1250 2369 1322 Exemplar
2389 1252 2547 1306 enim
2582 1252 2886 1309 charitatis
2908 1263 3115 1311 vestras
3144 1259 3346 1330 accepi
3376 1264 3435 1315 et
3466 1276 3701 1317 mecum

2053 1338 2242 1394 habeo
2274 1340 2335 1395 in
2360 1340 2637 1411 episcopo
2678 1349 2906 1398 vestro:
2943 1343 3115 1415 cujus
3144 1346 3271 1416 ipse
3302 1347 3539 1404 habitus
3571 1364 3703 1405 ma-

2051 1443 2167 1501 gna
2191 1428 2512 1499 disciplina
2532 1435 2643 1496 est,
2670 1434 3063 1488 mansuetudo
3086 1450 3222 1489 vero
3247 1436 3377 1506 ejus
3399 1438 3701 1508 potentia;

2051 1533 2252 1588 quem,
2276 1523 2339 1573 ut
2359 1519 2657 1588 existimo,
2688 1526 2748 1575 et
2776 1520 2943 1592 impii
2971 1522 3080 1594 ipsi
3111 1527 3701 1599 reverentur,quibus

288 1599 542 1676 δύντιιμις⁸
604 1599 661 1655 ὄν
695 1599 999 1677 λογίζομαι
1028 1602 1276 1664 καὶτοὺς
1330 1604 1517 1665 ἀθέους
1573 1602 1939 1675 ἐντρέπεσθαι,

2064 1608 2230 1663 etiam
2262 1608 2475 1679 placet,
2509 1609 2666 1679 quod
2698 1625 2804 1680 ego
2834 1611 2982 1665 mihi
3040 1630 3160 1668 non
3218 1631 3479 1685 parcam.
3527 1619 3702 1681 Num,

287 1691 641 1766 ἀγαπῶντας,
696 1691 772 1752 ὡς
840 1691 901 1746 οὐ
933 1689 1195 1769 φείδομαῐ
1241 1696 1355 1765 (85)
1397 1692 1608 1750 ἑαυτοῦ.
1669 1696 1779 1766 (86)
1840 1692 1942 1747 Ιιό-

289 1801 449 1855 τερον
493 1777 789 1852 δυνάμενος
820 1780 1041 1859 γράφειν
1072 1781 1204 1856 ὑπὲρ
1234 1780 1457 1853 τούτου,
1505 1782 1579 1845 εἰς
1627 1787 1790 1838 τοῦτο
1823 1785 1945 1857 (87)

295 1873 475 1947 ᾠήθν,
510 1872 594 1928 ἴνα
650 1866 725 1928 ὤν
783 1874 1106 1949 κατάκριτος
1159 1874 1233 1939 ὼς
1290 1873 1599 1938 ἀπόστολος
1663 1876 1791 1949 ὑμῖν
1824 1871 1945 1930 δια-

289 1963 580 2037 τάσσωμαι
615 1980 630 2033 ;

2053 1712 2188 1753 cum
2219 1699 2330 1753 hac
2378 1698 2451 1754 de
2482 1714 2545 1753 re
2578 1698 2838 1755 scribere
2870 1701 3018 1755 mihi
3051 1702 3306 1768 licuerit,
3364 1705 3427 1760 in
3480 1712 3703 1762 tantam

2055 1786 2172 1841 mei
2210 1786 2714 1842 existimationem
2746 1786 2977 1855 deveni,
3009 1795 3076 1843 ut
3102 1791 3368 1861 quamvis
3417 1794 3703 1850 condem-

2054 1880 2249 1940 natus,
2285 1875 2442 1930 velut
2471 1876 2775 1947 apostolus
2814 1876 2978 1932 vobis
3010 1880 3396 1950 prasciperem
3426 1880 3455 1936 ‘I

1278 2065 1370 2120 IV.
1400 2065 1730 2121 Humilitate
1758 2070 1812 2121 et
1839 2064 2260 2120 mansuetudine
2287 2065 2427 2121 mihi
2456 2082 2592 2137 opus
2615 2074 2713 2123 est-

362 2180 569 2250 (88-89)
605 2176 796 2234 Πολλᾶ
824 2182 1012 2253 φρονῷ
1040 2177 1094 2233 ἐν
1124 2182 1261 2251 Θεῷ·
1308 2177 1437 2235 ἀλλ’
1470 2177 1705 2252 ἐμαυτὸν
1742 2182 1943 2253 μετρῶ,

283 2268 381 2323 ἴνα
413 2269 490 2339 μή
522 2267 575 2323 ἑν
604 2269 876 2347 καοχήσει
921 2267 1240 2340 ἀπόλωμαι.
1291 2271 1397 2323 Νῦν
1428 2268 1532 2342 γάρ
1567 2287 1633 2341 με
1664 2265 1747 2322 δεῖ
1774 2266 1941 2323 πλέον

287 2351 602 2434 φοϐεῖσθαι.
636 2358 725 2413 καὶ
783 2359 862 2432 μὴ
911 2358 1204 2432 προσέχειν
1259 2364 1376 2420 τοῖς
1418 2356 1700 2434 φυσιοῠσίν
1736 2377 1821 2429 με.
1872 2357 1938 2413 Οἱ

283 2446 392 2521 γὰρ
423 2445 675 2521 λέγοντες
735 2466 831 2518 μοι
892 2448 1246 2524 μαστιγοῦσιν
1311 2467 1397 2519 με.
1458 2446 1683 2524 Ἀγαπῶ
1717 2445 1810 2518 μὲν
1840 2444 1943 2522 γὰρ

287 2536 353 2591 τὸ
404 2541 614 2600 παθεῖν’
670 2534 801 2591 ἀλλ’
856 2535 954 2591 οὐκ
1006 2533 1145 2600 οἶδα,
1207 2536 1252 2591 εἷ
1312 2534 1459 2606 ἄξιός
1523 2536 1638 2608 εἶμι
1718 2536 1780 2592 Ὀ
1836 2535 1942 2612 γὰρ

288 2624 470 2695 ζῆλος
497 2622 735 2687 πολλοῖς
769 2625 865 2696 μὶν
894 2623 955 2679 οὐ
987 2625 1249 2704 φαίνεται,
1274 2622 1369 2697 ἐμὲ
1400 2622 1456 2680 δὲ
1487 2623 1654 2678 πλέον
1686 2622 1941 2698 πολεμεῖ.

290 2713 503 2789 Χρῄζω
543 2712 635 2769 οὖν
665 2713 999 2788 πραότητος,
1049 2713 1101 2768 ἐν
1216 2713 1538 2769 καταλύεται
1572 2715 1600 2768 ὁ
1632 2713 1818 2788 ἄρχων
1846 2716 1944 2768 τοῦ

289 2802 501 2866 αἰῶνος
520 2804 741 2862 τούτου.

2129 2180 2310 2236 Multa
2340 2180 2504 2253 sapio
2535 2182 2596 2237 in
2621 2183 2738 2238 Deo
2763 2200 2777 2251 ;
2811 2183 2915 2239 sed
2944 2184 3090 2240 mihi
3122 2186 3235 2258 ipsi
3267 2187 3507 2244 modum
3534 2189 3702 2245 adhi-

2049 2270 2182 2335 beo,
2205 2288 2279 2326 ne
2311 2271 2619 2343 gloriando
2650 2289 2910 2344 peream.
2955 2275 3124 2331 Nunc
3182 2277 3341 2333 enim
3394 2277 3522 2350 plus
3553 2279 3701 2335 mihi

2052 2360 2382 2415 timendum
2408 2367 2517 2419 est.
2540 2378 2651 2417 nec
2681 2378 2855 2417 aures
2886 2363 3004 2419 illis
3036 2371 3176 2420 sunt
3206 2367 3562 2438 praebendas,
3592 2366 3694 2438 qui
3794 2372 3795 2375 “

2055 2466 2148 2505 me
2179 2450 2405 2505 inﬂant.
2438 2450 2545 2514 Qui
2598 2451 2756 2506 enim
2804 2468 2900 2507 me
2949 2452 3212 2512 laudant.
3247 2454 3551 2529 flagellant
3578 2474 3697 2513 me.

2054 2541 2197 2596 Nam
2229 2539 2409 2612 diligo
2423 2539 2665 2610 quidem
2690 2542 2808 2613 pati
2833 2559 2847 2608 ;
2869 2542 2973 2598 sed
2996 2542 3302 2605 nescio.an
3328 2545 3540 2618 dignus
3564 2546 3701 2600 sim.

2057 2627 2441 2683 Vehementia
2462 2628 2623 2683 enim
2647 2645 2779 2685 mea
2812 2630 3013 2687 multis
3034 2631 3276 2703 quidem
3310 2649 3429 2687 non
3452 2638 3703 2705 apparet

2054 2733 2147 2772 me
2181 2732 2313 2772 vero
2335 2716 2875 2791 acriusimpugnat.
2902 2720 3060 2792 Opus
3096 2720 3296 2791 itaque
3341 2722 3487 2776 mihi
3535 2738 3704 2777 man-

1993 2792 2035 2856 C
2057 2804 2394 2875 suetudine,
2443 2822 2560 2876 qua
2592 2806 2867 2880 princeps
2899 2808 3098 2865 saculi
3130 2810 3311 2881 hujus
3356 2810 3685 2866 destruitur

1768 2931 1933 2986 Vetus
1962 2929 2255 3002 interpres.

290 3034 628 3108 secundum
657 3036 854 3092 Jesum
884 3036 1203 3092 Christum.
1236 3041 1478 3108 propter
1506 3053 1608 3091 vos
1647 3041 1943 3092 mortuum
1969 3054 1983 3103 ;
2016 3041 2081 3091 ut
2111 3034 2419 3108 credentes
2450 3035 2512 3089 in
2541 3041 2795 3092 mortem
2824 3037 2839 3092 i

2888 3037 3033 3095 sius.
3066 3040 3217 3095 mori
3251 3039 3565 3107 et'fugiatis.
3598 3041 3716 3096 Ne-

290 3055 628 3093 secunaum
657 3055 854 3092 desum
884 3055 1203 3092 unriswm.
1236 3055 1341 3108 pro
1391 3055 1478 3090 ιθῐ·
1506 3055 1608 3091 vos
1647 3055 1983 3103 mortuum;
2016 3055 2081 3091 ut
2111 3055 2419 3091 credentes
2451 3055 2512 3089 in
2541 3055 2795 3092 mortem
2824 3055 2839 3092 ι
2888 3055 3033 3095 sms.
3066 3055 3217 3095 mori
3251 3055 3565 3107 enugiaus.
3599 3055 3713 3096 ule-

289 3107 628 3183 cessarium
655 3107 834 3183 igitur
846 3055 1483 3183 est,‘quernadmogum
1504 3108 1717 3175 facitis,
1742 3108 1870 3163 sine
1893 3108 2170 3183 episc0po
2191 3106 2339 3183 nihil
2360 3108 2590 3183 operari
2617 3125 2751 3174 vos;
2777 3055 2883 3164 ses
2903 3110 3114 3183 subjici
3130 3116 3205 3183 iet
3232 3111 3625 3183 presbyterio.
3648 3116 3713 3167 ut

285 3179 583 3252 apostolis
602 3178 737 3234 Jesu
759 3178 1146 3252 Christi,’spei
1167 3185 1416 3252 nostras;
1446 3178 1509 3252 in
1533 3196 1650 3251 quo
1673 3178 2505 3252 conversantesinveniamur.
2531 3179 2986 3252 Oportetautem
3010 3178 3069 3236 et
3082 3178 3387 3250 diaconos,
3406 3178 3713 3240 ministros

284 3250 650 3307 eisistentes
674 3250 1094 3322 mysteriorum
1114 3253 1139 3305 J
1148 3267 1251 3306 esu
1271 3251 1508 3306 (.hristi.
1536 3250 1864 3306 secundum
1888 3266 2127 3306 omnem
2153 3250 2397 3304 modum
2425 3251 2700 3305 omnibus
2723 3250 2976 3321 placere.
3013 3254 3141 3308 Non
3170 3256 3332 3308 enim
3354 3254 3622 3310 ciborum
3656 3260 3715 3310 et

284 3330 544 3395 potuum
568 3328 709 3378 sunt
729 3321 987 3379 ministri
1013 3338 1027 3388 ;
1051 3322 1154 3377 sed
1177 3322 1454 3378 Ecclesiae
1478 3322 1578 3378 Dei
1605 3321 1885 3377 ministri.
1914 3323 2283 3394 Opportuum
2306 3321 2485 3393 igitur
2506 3338 2606 3377 vos
2637 3323 2947 3379 observare
2969 3324 3383 3382 accusationes
3400 3333 3465 3382 ut
3485 3328 3713 3410 ignem.

1808 3438 2041 3495 CAPUT
2078 3439 2176 3494 III.

372 3557 658 3612 Similiter
678 3561 737 3612 et
764 3572 973 3614 omnes
990 3562 1372 3614 revereantur
1393 3556 1696 3624 diaconos,
1728 3560 1794 3611 ut
1824 3556 2169 3612 mandatum
2191 3556 2327 3628 Iesu
2358 3553 2571 3628 Christi
2598 3572 2610 3621 ;
2633 3561 2691 3611 et
2720 3556 3082 3628 episcopum,
3106 3562 3170 3614 ut
3185 3558 3385 3614 Iesum
3417 3559 3717 3615 Christum

298 3629 656 3702 existenlem
687 3628 901 3684 Filium
930 3630 1121 3685 Patris
1147 3651 1161 3693 ς
1196 3629 1572 3702 presbyteros
1592 3636 1812 3702 autem,
1845 3633 1910 3702 ut
1930 3627 2251 3702 concilinm
2272 3625 2391 3702 Dei:
2419 3625 3431 3702 etconjunctionemapostolorum.
3462 3630 3597 3685 Sine
3627 3632 3717 3687 his

296 3700 565 3772 Ecclesia
593 3716 715 3756 non
743 3708 1018 3757 vocatur:
1047 3702 1119 3757 de
1143 3697 1358 3772 quibus
1379 3697 1610 3757 'suadeo
1632 3717 1731 3756 vos
1762 3701 1846 3754 sic
1878 3699 2116 3754 habere.
2156 3697 2597 3772 Ex‘emplapium
2629 3700 2791 3772 enim
2822 3697 3135 3772 Charitatis
3164 3706 3371 3754 vestrae
3401 3701 3625 3772 accepi,
3658 3708 3716 3756 et

298 3771 497 3854 habeo
526 3788 661 3828 cum
694 3773 919 3854 meipso
943 3773 1002 3828 in
1025 3769 1300 3854 episcopo
1321 3777 1513 3854 vestro
1540 3790 1553 3831 :
1578 3787 1749 3854 cujus
1778 3772 1908 3842 ipsa
1927 3769 2275 3854 compositio
2298 3784 2512 3854 magna
2536 3774 2624 3823 est
2652 3769 3072 3851 disciplinatio,
3097 3771 3489 3854 mansuetudo
3515 3769 3715 3854 autem

296 3843 496 3923 ipsius
527 3840 834 3923 potentia?
864 3860 1040 3923 quem
1063 3840 1345 3923 exis-timo
1378 3851 1435 3897 et
1464 3844 1679 3923 impios
1700 3840 2333 3923 _rev'ereri._dilige_ntes
2353 3840 2511 3923 quod
2541 3856 2869 3923 nonparco
2902 3841 3095 3923 ipsum
3117 3841 3479 3923 aliqualemn;
3503 3848 3713 3914 potens

301 3911 570 3969 scribere
604 3930 708 3986 pro
742 3911 950 3982 illo,in
983 3918 1093 3971 hoc
1114 3916 1440 3980 existimer,
1472 3911 1828 3969 ufexistens
1856 3911 2310 3977 condemnatus,
2337 3911 2496 3966 velut
2523 3911 2829 3982 apostOlus
2858 3911 3023 3967 vobis
3053 3911 3397 3984 pracipiam
3426 3913 3455 3970 ‘I

1834 4027 2065 4083 CAPUT
2094 4027 2186 4083 IV.

381 4143 556 4201 Multa
584 4145 748 4217 sapio
777 4146 839 4201 in
869 4146 987 4202 Deo
1022 4162 1036 4212 ;
1069 4145 1171 4201 sed
1200 4145 1490 4216 meipsum
1523 4160 1825 4217 mansuro,
1847 4148 1916 4198 ut
1944 4158 2071 4217 non
2089 4142 2150 4196 in
2182 4139 2793 4217 glor_iatione__perdar.
2824 4142 2989 4217 Nunc
3012 4141 3182 4217 enim
3206 4158 3300 4217 me
3323 4148 3557 4217 Oportet
3583 4143 3719 4217 plus

297 4218 538 4274 timere.
573 4224 632 4272 et
654 4212 789 4273 'non
817 4218 1125 4274 attendere
1158 4212 1505 4272 inﬂantibus
1530 4232 1627 4270 me
1676 4212 1950 4270 Dicentes
1979 4214 2141 4286 enim
2177 4212 2343 4278 mihi,
2377 4212 2672 4285 ﬂagellant
2717 4229 2830 4268 me.
2867 4213 3051 4285 Diligo
3084 4213 3324 4285 quidcm
3357 4212 3513 4269 enim
3546 4212 3668 4286 pati
3700 4230 3716 4281 ;

298 4287 411 4343 sed
441 4305 561 4343 non
591 4289 724 4344 novi
756 4290 805 4344 si
836 4289 1052 4360 dignus
1083 4305 1234 4344 sum.
1268 4288 1450 4360 Zelus
1468 4289 1626 4360 enim
1660 4286 1864 4360 multis
1891 4283 2290 4360 quidemnon
2311 4283 2576 4355 apparet,
2608 4301 2702 4339 me
2727 4291 2925 4340 autem
2956 4283 3089 4357 plus
3104 4283 3443 4358 Soppugnat.
3473 4283 3715 4360 lndigeo

289 4360 481 4432 igitur
508 4356 965 4417 mansuetudine
992 4377 1006 4429 ;
1035 4361 1096 4415 in
1127 4377 1246 4431 qua
1273 4358 1615 4415 dissolvitur
1642 4358 1921 4430 princeps
1958 4356 2161 4411 saeculi
2192 4356 2390 4427 hujus.

376 4509 488 4579 (82)
519 4511 605 4565 Ita
635 4526 707 4566 ex
738 4516 846 4567 vet.
882 4510 1134 4580 interpr.
1165 4510 1427 4567 restituit
1456 4509 1761 4571 Smithius,
1795 4508 1956 4564 simi-
1988 4513 2031 4578 ι)

297 4582 505 4652 liaque
538 4582 916 4653 reperiuntur
956 4582 1194 4653 infraue
1252 4585 1336 4653 13,
1372 4588 1429 4637 et
1478 4582 1557 4653 ad
1608 4582 1864 4653 Smyrn.,
1898 4597 1948 4637 c.

297 4655 358 4707 8.
396 4649 476 4707 Hs
534 4649 687 4708 male
715 4653 923 4708 habet:
957 4652 1095 4713 Τοὺς
1148 4649 1428 4721 διακόνους
1457 4652 1532 4714 ὡς
1564 4649 1778 4719 Ἰησοῦν
1813 4651 1950 4721 Χρι-

297 4722 560 4847 noxii);
611 4724 701 4778 ναὶ
747 4744 840 4778 τον
870 4721 1188 4792 ἐπίσκοπον,
1231 4719 1359 4778 ὄντα
1410 4723 1533 4777 new
1583 4727 1681 4777 τοῦ
1741 4719 1948 4796 [Ἰατρὸς

297 4815 355 4847 κ.
386 4813 436 4847 τ.
514 4837 525 4847 .

292 4815 355 4848 κ.
386 4813 436 4849 τ.
472 4813 525 4851 Α.

375 4865 489 4936 (83)
543 4867 680 4922 Sine
728 4867 1026 4938 episcopo,
1087 4873 1225 4935 etc.,
1262 4866 1432 4923 nulla
1485 4865 1769 4922 Ecclesia.
1829 4864 1943 4920 Cfr.

293 4938 514 5010 Bothe,
548 4944 707 5004 An,’.,
739 4954 797 5010 p.
829 4941 955 4993 466.
1213 5009 1220 5010 ί
1594 5007 1606 5010 _
1661 4978 1667 4982 ›

372 5009 484 5067 (84)
515 5011 600 5064 lta
632 5007 956 5065 mstemo
991 5010 1180 5065 nescit
1209 5009 1369 5062 ἑαυτῦ
1430 5025 1534 5076 pro
1593 5007 1832 5077 ἓμαυτοῦ
1890 5011 1952 5062 et

290 5081 527 5132 σεαυτοῦ
560 5081 621 5135 in
654 5080 932 5136 omnibus
959 5082 1194 5136 casibus
1237 5079 1586 5135 tralaliiium
1632 5092 1762 5133 esse
1790 5077 1950 5148 apud

291 5151 533 5206 Grecos
580 5153 701 5208 ,ιλοο
736 5153 974 5207 Vossius
1004 5152 1339 5207 emendavit
1368 5148 1626 5221 ἐμαυτοῦ.

370 5223 485 5289 (85)
522 5224 562 5275 Ι.
595 5241 653 5295 q.
685 5221 942 5291 ἐμαυτοῦ.
977 5224 1091 5278 Ct'r.
1125 5238 1304 5295 supra
1339 5219 1457 5277 not.
1496 5222 1565 5276 84
1620 5219 1949 5295 Genitivum

290 5295 569 5361 reposuit
616 5293 901 5350 ‘Arnctius
992 5296 1074 5348 Ms
1152 5293 1360 5347 tauri».
1419 5295 1676 5349 Sensus:
1738 5293 1952 5360 Pagani

291 5380 563 5490 guogue‘
588 5367 984 5423 constantiam
1014 5366 1504 5428 Ch~istianorum,
1537 5381 1567 5419 e
1635 5379 1688 5434 g.
1730 5377 1949 5431 meum,

326 5452 407 5490 an
457 5451 532 5490 an
567 5478 580 5490 .

326 5443 580 5491 audanL

368 5508 483 5577 (86)
512 5508 597 5565 Ita
626 5525 760 5565 cum
782 5507 1030 5565 Arndtio
1066 5508 1317 5577 (Studien
1348 5514 1406 5563 et
1435 5508 1572 5563 Krit.
1610 5505 1951 5577 4839),Amsti

282 5575 619 5637 lectionem
649 5581 964 5644 retinente,
992 5575 1540 5654 interpungendum
1571 5582 1627 5635 et
1659 5575 1955 5649 explican-

2064 4506 2207 4587 dum
2250 4512 2415 4587 puto.
2477 4505 2769 4587 Arndtius.
2800 4507 2973 4587 vertit
2990 4523 3013 4587 :_
3061 4526 3083 4556 ι
3117 4506 3397 4587 Welchen
3448 4506 3714 4587 Bischof,

2063 4578 2233 4634 achte
2250 4576 2383 4650 ich,
2414 4577 2566 4650 auch
2597 4576 2693 4650 die
2724 4578 3114 4650 Ungottichen
3136 4579 3711 4650 scheun.welche_es

2061 4665 2244 4732 gerne
2272 4648 2478 4732 seheii:
2515 4648 2650 4732 class
2679 4648 2775 4703 ich
2805 4648 3037 4732 meiner
3063 4650 3229 4732 nicht
3257 4650 3502 4704 schone.
3531 4648 3715 4732 Sollte

2059 4718 2178 4786 ich,
2211 4719 2287 4774 da
2304 4719 2399 4791 ich
2416 4718 2696 4791 hierﬁber
2721 4719 2991 4775 screiben
3017 4721 3261 4783 konnte,
3283 4737 3345 4776 es
3366 4737 3432 4774 so
3451 4720 3713 4791 gemeint

2059 4791 2275 4846 haben.
2300 4790 2436 4844 dass
2466 4789 2582 4850 ich.
2604 4790 2868 4847 obschon
2888 4792 2986 4846 ein
3015 4789 3579 4853 Verurtheilterfals
3610 4791 3709 4846 ein

2058 4865 2303 4933 ApOstet
2331 4877 2439 4916 euc
2469 4861 2892 4933 vorschreibe‘z
2933 4887 2954 4913 ι

2128 4934 2241 5003 (87)
2275 4934 2339 4986 lu
2371 4931 2642 4987 versione
2672 4932 2831 4988 verbi
2861 4930 3049 5004 ᾠήθην
3084 4949 3205 4988 non
3237 4933 3570 4997 Arndtium,
3601 4932 3707 4989 sed

2059 5006 2423 5060 Pearsonum
2463 5010 2700 5058 secutus
2732 5019 2885 5060 sum.

2127 5076 2216 5147 (88
2249 5076 2337 5138 89)
2372 5074 2607 5147 Initium
2639 5075 2852 5147 capitis
2882 5075 3097 5147 quarti,
3123 5076 3285 5147 quod
3328 5077 3391 5131 in
3431 5074 3703 5147 versione

2059 5146 2297 5228 Syriaca
2325 5145 2590 5230 cpistola:
2632 5145 3036 5230 a‘d‘Romlanos
3065 5145 3345 5230 adjuncta
3362 5146 3698 5230 _estarctis-

2059 5220 2209 5274 simo
2239 5234 2391 5273 aexu
2419 5217 2681 5273 cohaeret
2708 5234 2843 5273 cum
2876 5218 2994 5273 fine
3025 5217 3236 5289 capitis
3256 5217 3443 5274 tertii.
3480 5219 3702 5274 Sensus

2061 5297 2185 5343 est:
2223 5310 2251 5339 «
2287 5290 2411 5343 Non
2445 5290 2501 5344 in
2538 5295 2765 5344 tantam
2797 5291 2912 5345 mei
2942 5290 3440 5345 existimationem
3471 5289 3703 5355 deveni,

2059 5367 2125 5414 ut
2160 5360 2317 5415 vocis
2351 5361 2508 5432 velut
2536 5361 2842 5430 apostolus
2876 5361 3166 5432 imperae
3199 5362 3391 5415 velim.
3423 5360 3702 5432 Quamvis

2060 5432 2218 5503 enim
2270 5430 2454 5503 multa
2486 5432 2545 5485 in
2577 5433 2696 5488 Deo
2728 5430 2979 5503 sapiam,
3011 5439 3207 5487 tamen
3243 5432 3385 5486 mihi
3419 5431 3530 5503 ipsi
3562 5447 3700 5486 mo-

2059 5502 2200 5558 dum
2229 5499 2503 5570 adhibeo,
2537 5519 2611 5558 ne
2633 5505 2759 5575 ipse
2788 5499 3095 5576 gloriando
3126 5519 3390 5577 peream.
3424 5499 3452 5553 ›;
