4030 6212
395 320 514 379 679

1341 308 1622 370 SANCTI
1669 303 1973 366 IGNA'Tll
2018 300 2422 363 EPISTOLJE
2463 303 2854 365 GENUINE.

3633 309 3734 370 680

1474 443 1534 493 ι’.
1563 441 1679 494 Νοη
1713 438 1967 493 sublimes
1997 437 2272 490 doctrinas
2309 436 2457 491 vobis
2493 437 2732 492 tradam.

474 565 752 636 Nunquid
788 579 903 616 non
946 574 1184 630 possum
1236 555 1497 610 cmlestia
1536 554 1700 608 vobis
1733 551 2038 607 scribere?
2071 566 2122 630 Α

398 661 491 723 At,
528 674 598 710 ne
624 652 879 725 parvulis
909 648 1071 702 vobis
1103 648 1385 702 damnum
1418 645 1689 709 inferam,
1723 649 1938 698 metuo.
1967 649 2046 696 Ac

400 746 542 800 mihi
568 741 851 811 ignoscite
878 756 891 803 ;
919 754 1012 794 ne.
1036 738 1145 791 ista
1169 752 1378 807 capere
1403 751 1519 789 non
1545 733 1829 800 valentes,
1855 737 2044 785 stran-

395 830 699 900 gulemini.
736 830 877 882 Nam
911 832 967 882 et
1001 842 1106 898 ego
1140 841 1259 879 non
1294 823 1625 894 ideo,quod
1656 821 1888 875 vinctus
1915 835 2048 873 sum

399 924 456 974 et
489 918 752 972 coelestia
803 916 1134 988 intelligere
1191 929 1458 986 possum,
1512 917 1571 966 et
1619 911 1781 965 locos
1808 907 2049 980 angelo-

400 1027 557 1066 rum.
613 1013 673 1061 et
725 1012 911 1062 cmtus
957 1003 1533 1072 constitutionesque
1584 999 2048 1071 principatuum,

405 1098 661 1152 visibilia
693 1101 752 1150 et
780 1094 1120 1150 invisibilia.
1154 1092 1344 1146 Etiam
1377 1091 1469 1145 his
1503 1087 1919 1161 praetermissis
1949 1085 2050 1140 ad-

406 1188 526 1241 huc
557 1183 881 1255 discipulus
914 1199 1079 1248 sum;
1123 1180 1307 1236 multa
1339 1180 1499 1234 enim
1532 1177 1702 1233 nobis
1735 1177 1949 1231 desunt
1979 1191 2053 1229 ne

411 1292 444 1329 a
475 1275 591 1329 Deo
627 1273 907 1328 absimus.

2225 551 2335 622 (90)
2374 551 2462 618 Μὴ
2500 549 2559 604 οὐ
2590 547 2816 621 δᾶναμαι
2851 552 2869 624 [
2901 555 3012 620 (91)
3048 551 3199 624 ὑμῖν]
3229 551 3290 604 τὶ
3336 550 3604 623 ἐπουράνια
3629 557 3746 629 γρά-

2156 641 2291 711 dpth
2325 647 2432 709 (92)
2485 637 2662 695 Ἀλλᾶ
2711 635 3015 711 φοϐοῦμαι,
3079 642 3151 709 μή
3212 640 3422 708 νηπίοις
3461 642 3595 694 οὖσιν
3644 644 3752 712 ὑμῖν

2162 726 2377 802 βλάβην
2404 733 2651 802 παραθῶ.
2686 729 2787 785 Καὶ
2822 729 3249 803 συγγνωμονεῖτὲ
3303 750 3413 802 μοι,
3464 733 3671 800 μήποτε,
3698 733 3752 786 οὐ

2159 815 2466 885 δυνηθέντες
2518 819 2796 895 χωρῆσαι,
2858 821 2969 890 (93)
3023 815 3491 892 στραγγαλωθῆτε.
3550 819 3636 876 Καὶ
3667 824 3752 896 γὰρ

2158 902 2286 978 ἐγὼ,
2321 904 2383 958 οὐ
2448 906 2638 968 καθότι
2696 901 2938 976 δέδεμαι,
2971 906 3060 959 καὶ
3104 903 3432 978 δυνάμενος
3461 911 3563 978 (94)
3591 913 3711 960 νοεῖν
3739 908 3755 979 ]

2159 993 2226 1048 τὰ
2273 992 2587 1068 ἐπουράνια,
2613 993 2702 1048 καὶ
2753 993 2847 1054 τὰς
2877 998 2998 1066 (95)
3064 995 3377 1056 τοποθεσίας
3430 995 3516 1056 τὰς
3569 994 3757 1070 ἀγγελι-

2159 1083 2276 1155 κὰς,
2337 1082 2427 1137 καὶ
2483 1084 2580 1144 τὰς
2639 1081 2916 1142 συστάσεις
2974 1085 3071 1145 τὰς
3119 1083 3461 1158 ἀρχοντικᾶς,
3514 1084 3662 1157 ὁρατά
3709 1103 3759 1139 τε

2161 1174 2249 1226 καί
2311 1171 2534 1245 ἀόρατα.
2607 1172 2718 1245 (96)
2772 1172 2923 1244 Παρὰ
2969 1175 3132 1227 τοῦτο
3196 1169 3306 1242 ἤδη
3383 1173 3471 1227 καὶ
3543 1174 3761 1245 μαθηθής

2161 1260 2296 1333 εἶμι·
2331 1261 2442 1334 (97)
2473 1257 2658 1314 πολλὰ
2715 1260 2817 1334 γὰρ
2875 1261 3008 1333 ἡμῖν
3071 1258 3270 1331 λείπει,
3295 1257 3385 1315 ’ἕνα
3415 1263 3540 1316 Θεοῦ
3574 1263 3641 1334 μὴ
3669 1257 3766 1314 λει-

2163 1350 2412 1420 πώμεθα.

1545 1480 1634 1536 Vl.
1666 1481 1945 1535 Abstinete
1971 1495 2007 1533 a
2033 1493 2235 1533 veneno
2266 1475 2668 1532 haereticorum.

485 1605 742 1661 Obsecro
775 1605 974 1673 itaque
1014 1617 1133 1666 vos,
1167 1615 1286 1654 non
1319 1613 1444 1669 ego,
1479 1596 1580 1652 sed
1631 1597 1886 1651 Charitas
1917 1597 2055 1650 Jesu
2111 1644 2114 1646 .

418 1695 653 1750 Christi.
678 1693 799 1747 solo
825 1691 1156 1745 Christiano
1180 1688 1464 1742 alimento
1488 1687 1594 1746 uti.
1629 1686 1703 1740 ab
1735 1686 1930 1739 aliena
1953 1701 2054 1738 au-

419 1791 536 1836 tem
582 1782 764 1836 herba
794 1781 1116 1844 abstinere,
1150 1793 1279 1846 qua)
1313 1780 1402 1830 est
1432 1774 1694 1829 haaresis.
1747 1775 1845 1828 lsti
1879 1775 2059 1828 etiam

2253 1588 2558 1664 Παρακαλῶ
2590 1590 2679 1645 οῦν
2712 1590 2873 1664 ὑμᾶς,
2907 1592 3007 1646 οὐκ
3035 1590 3159 1666 ἐγὼ.
3193 1589 3322 1645 ἀλλ’
3417 1593 3586 1665 ἀγάπη
3618 1595 3777 1660 Ἰησοῦ

2170 1685 2432 1752 Χριστοῦ,
2487 1681 2628 1751 μόνη
2778 1685 3070 1758 χριστιανῇ
3126 1685 3306 1759 τροφῇ
3347 1683 3595 1755 χρῆσθαι,
3625 1679 3781 1735 ἀλλο-

2167 1769 2321 1842 τρίας
2353 1766 2410 1823 δὲ
2442 1772 2554 1842 (98)
2593 1771 2820 1844 βοτάνης
2853 1769 3172 1848 ἀπέχεσθαι,
3230 1769 3354 1838 ’ἥτις
3409 1770 3542 1824 ἐστὶν
3576 1768 3780 1844 αἵρεσις.

418 1870 660 1924 venenis
693 1870 816 1923 suis
839 1870 1037 1922 Jesum
1083 1865 1380 1920 Christum
1418 1864 1688 1932 miscent,
1727 1862 2060 1932 loquentes,

2187 1857 2384 1930 ἷ)’ί(99)
2442 1859 2532 1914 καὶ
2592 1860 2700 1922 toi:
2759 1858 3236 1933 παρεμ.πλὲκουσιν
3297 1861 3502 1929 Ἰησοῦν
3554 1859 3779 1933 Χριστὸν,

415 1979 544 2032 qua)
569 1959 683 2014 ﬁde
709 1965 847 2013 sunt
868 1957 1151 2028 indigna;
1186 1955 1411 2010 similes
1442 1955 1539 2015 iis.
1558 1954 1659 2023 qui
1685 1953 2061 2007 mortiterum

419 2052 807 2120 pharmacum
839 2064 975 2102 cum
1008 2045 1141 2099 vino
1166 2045 1356 2099 mulso
1388 2043 1552 2107 dant,
1577 2042 1734 2113 quod
1762 2042 1861 2112 qui
1892 2042 2028 2108 igno
2047 2071 2061 2081 -

419 2145 533 2206 rat,
569 2139 825 2194 libenter
853 2179 866 2203 ,
900 2138 960 2190 in
992 2136 1288 2207 voluptate
1337 2134 1517 2188 noxia
1547 2139 1799 2188 mortem
1826 2132 2058 2202 accipit.

2171 1951 2248 2020 (I)
2277 1948 2899 2021 καταξιοπιστευόμενοι·
2961 1948 3144 2024 ὥσπερ
3204 1950 3500 2024 θανάσιμον
3528 1950 3784 2025 φάρμακον

2173 2035 2416 2098 δεόόντες
2451 2038 2584 2110 μετᾶ
2615 2039 2984 2111 οἱνομέλιτος,
3017 2040 3147 2112 ὅπερ
3173 2040 3202 2094 ὁ
3235 2040 3445 2113 ἀγνοῶν
3475 2037 3640 2108 ἡδέως
3669 2036 3789 2108 λαμ.-

2173 2125 2340 2197 6ἀνει,
2373 2129 2424 2185 ἐν
2453 2128 2622 2204 ἡδονῇ
2654 2136 2731 2203 (2)
2765 2136 2903 2205 κακῇ
2934 2131 2995 2186 τὸ
3024 2132 3333 2188 ἀποθανεῖν.

1628 2258 1740 2312 VII.
1777 2257 2052 2312 Custodite
2090 2271 2182 2311 vos
2220 2257 2288 2310 ab
2320 2257 2610 2311 ἦεν-θείοις.

493 2384 538 2436 Α
573 2380 788 2435 talibus
822 2379 997 2449 igitur
1019 2393 1121 2431 vos
1153 2375 1464 2431 custodite.
1490 2375 1608 2429 Hoc
1639 2380 1837 2429 autem
1870 2374 1991 2442 fiet,
2017 2373 2064 2428 si

421 2487 530 2524 nec
564 2469 753 2524 int‘fati
777 2484 886 2524 nec
908 2465 1090 2521 avulsi
1124 2464 1354 2519 fueritis
1382 2480 1415 2518 a
1447 2465 1562 2518 Deo
1591 2464 1728 2518 Jesu
1751 2461 1981 2517 Christo
2011 2467 2070 2517 et

423 2560 700 2630 episcopo
735 2563 792 2612 et
839 2555 1147 2627 praeceptis
1191 2552 1611 2624 apostolorum.
1646 2552 1752 2616 Qui
1799 2552 1955 2606 intra
1985 2550 2067 2606 al-

419 2654 541 2703 tare
576 2654 684 2716 est,
719 2646 977 2701 mundus
1011 2649 1098 2698 est
1145 2643 1269 2715 [qui
1303 2659 1439 2697 vero
1491 2647 1654 2696 extra
1684 2647 1793 2707 est,
1827 2657 1947 2695 non
1978 2646 2067 2695 est

2249 2369 2592 2427 Φυλάττεσθε
2633 2370 2724 2427 οῦν
2756 2375 2831 2446 (3)
2863 2374 2992 2434 τοὺς
3031 2372 3339 2438 τοιούτους.
3372 2376 3544 2430 Τοῦτο
3588 2371 3640 2427 δὲ
3669 2370 3795 2426 ἔσται.

2180 2460 2306 2534 ὑμῖν
2352 2462 2429 2534 μὴ
2489 2461 2894 2539 φυσιουμένοις,
2951 2461 3041 2516 καὶ
3092 2466 3243 2518 οῦσιν
3300 2463 3624 2538 ἂχωριστοις
3679 2464 3795 2516 Θεοῦ

2181 2551 2362 2619 Ἰησοῦ
2410 2551 2671 2625 Χριστοῦ,
2730 2551 2944 2606 καὶτοῦ
2976 2550 3412 2620 ἐπισκόποῦ,καὶ
3469 2557 3573 2607 τῶν
3631 2549 3790 2605 διατα-

2175 2640 2396 2713 γμάτων
2453 2644 2563 2694 τῶν
2622 2638 2969 2704 ἀποστόλων,
2999 2641 3060 2697 Ὀ
3095 2641 3246 2703 ἐντὸς
3307 2640 3678 2716 θυσιαστηρίου
3732 2634 3795 2690 ὥν

423 2713 734 2810 mundus];
763 2737 874 2792 hoc
907 2740 1016 2799 est,
1042 2713 1298 2804 qui—sine
1316 2733 1591 2804 episcopo
1613 2737 1670 2785 et
1695 2731 2062 2803 presbyterio

2187 2728 2408 2800 καθαρός
2437 2727 2600 2782 ἐστιν·
2651 2731 2670 2802 [
2701 2733 2774 2800 (4)
2805 2730 2833 2783 ὁ
2866 2727 2922 2783 δὲ
2961 2727 3113 2791 ἐκτὸς
3143 2727 3217 2784 ὢν
3249 2730 3313 2785 οὗ
3345 2713 3580 2806 καθαρός
3605 2731 3748 2785 ἔστιν·
3785 2714 3803 2787 1

1883 2830 2045 2882 Vetus
2076 2827 2366 2898 interpres.

1956 2948 2181 3002 CAPUT
2223 2948 2283 3001 V.

491 3054 690 3106 Nonne
722 3064 962 3120 possum
992 3046 1155 3120 vobis
1182 3045 1624 3120 supercmlestia
1655 3043 1912 3100 scribere
1941 3045 1969 3099 ‘i
2000 3043 2111 3099 Sed
2143 3045 2322 3098 timeo
2357 3061 2430 3100 ne
2458 3044 2716 3120 parvulis
2739 3047 3159 3120 assistentibus
3189 3048 3358 3104 vobis
3389 3048 3627 3103 damum
3658 3061 3815 3120 appo-

422 3139 581 3176 nam.
607 3115 1020 3174 Etcondonate
1054 3117 1221 3184 mihi,
1247 3115 1318 3170 ne
1351 3115 1520 3184 forte,
1553 3133 1674 3189 non
1706 3121 1974 3189 potentes
1992 3132 2225 3189 capere,
2253 3115 2724 3189 strangulemini.
2747 3118 2973 3172 Etenim
2996 3135 3124 3189 ego,
3145 3136 3268 3174 non
3291 3121 3621 3175 secundum
3642 3115 3814 3188 quod-

423 3209 658 3268 cunque
694 3192 905 3268 l_igatu_s
939 3189 1220 3268 sum,_sed
1255 3191 1466 3268 potens
1495 3186 1954 3268 scireciriestia.
1989 3193 2046 3241 et
2077 3186 2544 3268 loci-positiones
2576 3189 2898 3268 angelicas.
2933 3195 2991 3268 et
3019 3186 3503 3251 constitutiones.
3539 3186 3816 3262 principa-

423 3258 634 3330 tionés,
666 3258 1038 3332 visibiliaque
1065 3265 1123 3315 et
1152 3258 1490 3314 invisibilia.
1525 3261 1745 3314 Praater
1775 3259 1906 3326 hoc,
1932 3261 2060 3329 jam
2085 3259 2485 3330 etdiscipulus
2517 3275 2668 3314 sum.
2699 3259 2874 3315 Multa
2895 3261 3053 3315 enim
3085 3263 3257 3317 nobis
3290 3258 3602 3329 deﬁciunt,
3630 3267 3695 3317 ut
3718 3263 3821 3316 Deo

424 3352 544 3391 non
575 3334 940 3389 deﬁciamus.

1941 3445 2173 3501 CAPUT
2214 3445 2300 3501 Vl.

491 3570 785 3640 Deprecor
813 3567 990 3639 igitur
1012 3581 1120 3640 vos
1150 3565 1290 3633 (non
1322 3579 1465 3640 ego,_
1483 3563 1587 3617 sed
1618 3563 1876 3640 charitas
1905 3563 2042 3640 Jesu
2071 3563 2311 3640 Christi)
2341 3563 2466 3640 solo
2491 3564 2829 3640 Christiano
2877 3565 3159 3640 alimento
3192 3568 3457 3624 utamini
3487 3589 3500 3632 ;
3546 3567 3617 3622 ab
3647 3567 3822 3640 aliena

419 3634 622 3720 autem
651 3634 1134 3720 herba—recedite,
1171 3652 1301 3720 quin
1334 3642 1423 3720 est
1455 3635 1710 3716 haeresis.
1748 3651 1878 3706 qua:
1904 3635 2331 3720 ‘eltuinquina‘tis
2364 3634 2654 3720 impleat.
2681 3638 2880 3720 lesum
2941 3638 3238 3720 Christum
3282 3656 3310 3720 :_
3333 3637 3819 3711 quemadmodum

417 3712 789 3784 mortiferum
823 3705 1207 3784 pharmacum
1239 3706 1448 3762 dantes
1479 3722 1612 3762 cum
1644 3705 1782 3762 vino
1807 3706 2033 3761 mellito
2067 3705 2272 3777 {quod
2305 3707 2403 3778 qui
2434 3708 2682 3782 ignorat,
2719 3708 3154 3765 delectabiliter
3183 3705 3430 3784 accipit,
3463 3721 3524 3767 et
3550 3713 3608 3766 in
3640 3711 3816 3766 delec-

420 3784 581 3838 tione
614 3783 772 3838 mala
798 3781 950 3836 mori
983 3781 1124 3851 (sic).

1926 3893 2156 3948 CAPUT
2195 3893 2312 3948 VII.

484 4013 888 4089 Observamini
907 4012 1088 4089 igitur
1109 4027 1142 4064 a
1160 4008 1397 4089 talibus.
1424 4009 1762 4089 [iocantem
1785 4007 1896 4089 erit
1916 4023 1950 4089 a
1970 4007 2132 4061 vobis
2154 4024 2273 4089 rion
2302 4007 2634 4089 inflatis._et
2664 4010 3085 4089 exsistentibus
3122 4011 3633 4084 inseparabilibus
3663 4030 3695 4068 a
3717 4012 3822 4089 De_0

413 4087 548 4140 Jesu
579 4085 831 4146 Christo,
865 4078 1250 4153 etepiscopo,
1286 4085 1343 4133 et
1373 4078 1682 4133 ordinibus
1713 4079 2135 4149 apostolorum.
2169 4081 2276 4143 Qui
2308 4081 2464 4135 intra
2487 4080 2671 4135 altare
2699 4087 2808 4144 est.
2843 4081 3097 4138 mundus
3116 4089 3206 4138 est
3232 4078 3386 4156 {qui
3414 4103 3552 4142 vero
3583 4091 3738 4140 extra
3758 4081 3826 4137 ali

500 4261 609 4338 (99)
643 4259 755 4312 Cfr.
792 4274 922 4328 quas
954 4273 1132 4338 supra
1185 4255 1258 4312 ad
1311 4255 1661 4328 proemium
1708 4253 1972 4325 epistola:
2005 4253 2078 4308 ad
2108 4271 2154 4334 ι)

427 4330 756 4384 Trallianos
789 4330 1150 4384 monuimus.

500 4405 610 4468 (9-1)
643 4401 733 4456 Sic
766 4418 837 4455 ex
867 4405 981 4455 vet.
1018 4400 1150 4467 int.,
1183 4416 1253 4455 ex
1286 4400 1428 4471 Syro
1461 4403 1517 4453 et
1548 4413 1620 4452 ex
1653 4396 2074 4470 interpolatore

430 4472 888 4527 restituendum.

501 4545 614 4616 (92)
647 4544 760 4598 Cfr.
793 4545 818 4597 l
843 4544 972 4598 Cor.
1007 4559 1090 4616 in.
1122 4543 1171 4607 t,
1203 4545 1256 4597 2.

502 4611 615 4686 (93)
646 4617 747 4687 Ms.
781 4611 1120 4687 στράγγαλον
1151 4619 1300 4687 (ﬁre.
1346 4613 1466 4668 JAc.

499 4681 608 4753 (94)
643 4686 734 4740 Sic
759 4703 830 4740 ex
850 4681 978 4740 've'tf
1019 4686 1126 4740 int.
1175 4684 1398 4751 Latino,
1433 4699 1502 4737 ex
1533 4683 1675 4754 Syro
1709 4686 1768 4736 et
1797 4698 1867 4736 ex
1899 4681 2078 4736 inter-

430 4758 699 4829 polatore
734 4757 1184 4812 restituendum.

504 4831 613 4897 (95,
640 4829 680 4883 Ι.
715 4845 763 4897 e_.
799 4831 984 4897 ofﬁc-ia
1013 4835 1060 4881 et
1083 4829 1405 4895 dignitates,
1434 4830 1500 4879 ut
1527 4823 1601 4879 ad
1628 4825 1885 4897 Smyrn.,
1918 4841 1968 4878 c.
2003 4826 2034 4877 6
2062 4839 2074 4876 :

430 4895 615 5023 Ι’ξ’όπος
657 4895 864 4970 μηδένα
893 4897 1190 4972 φυσιούτω.
1220 4898 1337 4953 Cfr.
1372 4897 1554 4951 etiam
1585 4895 1659 4951 ad
1689 4895 1910 4966 Polyc.,
1939 4910 1988 4948 c.
2026 4897 2074 4948 1.

478 4986 612 5023 ΕΛΗΞ

478 4986 612 5024 EABS

501 5042 613 5111 (96)
646 5042 902 5096 Sensus:
937 5043 1053 5096 Non
1101 5041 1273 5094 solum
1321 5055 1526 5094 arcana
1573 5037 1676 5111 illa
1718 5035 1860 5111 mitti
1889 5038 2080 5104 ignota

427 5107 578 5179 sm,
607 5114 698 5166 sed
747 5127 796 5166 et
851 5115 910 5165 in
958 5112 1086 5166 aliis
1142 5111 1298 5164 rebus
1346 5111 1527 5164 adhuc
1575 5107 1880 5177 discipulus
1937 5123 2077 5179 sum.

429 5185 542 5238 Alii
569 5178 733 5238 hunc
768 5183 961 5237 locum
995 5182 1166 5236 aliter
1196 5181 1515 5251 explicant,
1547 5196 1599 5234 e.
1633 5196 1667 5249 g
1717 5184 1946 5248 propter
1978 5178 2080 5232 hoc

423 5259 544 5323 jam
577 5262 627 5308 et
659 5255 907 5325 disputas
939 5271 1056 5308 sum
1111 5255 1240 5306 Cor.

506 5320 760 5392 (97)Ct‘r'.
798 5327 976 5379 lCor.
1037 5340 1162 5386 xm,
1217 5326 1270 5378 9.
1329 5321 1532 5376 Versio
1591 5320 1828 5392 Syriaca
1886 5335 2080 5390 neque

433 5389 563 5449 cuin
597 5403 760 5451 textu
806 5402 1030 5458 nostro,
1064 5410 1256 5464 neque
1305 5409 1437 5448 cum
1471 5389 1890 5464 interpolatore
1936 5407 2082 5446 con-

438 5466 656 5537 cordat.
694 5469 1106 5537 Fragmentum
1137 5463 1272 5520 vero
1305 5465 1610 5537 Syriacum
1645 5463 1840 5537 Severi
1871 5464 2080 5517 Antio-

436 5535 605 5588 cheni
639 5553 771 5590 cum
806 5535 1002 5592 erco
1037 5544 1200 5591 textu
1233 5535 1434 5591 nostro
1466 5535 1912 5590 accuratissime
1942 5550 2080 5589 con-

438 5605 617 5659 venit.
651 5607 764 5661 Cir.
799 5610 1102 5677 Cureton.,
1133 5607 1174 5662 l.
1207 5625 1282 5676 c.,
1313 5624 1412 5678 pp.
1441 5609 1533 5672 40,
1571 5607 1691 5662 100.

2255 4255 2368 4324 (98)
2395 4254 2510 4309 Cfr.
2545 4255 2618 4310 ad
2651 4255 2904 4322 Philad.,
2930 4271 2981 4313 c.
3015 4257 3066 4310 3.

2255 4325 2366 4397 (99)
2400 4327 2498 4380 Six
2529 4343 2599 4381 ex
2629 4333 2740 4382 vet.
2776 4328 3096 4398 interprete
3119 4332 3179 4398 et
3198 4329 3716 4398 exinterpolatore
3741 4339 3830 4398 re;

2183 4392 2377 4472 stituit
2409 4398 2666 4472 Vossius.
2702 4400 2804 4454 MS.
2825 4392 3149 4472 ΔΟὶᾟιαιροξ
3209 4392 3486 4472 παρεμπλ
3522 4418 3536 4468 ;
3571 4398 3736 4472 male.
3765 4392 3826 4472 Q1

2181 4466 2270 4543 icui
2299 4467 2596 4543 ῥυπαροῖς,
2613 4468 2752 4543 Cor.
2781 4469 2842 4522 Οἱ
2878 4463 3086 4543 μιαροί,
3121 4463 3310 4543 Ξκιτᾞί
3337 4463 3407 4528 ύὶ
3439 4463 3533 4526 xui
3561 4463 3824 4543 αἱρετικοί.

2182 4541 2380 4616 Puris.
2417 4539 2776 4610 Simpliciter
2821 4540 2911 4594 καὶ
2967 4539 3456 4614 ἀπαρεμπλέκουσιν
3490 4539 3632 4616 legit
3657 4542 3818 4595 Joan-

2184 4627 2292 4664 nes
2329 4611 2599 4666 Damase.

2254 4683 2328 4750 (1)
2361 4682 2460 4735 Ms.
2497 4681 2612 4735 κατ’
2640 4680 3205 4754 ἀξίαννπιστευόμενοι.
3231 4685 3347 4740 Sed
3383 4703 3456 4742 ex
3487 4689 3573 4742 Jo.
3607 4685 3832 4740 Damas-

2184 4768 2331 4808 cano
2364 4754 2610 4806 restituo
2652 4753 3276 4823 καταξιοπιστευόμενοι.
3313 4759 3419 4811 Est
3469 4766 3663 4812 autem
3695 4757 3829 4807 teste

2185 4824 3002 4897 Scapulam-caeicmctaudpm
3034 4826 3188 4897 apud
3222 4828 3472 4884 Suidam
3502 4860 3569 4869 —
3598 4831 3718 4881 dico
3745 4823 3831 4877 ad-

2184 4910 2367 4968 versus
2389 4895 2657 4968 aliquem,
2707 4912 2835 4968 qum
2861 4895 2967 4965 ﬁde
2997 4895 3231 4965 indigna
3291 4907 3448 4957 sunt.
3509 4899 3827 4968 Lectionem

2185 4966 2325 5038 msti
2373 4966 2730 5022 Cotelerius'
2763 4969 3209 5038 interpretatur.
3270 4975 3498 5025 ratione
3556 4966 3831 5038 dignitatis

2189 5037 2367 5109 (loci).
2403 5054 2567 5108 quam
2597 5039 2858 5097 obtinent.
2900 5037 3060 5107 ﬁdem
3091 5041 3304 5109 adepti.
3343 5037 3690 5096 Wocherus.
3713 5041 3831 5107 jure

2189 5108 2426 5179 quodam
2460 5112 2526 5162 iis
2584 5111 2848 5167 creditur.
2907 5113 3113 5179 quippe
3160 5108 3256 5181 qui
3307 5114 3524 5180 fabulis
3567 5112 3676 5166 suis
3717 5121 3834 5181 vera

2189 5181 2441 5248 quzmtam
2471 5186 2522 5234 et
2551 5182 2795 5249 egregia,
2827 5179 3404 5253 Christianus—nempe
3433 5185 3718 5238 doctrinas
3736 5179 3832 5233 ad-

2188 5253 2471 5305 misi-eant.

2261 5325 2339 5390 (2;
2369 5324 2462 5376 Sic
2496 5321 2636 5391 legit
2664 5329 2776 5378 vet.
2811 5323 2898 5378 int
2952 5330 3012 5377 et
3037 5323 3124 5378 Jo.
3161 5325 3432 5381 Damasc.
3469 5327 3571 5381 Ms.
3605 5323 3768 5378 κάκεῖ.

2238 5395 2339 5478 ’(3)
2372 5397 2456 5446 tta
2487 5393 2895 5464 interpolator,
2928 5400 2986 5448 et
3027 5402 3206 5449 recte.
3239 5395 3418 5451 GALL'
3456 5400 3560 5456 Ms.
3593 5400 3705 5454 τοῖς
3727 5410 3831 5445 τοι·

2194 5481 2396 5518 ουτοις.

2194 5536 2341 5661 ωςὲ
2367 5535 2808 5662 Ῐῧξξῧᾶἀάθῐιάἆ
2851 5542 2992 5593 sunt
3025 5553 3095 5593 ex
3123 5543 3234 5592 vet.
3267 5538 3386 5595 int.
3419 5545 3480 5595 et
3524 5533 3833 5609 interpola-
