4060 6206
322 400 441 462 681

1482 392 1865 458 EPISTOLA
1906 398 2006 458 AD
2050 395 2576 460 TRALLIANOS.

3623 403 3740 473 682

316 536 470 590 τοῦτ’
543 530 711 599 ἔστιν,
762 531 791 585 ὁ
840 530 1015 606 χωρὶς
1080 528 1378 585 ἐπισκόπου
1435 530 1526 584 καὶ
1586 523 1977 604 πρεσϐυτερίου

2109 534 2152 584 at
2180 529 2448 587 diaconis
2479 530 2785 603 quidpiam
2833 533 2974 606 agit,
3032 534 3082 591 is
3120 551 3241 593 non
3273 543 3361 595 est
3390 540 3650 599 mundus
3680 544 3743 598 in

317 623 409 678 καὶ
445 619 701 678 διακόνου
727 619 987 694 πράσσων
1040 640 1117 687 τι,
1180 619 1339 681 οὗτος
1384 619 1450 673 οὗ
1479 616 1715 692 καθαρός
1745 616 1885 672 ἐστιν
1912 618 1983 690 τῇ

322 708 651 782 συνειδήσει.

2093 621 2482 677 conscientia.

904 812 1049 866 VIII.
1091 811 1293 867 Contra
1320 810 1532 865 diaboli
1554 809 1783 865 insidias
1809 810 2147 865 muniamini
2175 813 2620 882 mansuetudine,
2645 814 2755 884 ﬁde
2792 820 2845 869 et
2876 814 3167 872 charitate.

398 908 516 968 Οὐκ
544 907 660 964 ἐπεὶ
688 903 856 984 ἔγνων
888 906 1136 963 τοίοῦτόν
1186 927 1239 962 τι
1284 904 1336 961 ἐν
1389 905 1538 980 ὑμῖν,
1584 904 1728 961 ἀλλὰ
1759 926 1977 985 προφυ-

327 999 516 1056 λάσσω
550 997 688 1071 ὑμᾶς
720 995 872 1060 ὄντας
924 1018 1028 1070 μου
1078 994 1417 1070 ἆγαπητοῦς,
1462 998 1716 1070 προορῶν
1744 996 1841 1058 τὰς
1873 994 1980 1051 ἐνέ-

323 1087 458 1164 δρας
488 1092 590 1144 τοῦ
621 1082 907 1146 διαϐόλου.
940 1090 1123 1158 Ὑμεῖς
1184 1084 1276 1140 οὖν
1331 1086 1428 1154 τὴν
1473 1088 1547 1159 (ὃ)
1604 1086 1978 1159 πραϋπάθειαν

323 1172 692 1239 αλαλαϐόντες
739 1176 1090 1239 ἀνακτίσασθε
1147 1173 1369 1236 ἑαυτοὺς
1436 1172 1488 1229 ἓν
1549 1174 1749 1242 πίστει,
1812 1178 1891 1247 (6)
1950 1172 1981 1228 ὅ

319 1270 472 1323 ἒστιν
515 1266 643 1341 σὰρξ
693 1270 789 1321 τοῦ
837 1266 1066 1341 Κυρίου,
1123 1264 1214 1319 καὶ
1262 1261 1315 1318 ἐν
1367 1264 1563 1339 ἀγάπῃ,
1598 1261 1629 1317 ὅ
1657 1261 1800 1317 ἐστιν
1843 1264 1981 1335 αἷμα

320 1358 506 1427 Ἰησοῦ
538 1359 803 1430 Χριστοῦ.
854 1357 930 1428 (7)
964 1350 1172 1425 Μηδεὶς
1232 1352 1385 1425 ὑμῶν
1440 1352 1575 1407 κατὰ
1616 1356 1712 1406 τοῦ
1744 1350 1981 1422 πλησίον

320 1448 339 1519 [
365 1448 442 1517 (8)
471 1449 548 1516 τι]
580 1443 776 1520 ἐχέτω.
828 1445 921 1513 Μή
973 1442 1222 1519 ἀφορμὰς
1275 1439 1456 1496 δίδοτε
1484 1445 1605 1504 τοῖς
1633 1433 1857 1510 ἔθνεσιν,
1888 1441 1980 1496 ἳνα

324 1537 404 1608 μή
442 1532 513 1588 δι’
544 1531 769 1608 ὀλίγους
801 1534 1036 1610 ἄφρονας
1067 1532 1130 1587 τὸ
1160 1530 1211 1586 ἐν
1244 1535 1359 1602 Θεῷ
1387 1529 1601 1599 πλῆθος
1640 1528 1982 1609 βλασφημῆ-

2159 910 2287 965 Non
2308 910 2464 982 quod
2488 911 2752 966 noverim
2772 911 2887 967 tale
2906 912 3049 984 quid
3071 914 3229 970 inter
3247 916 3502 983 vos,haac
3524 919 3740 986 scribo,

2089 998 2192 1053 sed
2216 999 2577 1070 praemunire
2599 999 2727 1055 volo
2754 1007 2946 1067 vos,ut
2972 1000 3126 1057 filios
3150 1019 3313 1060 meos
3335 1006 3741 1076 charissimos,

2089 1087 2458 1160 prospiciens
2491 1088 2737 1145 insidias
2777 1089 3022 1146 diaboli.
3061 1092 3173 1146 Vos
3214 1093 3433 1164 itaque,
3467 1112 3742 1153 mansue-

2089 1176 2357 1232 tudinem
2388 1184 2783 1248 assumentes,
2842 1184 3187 1252 regenerate
3232 1185 3621 1254 vosmetipsos
3678 1186 3743 1240 in

2092 1264 2229 1333 Ilde,
2260 1284 2390 1337 quas
2423 1272 2513 1322 est
2540 1284 2679 1323 caro
2712 1268 2969 1337 Domini,
2992 1274 3049 1324 et
3081 1269 3143 1324 in
3176 1270 3481 1337 charitate,
3503 1289 3634 1343 quas
3657 1278 3747 1329 est

2090 1356 2328 1428 sanguis
2392 1356 2531 1411 Jesu
2583 1356 2822 1411 Christi.
2880 1358 3091 1414 Nullus
3157 1365 3419 1415 vestrum
3464 1361 3744 1417 adversus

2089 1444 2425 1514 proximum
2447 1443 2675 1515 aliquid
2698 1444 3019 1502 habeat.Ne
3043 1463 3249 1503 ansam
3272 1448 3424 1503 detis
3445 1450 3744 1522 gentibus,

2087 1549 2165 1587 ne
2187 1540 2428 1605 propter
2448 1550 2669 1605 paucos
2694 1535 3048 1607 insipientes
3066 1536 3547 1609 multitudoque
3569 1543 3660 1595 est
3682 1540 3746 1595 in

319 1643 438 1678 ται.
496 1622 632 1680 Οὐαὶ
670 1622 794 1697 γὰρ,
838 1621 908 1676 δι’
957 1619 1021 1676 οὗ
1069 1619 1158 1676 ἐπὶ
1209 1619 1532 1694 ματαιότητι
1562 1618 1623 1673 τὸ
1653 1615 1829 1693 ὄνομά
1872 1641 1981 1693 μου

2109 1622 2703 1695 )eo,blasphemetur.
2761 1626 2856 1682 Vae
2902 1626 3049 1680 enim
3090 1629 3142 1681 ei
3172 1643 3277 1697 per
3305 1644 3466 1698 quem
3494 1630 3554 1683 in
3586 1630 3749 1684 vani-

324 1709 415 1767 ἐπὶ
449 1733 613 1767 τινων
647 1709 1057 1787 βλασφημεῖται
1079 1710 1123 1768 ⁸.

2091 1718 2203 1768 tate
2230 1728 2430 1769 nomen
2462 1729 2638 1768 meum
2669 1714 2822 1783 apud
2849 1713 3066 1785 aliquos
3097 1715 3530 1787 blasphematur.

974 1810 1069 1865 IX.
1112 1809 1293 1865 Nolite
1321 1808 1515 1864 audire
1542 1823 1648 1875 eos,
1681 1810 1779 1878 qui
1823 1810 1940 1863 sine
1990 1807 2206 1864 Christo
2238 1808 2560 1878 loquuntur.
2592 1809 2842 1865 Historia
2875 1810 3098 1866 Christi.

404 1913 479 1981 (9)
513 1908 828 1987 Κωφώθητε
879 1907 991 1973 οὗν,
1050 1905 1175 1961 ὅταν
1240 1906 1369 1978 ὑμῖν
1430 1904 1607 1979 χωρὶς
1637 1908 1816 1974 Ἰησοῦ
1847 1906 1984 1979 Χρι-

329 2002 463 2054 στοό
494 1995 643 2072 λαλῇ
672 2017 777 2065 τις,
810 1999 923 2070 (10)
954 1998 1052 2051 τοῦ
1102 1993 1153 2049 ἐν
1203 1994 1392 2068 γένους
1423 1988 1612 2062 Δαϐὶδ,
1651 1996 1740 2047 τοῦ
1771 1992 1830 2048 ἐκ
1865 1996 1985 2050 Μα-

332 2087 479 2163 ρίας,
511 2082 569 2143 ὅς
601 2085 823 2156 ἀληθῶς
854 2083 1139 2160 ἐγεννήθη,
1193 2081 1386 2160 ἕσαγέν
1427 2103 1484 2138 τε
1530 2082 1618 2137 καὶ
1646 2078 1818 2149 ἔπιεν,
1850 2080 1987 2153 ἁλη-

332 2182 445 2241 θῶς
485 2172 730 2250 ἐδιώχθη
761 2172 852 2229 ἐπὶ
885 2173 1112 2231 Ποντίου
1138 2171 1398 2243 Πιλάτου,
1426 2170 1647 2243 ἀληθῶς
1669 2170 1983 2247 ἐσταυρώθη

333 2268 426 2321 καὶ
485 2264 768 2335 ἀπέθανεν,
830 2261 1144 2340 βλεπόντων
1186 2267 1295 2318 τῶν
1352 2261 1687 2337 ἐπουρανίων
1739 2265 1849 2333 (11)
1895 2261 1988 2316 καὶ

332 2356 586 2431 ἐπιγείων
619 2355 707 2411 καὶ
742 2354 1106 2433 ὑποχθονίων
1140 2352 1200 2414 ὅς
1248 2352 1339 2407 καὶ
1386 2350 1611 2421 ἀληθῶς
1640 2349 1847 2428 ἠγέρθη
1881 2349 1987 2406 ἀπὸ

329 2448 555 2520 νεκρῶν,
589 2443 899 2519 ἐγείραντος
946 2442 1104 2498 αὐτὸν
1162 2442 1260 2496 τοῦ
1317 2442 1528 2516 Πατρὸς
1559 2439 1746 2509 αὐτοῦ,
1771 2441 1888 2513 (12)
1916 2438 1991 2501 ὡς

327 2535 424 2590 καὶ
455 2535 590 2590 κατὰ
643 2535 706 2590 τὸ
766 2538 876 2608 (13)
933 2532 1195 2607 ὁμοίωμα
1245 2534 1417 2604 ἡμᾶς,
1468 2531 1595 2594 τοὺς
1639 2530 1989 2591 πιστεύοντας

334 2624 508 2697 αὐτῷ,
560 2624 732 2686 οὕτως
783 2624 961 2699 ἐγερεῖ
1006 2625 1035 2679 ὁ
1088 2624 1275 2691 Πατὴρ
1322 2622 1490 2677 αὑτοῦ
1537 2620 1588 2676 ἐν
1636 2625 1851 2695 Χριστῷ
1882 2620 1994 2688 Ἰη-

332 2718 456 2782 σοῦ,
489 2717 599 2788 (14)
632 2713 693 2769 οὗ
724 2714 901 2789 χωρῖς
927 2711 991 2768 τὰ
1022 2710 1284 2783 ἀληθινὸν
1314 2715 1410 2785 ζῇν
1447 2710 1548 2767 οὐκ
1576 2704 1804 2786 ἔχομεν.

2171 1906 2452 1962 Obturate
2485 1908 2665 1979 igitur
2711 1924 2887 1964 aures
2931 1915 3173 1977 vestras,
3207 1927 3341 1966 cum
3380 1911 3544 1967 vobis
3584 1911 3750 1984 quis-

2094 1996 2256 2067 piam
2288 1994 2552 2067 loquitur
2572 1997 2702 2052 sine
2732 1998 2867 2052 Jesu
2892 1998 3144 2065 Christo,
3176 2000 3276 2070 qui
3304 2015 3373 2056 ex
3401 2014 3617 2072 genere
3649 2000 3753 2054 Da-

2096 2085 2267 2151 vidis,
2302 2084 2404 2156 qui
2437 2101 2508 2140 ex
2540 2086 2739 2153 Maria,
2768 2087 2867 2157 qui
2900 2103 3035 2142 vere
3066 2092 3241 2143 natus
3272 2095 3381 2155 est,
3416 2086 3537 2144 edit
3567 2093 3625 2144 et
3653 2087 3752 2143 bi—

2095 2174 2341 2243 bit,vere
2363 2176 2835 2247 persecutionem
2852 2193 3063 2249 passus
3087 2182 3176 2233 est
3197 2178 3304 2234 sub
3326 2179 3538 2234 Pontio
3561 2178 3751 2234 Pilato

2097 2280 2231 2319 vere
2254 2263 2571 2320 crucifixus
2599 2271 2656 2320 et
2687 2272 2953 2321 mortuus
2984 2272 3093 2332 est,
3116 2267 3455 2324 videntibus
3486 2266 3742 2323 caelesti-

2098 2354 2208 2410 bus
2240 2359 2298 2409 et
2326 2354 2707 2410 terrestribus
2729 2360 2788 2410 et
2808 2354 3213 2412 subterraneis
3243 2374 3256 2425 ;
3281 2358 3380 2428 qui
3414 2363 3473 2413 et
3500 2373 3635 2413 vere
3664 2371 3753 2412 re-

2098 2442 2358 2498 surrexit
2377 2459 2413 2498 a
2434 2443 2704 2510 mortuis,
2725 2444 3116 2501 resuscitante
3130 2446 3326 2516 ipsum
3347 2447 3519 2501 Patre
3542 2445 3755 2517 ipsius,

2101 2530 2605 2601 quemadmodum
2640 2530 2715 2587 ad
2770 2532 2901 2603 ejus
2958 2532 3414 2590 similitudinem
3450 2540 3510 2589 et
3537 2550 3668 2601 nos,
3704 2534 3757 2588 ei

2100 2618 2432 2688 credentes,
2460 2620 2633 2675 Pater
2655 2619 2785 2691 ejus
2807 2622 2890 2676 ita
2917 2621 3317 2692 resuscitabit,
3339 2624 3400 2677 in
3420 2624 3557 2678 Iesu
3587 2621 3759 2676 Chri-

2103 2713 2215 2776 sto,
2249 2708 2377 2762 sine
2408 2724 2523 2779 que
2555 2724 2752 2764 veram
2781 2710 2957 2766 vitam
2991 2726 3111 2766 non
3143 2710 3451 2767 habemus.

1089 2813 1156 2869 X.
1199 2813 1260 2869 Si
1290 2811 1537 2867 Christus
1566 2828 1677 2867 non
1714 2827 1839 2866 vere
1877 2822 2072 2880 passus
2103 2811 2201 2872 est,
2230 2807 2443 2873 frustra
2468 2820 2569 2875 ego
2600 2807 2831 2862 vincula
2858 2809 3001 2876 fero.

412 2900 476 2959 Εἰ
507 2899 585 2970 δὲ,
621 2900 800 2977 ὥσπερ
828 2900 990 2969 τινὲς,
1049 2898 1197 2954 ἄθεοι
1246 2897 1414 2970 ὄντες,
1441 2896 1715 2954 τουτέστιν
1748 2895 1988 2964 ἄπιστοι,

2170 2892 2227 2947 Si
2258 2910 2417 2960 vero,
2476 2900 2542 2951 ut
2598 2894 2841 2965 quidam
2894 2895 3077 2964 athei,
3133 2896 3245 2952 hoc
3303 2902 3411 2965 est,
3456 2896 3751 2963 inﬁdeles,

339 2988 615 3067 λέγουσιν,
648 2989 712 3043 τὸ
746 2986 921 3043 δοκεῖν
954 2985 1273 3051 πεπονθέναι
1330 2986 1512 3056 αὐτὸν,
1559 2986 1709 3042 αὐτοὶ
1744 2984 1894 3047 ὄντες
1926 2986 1989 3040 τὸ

336 3074 536 3145 δοκεῖν,
568 3077 674 3154 ἐγὼ
702 3077 754 3133 τί
786 3075 1028 3151 δέδεμαι,
1067 3076 1122 3131 τί
1162 3072 1219 3130 δὲ
1248 3072 1488 3152 εὔχομαι
1527 3077 1944 3151 θηριομαχῆσαι
1971 3093 1985 3145 ;

341 3168 556 3241 Δωρεὰν
580 3167 674 3222 οὖν
704 3166 1073 3238 ἀποθνήσκως
1116 3167 1225 3240 (15)
1272 3171 1415 3242 Ἀρα
1463 3166 1527 3221 οὗ
1576 3161 1985 3240 καταψεύδομαι

335 3260 438 3312 τοῦ
468 3256 672 3333 Κυρίου
695 3273 712 3329 ;

2103 2980 2289 3051 aiunt,
2327 2998 2463 3037 eum
2511 2983 2839 3039 secundum
2889 2986 3299 3056 apparentiam
3330 3002 3459 3041 esse
3489 3001 3755 3058 passum,

2102 3069 2213 3141 ipsi
2238 3070 2565 3125 secundum
2589 3072 3000 3143 apparentiam
3024 3079 3253 3129 tantum
3278 3075 3633 3131 exsistentes
3648 3093 3664 3143 ;
3684 3074 3758 3132 ad

2102 3157 2246 3227 quid
2279 3173 2383 3231 ego
2414 3158 2646 3214 vinctus
2678 3177 2832 3229 sum,
2856 3178 2963 3216 cur
2992 3166 3130 3234 opto
3162 3178 3300 3219 cum
3329 3162 3537 3220 bestiis
3567 3162 3756 3236 depu-

2100 3262 2281 3318 gnare
2302 3246 2331 3301 ‘?
2359 3248 2600 3303 Frustra
2631 3247 2831 3320 itaque
2861 3249 3124 3306 morior?
3150 3251 3356 3307 Nonne
3377 3267 3481 3325 ego
3502 3250 3654 3309 falsa
3683 3251 3756 3308 de

2101 3334 2352 3391 Domino
2384 3335 2640 3407 loquor?

1792 3430 1957 3487 Vetus
2001 3428 2297 3488 intcrnres.

1801 3448 1957 3487 vetus
2001 3448 2152 3488 mtcr
2211 3448 2297 3490 τε.

334 3521 461 3572 tare
491 3520 606 3583 est,
643 3533 762 3599 non
792 3514 1049 3599 mundus
1080 3520 1193 3598 est,
1224 3515 1336 3599 hoc
1369 3519 1478 3583 est,
1510 3516 1612 3587 qui
1644 3516 1773 3572 sine
1831 3517 2109 3591 episcopo
2146 3448 2219 3575 εἰ
2274 3519 2645 3592 presbyterio
2678 3525 2738 3575 et
2766 3521 3019 3579 diacono
3052 3527 3333 3596 operatur
3362 3524 3611 3599 aliquid,
3646 3525 3758 3581 iste

1844 3660 2075 3715 CAPUT
2112 3661 2256 3715 VIII.

412 3749 711 3831 Nonquia
739 3749 981 3831 cognovi
1010 3749 1130 3805 tale
1157 3748 1301 3831 quid
1328 3749 1391 3804 in
1420 3747 1624 3831 vobis;
1659 3748 1765 3804 sed
1796 3764 2084 3831 praeservo
2116 3765 2235 3815 vos,
2265 3749 2620 3831 exsi‘stentes
2652 3767 2817 3831 meos
2849 3752 3116 3831 dilectos,
3149 3752 3476 3831 praevidens
3512 3752 3761 3831 insidias

342 3820 599 3895 diaboli.
625 3822 732 3895 Yos
752 3820 927 3895 igitur
956 3827 1329 3895 mansuetam
1361 3820 1713 3895 patientiam
1743 3824 2437 3895 resumente_s,_recreate
2470 3823 2860 3895 vosmetipsos
2893 3823 2955 3878 in
2993 3820 3323 3895 ﬁdefquod
3355 3829 3444 3880 est
3472 3841 3609 3881 caro
3646 3825 3759 3880 Do-

342 3894 511 3960 mini,
547 3898 605 3947 et
632 3891 694 3967 in
725 3890 1031 3967 charitate,
1065 3892 1234 3967 quod
1254 3898 1344 3947 est
1364 3890 1612 3965 sanguis
1631 3893 1766 3947 Jesu
1788 3890 2023 3946 Christi.
2048 3890 2260 3967 Nullus
2287 3898 2542 3967 vestrum
2568 3890 2850 3967 adversus
2884 3890 3222 3967 proximum
3253 3896 3485 3967 aliquid
3517 3896 3758 3952 habeat.

338 3967 463 4020 Non
495 3964 840 4040 occasiones
872 3963 1023 4019 detis
1054 3962 1441 4040 gentibus,_ut
1470 3962 1590 4018 non
1612 3968 1855 4035 propter
1884 3977 2114 4040 paucos
2142 3962 2496 4040 insipientes
2526 3980 2598 4040 ea
2626 3981 2759 4035 quas
2791 3966 2854 4020 in
2884 3962 3004 4022 Deo
3035 3962 3767 4040 multitudo—blaspheme-

340 4042 455 4091 tur.
494 4037 589 4091 Va:
616 4037 787 4102 enim,
812 4052 917 4106 per
949 4032 1108 4106 quain
1139 4035 1202 4091 in
1232 4034 1487 4090 vanitate
1516 4032 1710 4090 nomen
1728 4032 1917 4090 πιθανὴ
1944 4032 2008 4088 in
2037 4032 2339 4105 aliquibus
2370 4032 2803 4106 blasphematur.

1872 4134 2100 4189 CAPUT
2137 4133 2231 4190 IX.

338 3604 464 3644 non
494 3588 755 3645 mundus
785 3594 876 3645 est
905 3588 966 3643 in
997 3586 1383 3643 conscientia.

404 4229 822 4306 Qbsurdescite
851 4232 1049 4304 igitur,
1082 4232 1320 4306 quando
1348 4232 1537 4306 vobis
1580 4232 1708 4288 sine
1754 4233 1892 4287 Iesu
1942 4229 2173 4306 Christo
2232 4230 2497 4302 loquitur
2528 4233 2699 4306 quis;
2733 4249 2803 4288 ex
2844 4248 3060 4305 genere
3091 4233 3292 4301 David,
3325 4234 3426 4306 qui
3459 4252 3529 4291 ex
3556 4235 3759 4300 Maria.

334 4302 438 4373 qui
470 4318 604 4357 vere
636 4309 809 4359 natus
838 4302 947 4369 est,
978 4302 1237 4360 comedit
1266 4310 1325 4360 et
1348 4304 1496 4359 bibit
1516 4322 1529 4371 ;
1550 4320 1683 4360 vere
1709 4302 2187 4375 persecutionem
2222 4318 2430 4375 passus
2454 4302 2672 4375 estsub
2711 4302 2919 4359 Pontio
2944 4306 3156 4374 Pilato,
3180 4322 3312 4361 vere
3336 4302 3650 4362 cruciﬁxus
3674 4314 3766 4362 est

337 4380 396 4428 et
421 4381 693 4447 mortuus
724 4381 831 4443 est,
852 4376 1279 4447 aspicientibus
1296 4376 1636 4431 ccelestibus
1665 4373 1728 4431 et
1754 4373 2133 4447 terrestribus
2160 4373 2639 4447 et’infernalibus
2665 4392 2678 4429 :
2709 4376 2811 4446 qui
2838 4382 2896 4431 et
2917 4392 3052 4432 vere
3078 4373 3405 4433 resurrexit
3425 4395 3458 4433 a
3488 4378 3761 4439 mortuis.

334 4446 732 4520 resuscitante
764 4444 959 4520 ipsum
977 4450 1160 4520 Patre
1191 4448 1418 4520 ipsius:
1478 4449 1578 4519 qui
1639 4454 1699 4502 et
1754 4445 2082 4520 secundum
2140 4444 2597 4520 similitudinem
2626 4444 2745 4501 nos
2777 4448 3091 4503 credentes
3125 4448 3235 4520 ipsi
3270 4449 3354 4504 sic
3386 4448 3767 4504 resuscitabit

334 4518 514 4572 Pater
544 4516 730 4589 ipsius
760 4515 822 4573 in
852 4518 1084 4575 Christo
1113 4515 1272 4585 Iesu,
1306 4519 1434 4574 sine
1467 4515 1584 4591 quo
1614 4534 1820 4575 verum
1852 4517 2043 4572 vivere
2070 4532 2191 4571 non
2224 4515 2532 4571 habemus.

1873 4615 2101 4671 CAPUT
2152 4614 2221 4669 X.

414 4713 474 4768 Si
504 4718 726 4784 autem,
758 4715 1260 4797 quemadmodum
1291 4716 1532 4797 quidam
1576 4717 1706 4772 sine
1759 4715 1878 4797 Deo
1911 4712 2267 4797 easistentes
2296 4711 2575 4797 (hoc‘est,
2607 4713 3170 4797 infidelesLdicun‘t,
3204 4713 3533 4797 secundum
3564 4713 3756 4770 videri

384 4801 587 4841 assum
620 4802 749 4842 esse
777 4783 975 4859 ipsum
1002 4803 1015 4854 ;
1046 4787 1161 4870 ipsi
1192 4783 1544 4861 exsi‘stentes
1567 4786 1896 4844 secundum
1926 4783 2134 4850 videri,
2166 4799 2273 4855 ego
2305 4783 2448 4854 quid
2479 4784 2710 4867 vinctus
2756 4802 2889 4842 sum
2913 4788 2941 4840 ?
2996 4785 3140 4856 quid
3177 4791 3373 4840 autem
3404 4790 3463 4841 et
3490 4801 3593 4842 oro
3623 4800 3761 4841 cum

338 4802 554 4911 gestiis
584 4873 846 4911 pugnare
867 4858 895 4911 Ἰ
920 4860 1112 4911 Gratis
1143 4860 1323 4911 initur
1351 4860 1577 4911 morior
1601 4876 1615 4911 :
1649 4875 1786 4911 eruo
1816 4873 1937 4911 non
1965 4853 2378 4911 reprehendar
2405 4854 2709 4911 mendacu
2740 4873 2775 4911 a
2798 4857 3072 4911 Domino.

314 4853 554 4913 bestiis
584 4853 846 4930 pugnare
867 4858 895 4913 ‘l
920 4853 1112 4915 Gratis
1143 4860 1323 4932 igitur
1351 4860 1577 4915 morior
1601 4876 1615 4915 :
1649 4875 1786 4931 ergo
1816 4873 1937 4913 non
1965 4853 2378 4927 reprehendar
2405 4854 2709 4911 mendacii
2740 4873 2775 4912 a
2798 4853 3072 4912 Domino.

415 4953 442 4989 ⁶
480 4955 616 5013 Isai.
651 4973 745 5025 LII,
779 4959 832 5014 5.

415 5081 493 5152 (5)
523 5082 611 5137 Ita
636 5099 751 5138 ms.
810 5083 957 5139 Male
1011 5084 1333 5140 Smithius:
1399 5086 1627 5157 Πραεῖαν
1683 5079 1990 5143 εὐπάθειαν.
2027 5078 2074 5145 D

341 5155 470 5209 1Αο.

2178 5079 2292 5149 (12)
2339 5079 2427 5134 Ita
2470 5078 2787 5150 legendum
2837 5096 2968 5135 esse
3015 5084 3221 5137 monet
3268 5081 3573 5145 Smithius,
3604 5081 3753 5136 duce

2108 5150 2669 5225 veteripinterprete.
2704 5150 2972 5225 Μεηριατά
2995 5152 3058 5206 τὸ
3091 5151 3376 5225 ὁμοίωμα,
3403 5150 3462 5214 ες
3490 5151 3577 5206 καί
3611 5152 3760 5224 ἡμᾶς

420 5225 497 5294 (6)
528 5225 631 5280 Ms.
682 5223 761 5288 ὅς.
813 5226 1121 5283 Salvianus
1169 5227 1413 5295 conjicit
1439 5225 1492 5295 ἢ.
1531 5225 1790 5291 Vossius,
1826 5224 1988 5295 Cotej

2109 5220 2237 5295 τοὺς
2264 5219 2626 5295 πιστεύοντες,
2658 5241 2712 5279 κ.
2743 5241 2793 5277 τ.
2829 5219 2883 5278 λ.

344 5292 537 5351 Ierius
567 5303 627 5351 et
653 5296 795 5352 alii:
830 5296 879 5352 ὅ.
926 5299 1041 5354 Cl‘r.
1094 5297 1165 5353 de
1208 5292 1324 5354 fide
1370 5303 1430 5354 et
1464 5292 1760 5354 'charitate
1802 5311 1894 5366 ep.
1927 5292 2002 5348 ad

346 5367 601 5441 Ephesﬂ
624 5384 676 5424 c.
712 5370 816 5435 14;
848 5368 921 5425 ad
953 5370 1212 5441 Smyrn,
1245 5386 1297 5425 e.
1332 5371 1386 5424 6.

426 5440 504 5509 (7)
534 5438 649 5494 Cir.
684 5441 890 5497 Matth.
929 5459 982 5503 v.
1008 5438 1095 5495 23.

340 5510 354 5517 ”
425 5510 499 5581 (8)
526 5512 588 5565 Τι
619 5511 821 5566 addidi
848 5528 919 5567 ex
948 5511 1157 5569 Parall.
1192 5514 1442 5568 Damasc.
1478 5512 1665 5581 Rupef

428 5584 508 5652 (9)
543 5584 673 5637 Hmc
705 5583 909 5638 laudat
934 5583 1283 5639 Theodoret.
1317 5583 1463 5639 Dial.
1498 5584 1541 5651 Ι,
1578 5599 1634 5654 p.
1668 5584 1755 5637 51.

454 5654 540 5723 10)
564 5655 681 5726 Οἴιῇ.
714 5657 818 5726 Ep.
847 5654 1208 5726 adSmyrn.,
1231 5671 1282 5709 c.
1316 5658 1366 5708 1.

455 5726 544 5797 11)
574 5724 676 5781 Καὶ
715 5724 906 5783 exstat
932 5725 996 5781 in
1026 5724 1171 5783 mto.
1200 5726 1317 5781 hc.

687 5843 950 5904 ΡΑτιοι..
996 5844 1111 5903 Gn.
1158 5842 1234 5905 ν.

2187 5294 2297 5364 (131
2325 5293 2440 5349 Cfr.
2474 5295 2499 5347 Ι
2528 5294 2659 5351 Cor.
2691 5311 2783 5360 xv,
2817 5296 2905 5349 119.

2181 5366 2292 5431 (14)
2326 5365 2442 5420 Cfr.
2474 5365 2640 5420 Joan.
2676 5381 2759 5429 ιιι,
2788 5364 2892 5431 36;
2923 5382 2976 5433 v,
3007 5368 3112 5431 40;
3142 5382 3251 5433 xxv,
3284 5368 3358 5433 6;
3403 5383 3498 5431 xx,
3532 5367 3619 5422 13.

2184 5435 2292 5508 (15)
2326 5435 2543 5490 Sensus
2568 5440 2805 5508 7:7Nonne
2853 5451 2950 5506 ego
2994 5437 3142 5504 falsa
3187 5437 3253 5491 de
3295 5439 3520 5493 Domino
3553 5439 3765 5508 loquor,

2114 5508 2161 5580 si
2190 5504 2300 5580 illi,
2324 5522 2517 5580 fueram
2547 5507 2747 5562 Christi
2780 5504 3010 5580 mortem
3053 5514 3338 5577 negantes,
3372 5526 3501 5565 vera
3531 5504 3772 5580 loquun-

2118 5576 2206 5651 l_u_r
2226 5578 2254 5631 ?
2282 5579 2428 5631 Mors
2457 5592 2575 5631 mea
2598 5580 2727 5651 ipsa
2762 5580 2921 5650 falsae
2970 5576 3243 5645 destrinaz
3298 5586 3373 5636 est
3418 5576 3768 5651 praedicatio.

2119 5647 2175 5723 Si
2208 5663 2343 5723 vero
2402 5653 2536 5719 post
2582 5647 2695 5723 ﬁpa
2734 5647 2924 5723 Aeolon
2984 5666 3192 5723 ponas.
3238 5647 3586 5709 vertendum
3618 5651 3769 5707 erit:

2120 5720 2393 5788 Profecto,
2426 5734 2538 5774 non
2561 5719 2707 5786 falsa
2729 5719 2926 5791 loquor
2953 5719 3019 5777 de
3053 5724 3306 5779 Domino.

3372 5844 3450 5903 22
