2015 3106
196 174 257 205 633
673 169 818 201 SANCTI
842 169 988 200 IGNATII
1012 171 1213 202 EPISTOL/E
1233 173 1429 205 GENUINIE.
1820 181 1870 212 684

678 237 725 263 XI.
746 236 845 270 Fugite
865 237 1021 271 mortiferas
1045 238 1206 267 Docetarum
1225 240 1422 275 plantationes.

233 290 335 326 Fugite
347 296 414 324 ergo
429 286 522 314 malas
532 285 721 322 propagines,
734 294 799 321 quae
807 285 932 322 gignunt
943 294 1023 313 mor-

1115 288 1232 325 Φεύγετε
1247 289 1294 316 οὗν
1317 290 1365 321 τὰς
1389 290 1472 321 κακὰς
1502 290 1686 330 παραφυάδας,
1700 293 1744 324 τὰς
1757 295 1873 331 γεννώσας

197 334 318 362 tiferum
329 333 468 364 fructum,
480 338 569 366 quem
585 330 609 357 si
623 330 689 365 quis
700 330 836 367 gustarit,
848 330 947 358 statim
958 338 1023 358 mo-

195 378 280 405 ritur.
297 376 347 403 Isti
364 375 444 402 enim
459 382 518 402 non
530 377 600 402 sunt
614 374 758 410 plantatio
774 375 879 402 Patris.
898 374 926 402 Si
942 374 1022 402 enim

195 422 488 455 essent,apparerent
501 419 604 454 utique
620 419 696 446 rami
708 419 814 454 crucis,
825 422 855 447 et
870 422 948 446 esset
962 419 1023 447 uti-

195 472 252 500 que
268 464 382 492 fructus
397 463 518 492 illorum
543 463 772 499 incoruptibilis.
789 464 845 491 Per
865 464 943 491 hanc
956 472 1022 492 cru-

195 517 260 537 cem
275 509 408 536 Christus
424 509 455 536 in
471 509 608 544 passione
620 516 673 536 sua
687 508 791 536 invitat
806 516 866 541 vos,
884 509 933 543 qui
950 508 1021 536 estis

194 553 331 581 membra
354 554 429 589 ejus.
457 554 520 580 Non
546 555 643 589 potest
666 552 757 588 igitur
783 555 871 588 caput
886 560 1021 580 seorsum

196 599 278 625 nasci
302 598 366 625 sine
394 597 546 631 membris,
576 597 719 625 unionem
744 597 934 633 promittente
950 597 1021 630 Deo,

198 643 249 677 qui
264 645 309 670 est
324 642 398 678 ipse.

1076 334 1178 370 καρπὸν
1194 334 1390 372 θανατηθόρον,
1408 334 1439 362 οὗ
1468 334 1512 362 ἐὰν
1527 336 1656 373 γεύσηται
1671 347 1720 372 τις,
1743 339 1800 375 παρ’
1818 339 1874 367 ma

1076 378 1249 414 ἀποθνήσκει.
1267 377 1346 406 Οὗτοι
1363 380 1416 417 γὰρ
1440 379 1490 407 οὐκ
1518 379 1584 407 εἰσὶν
1601 382 1657 418 (16)
1672 381 1762 421 φυτεία
1775 384 1873 421 Πατρός.

1077 423 1108 451 Εἰ
1131 423 1183 461 γὰρ
1206 424 1286 458 ἦσαν,
1311 423 1449 461 ἐφαίνοντο
1477 424 1506 452 ἃν
1536 423 1633 453 κλὰόοι
1648 428 1695 453 τοῦ
1710 428 1822 465 σταυροῦ,
1836 428 1875 455 καὶ

1075 468 1108 502 ἦν
1137 468 1166 495 ἂν
1181 469 1195 495 ὁ
1210 468 1314 506 καρπὸς
1342 468 1430 497 αὐτῶν
1464 468 1610 508 ἄφθαρτος·
1628 469 1662 497 δι’
1677 471 1706 498 οὗ
1721 471 1745 498 ἐν
1760 473 1795 507 τῷ
1807 472 1876 504 πάθει

1075 513 1157 540 αὐτοῦ
1185 513 1382 550 προσκαλεῖται
1411 514 1492 551 ὑμᾶς,
1522 514 1601 546 ὄντας
1637 514 1705 552 μέλη
1739 516 1819 544 αὐτοῦ.
1842 517 1875 545 Οὐ

1076 557 1184 586 δύναται
1200 557 1246 585 οὖν
1273 557 1379 598 κεφαλὴ
1410 559 1498 596 χωρὶς
1526 562 1687 597 γεννηθῆναι
1715 560 1772 588 ἄνευ
1787 560 1876 598 μελῶν,

1076 605 1125 630 τοῦ
1140 605 1207 630 Θεοῦ
1226 602 1320 630 ἓνωσιν
1345 602 1582 641 ἐπαγγελλομένου
1598 606 1664 642 (17),
1680 604 1708 636 ὃς
1723 605 1788 633 tam
1800 605 1878 636 αὐτός.

772 691 832 720 XII.
852 693 960 719 Manete
976 692 1005 719 in
1023 690 1131 719 unitate
1146 693 1172 718 et
1188 689 1337 717 charitate.

234 753 332 782 Saluto
349 762 398 781 vos
420 762 436 782 e
462 755 596 790 Smyrna,
627 762 687 781 una
714 761 782 781 cum
809 753 946 781 Ecclesiis
962 753 1024 788 Dei,

198 807 263 834 quae
279 806 396 826 mecum
407 802 486 832 sunt,
503 807 568 834 quin
584 799 614 826 in
634 798 772 826 omnibus
787 806 833 825 me
855 800 1026 826 recrearunt

198 843 297 879 quoad
326 851 433 879 corpus
461 846 491 871 et
523 843 671 879 spiritum.
708 842 831 871 Vincula
859 851 936 877 mea,
958 851 1024 878 quin

198 890 320 923 propter
332 887 433 915 Iesum
449 887 596 915 Christum
612 888 684 921 fero,
699 895 748 915 vos
764 887 937 915 obsecrant:
955 895 1024 923 per-

1113 753 1284 788 ⁹Ασπάζομαι
1301 751 1371 788 ὑμᾶς
1384 751 1436 779 ἃπὸ
1453 752 1651 789 Σμύρνης,ἇμα
1665 756 1723 784 ταῖς
1742 754 1882 789 συμπαροῦ-

1078 807 1136 827 σαις
1149 798 1207 833 (18)
1219 806 1266 833 μοι
1282 795 1458 831 Ἑκκλησίειις
1474 799 1522 824 τοῦ
1537 799 1615 831 Θεοῦ,
1626 798 1683 835 (19)
1695 797 1720 825 οῚ
1734 798 1797 826 κατᾶ
1811 797 1885 825 πάντα

1079 852 1113 878 με
1141 840 1290 868 ἀνέπαυσαν
1320 840 1398 878 σαρκί
1427 851 1456 868 τε
1487 841 1531 868 καὶ
1573 842 1720 879 πνεύματι.
1748 841 1886 880 Παρακαλεῖ

1079 886 1148 921 ὑμᾶς
1174 885 1206 912 τὰ
1235 883 1321 921 δετγμά
1352 895 1405 921 μου
1435 886 1492 921 (20)
1519 884 1536 912 ἃ
1563 884 1653 913 ἕνεκεν
1682 887 1767 921 Ἰησοῦ
1782 888 1885 924 Χριστοῦ

200 934 318 960 manete
347 932 378 959 in
398 932 556 960 concordia
583 935 680 960 vestra
708 934 739 959 et
761 932 894 959 oratione
910 934 1023 959 mutua.

1080 930 1227 968 περιφέρω,
1252 928 1413 966 αἰτούμενος
1441 931 1508 957 Θεοῦ
1534 930 1686 968 ἐπιτυχεῖν·
1716 929 1844 967 διαμένετι
1862 930 1884 957 ἐν

200 977 289 1004 Decet
304 976 383 1004 enim
399 976 532 1012 singulos
546 979 686 1011 vestrum,
699 978 728 1003 et
742 976 891 1012 praecipue
906 975 1024 1011 presby-

201 1023 289 1054 teros,
302 1029 437 1049 recreare
453 1021 636 1057 episcopum,
646 1020 676 1048 in
692 1020 836 1048 honorem
848 1020 1025 1054 Patris,Jesu

204 1064 311 1092 Christi
327 1067 357 1093 et
371 1065 583 1101 apostolorum.
609 1065 694 1101 Opto,
719 1067 753 1092 ut
768 1065 797 1092 in
820 1064 963 1092 charitate
979 1072 1026 1091 me

203 1109 340 1144 audiatis,
356 1118 405 1144 ne,
422 1110 485 1138 haec
501 1110 643 1143 scribens,
654 1110 684 1137 in
701 1109 906 1137 testimonium
923 1111 1027 1137 contra

203 1162 254 1181 vos
270 1154 337 1182 sim.
354 1155 410 1182 Sed
438 1157 468 1183 et
491 1157 572 1183 orate
587 1163 639 1190 pro
655 1163 713 1188 me,
730 1154 781 1190 qui
796 1154 827 1181 in
842 1154 893 1181 Dei
910 1154 1025 1181 miseri-

199 1197 301 1226 cordia
328 1199 471 1227 charitate
501 1202 597 1227 vestra
625 1199 753 1235 indigeo,
776 1202 808 1226 ut
833 1198 941 1234 dignus
956 1199 1026 1226 (Iam

200 1246 289 1275 sorte,
305 1251 371 1279 qua:
391 1252 438 1271 me
454 1246 549 1272 morte
571 1244 827 1280 appropinquante
842 1243 1025 1276 circumstat,

199 1296 236 1315 ne
249 1287 394 1324 reprobus
409 1288 552 1317 inveniar.

1079 976 1113 1011 τῇ
1138 974 1254 1010 ὁμονοίᾳ
1278 974 1355 1010 ὑμῶν
1379 974 1423 1001 καὶ
1445 976 1479 1010 τῇ
1510 975 1568 1011 μετ’
1591 974 1725 1010 ἀλλήλων
1747 976 1886 1014 προσευγῇ.

1081 1020 1245 1055 [Ιρὲπειγὰρ
1271 1019 1335 1055 ὑμῖν
1359 1021 1417 1049 τοῖς
1447 1019 1506 1051 καθ’
1531 1018 1587 1055 ἵνα,
1617 1021 1674 1056 (21)
1702 1019 1836 1057 ἐξαιρέτως
1848 1019 1887 1046 καὶ

1080 1065 1137 1093 τοῖς
1152 1060 1354 1100 πρεσϐυτέροις,
1371 1063 1520 1102 ἀναψύχειν
1545 1064 1591 1091 τὸν
1608 1063 1753 1092 ἐπισκοπον
1768 1065 1804 1096 εἱς
1813 1064 1887 1100 τιμὴν

1081 1108 1197 1145 Πατρὸς,
1213 1109 1305 1143 Ἰησοῦ
1325 1108 1445 1145 Χριστοῦ
1467 1108 1513 1135 καὶ
1541 1110 1593 1135 τῶν
1623 1108 1792 1137 ἀποστόλων.
1807 1108 1890 1145 Εὕχο-

1083 1163 1131 1189 μαι
1147 1153 1217 1189 ὑμᾶς
1234 1152 1259 1180 ἐν
1276 1153 1368 1189 ἀγάπῃ
1385 1153 1496 1180 ἀκοῦσαί
1514 1164 1576 1190 μου,
1591 1153 1638 1182 ἵνα
1654 1155 1691 1191 μὴ
1709 1153 1746 1185 εἷς
1762 1155 1814 1190 (22)
1830 1163 1890 1190 μαρ-

1080 1198 1172 1234 τύριον
1198 1196 1220 1224 ὧ
1243 1196 1269 1224 ἐν
1297 1197 1360 1232 ὑμῖν
1385 1198 1500 1235 γράψας.
1527 1197 1579 1226 Καὶ
1602 1199 1666 1236 περί
1691 1198 1757 1235 ἐμοῦ
1777 1197 1802 1225 δὲ
1816 1207 1889 1235 προσ-

1081 1242 1204 1279 εύχεσθε,
1233 1245 1283 1276 τῆς
1311 1241 1356 1280 ἀφ’
1385 1242 1461 1278 ὑμῶν
1492 1243 1600 1280 ἀγάπης
1629 1243 1780 1281 χρῄζοντος
1808 1243 1832 1270 ἐν
1856 1244 1890 1278 τῷ

1081 1285 1151 1313 ἐλέει
1174 1287 1223 1313 τοῦ
1246 1287 1324 1322 Θεοῦ,
1350 1286 1387 1316 εἷς
1402 1286 1433 1313 τὸ
1456 1287 1659 1321 καταξιωθῆναι
1677 1298 1710 1324 με
1724 1289 1771 1315 τοῦ
1784 1286 1889 1324 κλήρου,

1081 1330 1112 1357 οὗ
1132 1331 1186 1367 (23)
1216 1331 1373 1368 περίκειμαι
1400 1330 1548 1369 ἐπιτυχεῖν,
1575 1330 1619 1359 ’ἕνα
1650 1333 1690 1369 μή
1716 1330 1840 1369 ἀδόκιμος
1854 1331 1890 1358 εὖ·

1081 1376 1162 1411 ρεθῶ.

710 1440 788 1468 XIII.
812 1440 915 1473 Valete,
932 1442 1009 1467 orate
1017 1446 1072 1474 pro
1087 1439 1209 1467 Ecclesia
1223 1439 1323 1474 Syriae,
1342 1442 1397 1468 etc.

239 1497 353 1526 Salutat
371 1506 421 1525 vos
446 1497 574 1525 charitas
599 1498 818 1534 Smyrnmorum
834 1500 863 1525 et
882 1497 1024 1533 Ephesio-

1118 1497 1277 1531 Ἀσπάζεται
1308 1496 1379 1533 ὑμᾶς
1406 1497 1424 1531 ἡ
1453 1496 1546 1534 ἀγάπη
1573 1497 1738 1535 Σμυρναίων
1762 1497 1805 1525 καὶ
1824 1496 1894 1534 Ἐφμ

202 1542 428 1569 rum.Memores
439 1544 532 1569 estote
543 1542 574 1569 in
584 1541 722 1569 omnibus
732 1542 917 1569 orationibus
926 1541 1024 1569 vestris

1084 1541 1160 1570 σίων.
1177 1540 1365 1577 Μνημονεύετε
1390 1540 1416 1568 ἐν
1446 1543 1505 1572 ταῖς
1535 1544 1705 1581 προσευχαῖς
1722 1542 1795 1579 ὑμῶν
1810 1544 1856 1575 τῆς
1871 1539 1893 1567 ὲν

202 1586 341 1613 Ecclesia:
362 1594 427 1622 quae
452 1589 497 1614 est
521 1586 551 1614 in
576 1587 677 1622 Syria;
701 1586 737 1614 de
758 1595 817 1622 qua
834 1590 862 1614 et
884 1595 945 1615 non
962 1595 1024 1614 sum

1084 1585 1168 1623 Συρίᾳ
1181 1584 1355 1621 Ἐκκλησίας·
1372 1585 1431 1617 ὅθεν
1457 1586 1502 1613 καὶ
1527 1586 1578 1613 οὐκ
1605 1585 1683 1623 ἄξιός
1700 1586 1757 1623 εἶμι
1773 1585 1895 1624 λέγεσθαι,

202 1630 308 1666 dignus
328 1630 378 1666 qui
400 1631 546 1667 dicar,qui
570 1631 626 1659 sim
653 1640 756 1659 eorum
775 1631 909 1660 ultimus.
927 1631 1024 1659 Valete

1082 1630 1119 1657 ὢν
1145 1628 1261 1668 ἔσχατος
1288 1629 1408 1659 ἐκείνων.
1435 1630 1575 1667 Ἐῥρωσθε
1603 1630 1628 1658 ἐν
1669 1633 1761 1667 Ἰησοῦ
1788 1630 1894 1668 Χριστῷ,

931 1708 1014 1736 Vetus
1039 1709 1184 1743 interpres.

964 1766 1078 1794 CAPUT
1097 1766 1144 1793 XI.

239 1830 339 1867 Fugite
356 1838 424 1867 ergo
440 1830 533 1858 malas
549 1830 735 1867 propagines.
751 1832 928 1867 generantes
943 1829 1072 1857 fructum
1088 1829 1292 1867 mortiferum;
1309 1837 1398 1864 quem
1410 1829 1542 1867 sigustet
1558 1829 1636 1865 quis,
1651 1830 1752 1858 statim
1769 1829 1893 1867 moritur.

203 1866 254 1894 Isti
269 1865 349 1894 enim
365 1865 426 1894 non
441 1869 511 1894 sunt
522 1865 665 1902 plantatio
676 1865 781 1894 Patris.
794 1866 822 1893 Si
834 1866 914 1902 enim
926 1868 1036 1899 essent,
1047 1868 1225 1902 apparerent
1235 1865 1337 1900 utique
1349 1865 1424 1902 rami
1436 1865 1574 1899 crucis,et
1588 1869 1669 1902 esset
1679 1866 1782 1902 utique
1793 1866 1893 1892 fructus

204 1902 325 1930 illorum
341 1901 594 1938 incorruptib’ilis:
610 1910 664 1938 per
676 1910 775 1937 quem,
791 1902 822 1929 in
837 1901 974 1937 passione
988 1901 1092 1937 ipsius,
1111 1901 1231 1938 advocat
1245 1909 1305 1934 vos,
1319 1901 1494 1938 exsistantes
1509 1901 1645 1929 membra
1661 1901 1764 1938 ipsius.
1781 1901 1840 1928 Non
1854 1907 1895 1935 po-

204 1940 262 1965 test
276 1938 367 1973 igitnr
381 1936 471 1974 caput
483 1938 565 1966 nasci
577 1936 641 1966 sine
656 1936 818 1971 membris;
833 1936 891 1965 Deo
906 1936 1048 1965 unionem
1063 1937 1298 1973 repromittente,
1318 1936 1398 1971 quod
1410 1940 1455 1964 est
1470 1936 1543 1972 ipse.

956 1995 1071 2023 CAPUT
1091 1995 1151 2022 XII.

241 2058 340 2086 Saluto
356 2066 407 2086 vos
422 2067 439 2086 a
454 2059 589 2094 Smyrna,
606 2067 672 2086 cum
688 2058 952 2094 compraasentibus
967 2057 1040 2085 mihi
1060 2058 1200 2085 Ecclesiis
1225 2058 1274 2085 Dei
1290 2066 1295 2084 :
1322 2058 1372 2093 qui
1394 2057 1557 2094 secundum
1575 2058 1677 2086 omnia
1694 2067 1741 2086 me
1757 2059 1897 2094 quiescere

202 2093 340 2130 fecerunt
354 2101 442 2130 carne
459 2097 488 2122 et
503 2091 618 2130 spiritu.
637 2091 837 2130 Deprecamur
862 2103 912 2122 vos
936 2093 1054 2130 vincula
1079 2102 1157 2130 mea,
1183 2102 1248 2130 qua}
1272 2091 1408 2130 pro-Iesu
1423 2093 1538 2121 Christo
1553 2094 1628 2126 fero,
1645 2098 1751 2130 petens
1766 2091 1822 2121 Deo
1837 2091 1897 2130 frui.

203 2129 378 2166 Permanete
395 2129 424 2157 in
440 2129 598 2157 concbrdia
612 2129 718 2164 vestra,
734 2133 763 2157 et
778 2138 812 2157 ea
827 2138 891 2165 quas
908 2138 975 2157 cum
991 2129 1155 2166 adinvicem
1170 2129 1316 2166 oratione.
1338 2129 1427 2166 Decet
1442 2129 1520 2156 enim
1528 2137 1583 2166 vos
1599 2129 1747 2166 singulos,
1763 2129 1898 2166 praecipue

203 2167 234 2202 et
247 2165 445 2202 presbyteros,
462 2166 636 2202 refrigerare
653 2164 877 2202 episcopumﬁn
889 2166 1039 2202 honorem
1049 2165 1233 2202 Patris,)esu
1249 2165 1368 2202 Christi,
1382 2168 1410 2192 et
1423 2164 1637 2200 apostolorum.
1652 2164 1713 2193 Uro
1729 2164 1778 2193 vos
1794 2166 1822 2192 in
1835 2165 1896 2202 cha-

203 2199 291 2237 ritate
307 2199 409 2237 audire
426 2209 483 2234 me,
499 2199 600 2229 ulhon
616 2201 645 2228 in
660 2199 863 2229 testimonium
879 2201 934 2237 sim
949 2201 980 2228 in
998 2200 1083 2237 vobis
1101 2200 1245 2237 scribens.
1269 2200 1326 2237 Sed
1352 2203 1381 2227 et
1404 2199 1456 2236 pro
1473 2209 1520 2228 me
1535 2204 1618 2237 orate
1634 2209 1681 2237 ea,
1699 2210 1765 2237 qua:
1781 2209 1797 2229 θ,
1812 2199 1896 2233 vobis,

203 2236 346 2299 gharitate
361 2236 511 2277 indigente
528 2237 558 2264 in
575 2237 780 2265 misericordia
793 2236 854 2271 Dei,
869 2236 905 2264 ad
921 2236 1085 2272 digniﬁcari
1101 2235 1155 2271 [in]
1180 2236 1363 2270 hmreditate,
1381 2235 1439 2271 qua
1453 2244 1544 2264 conor
1558 2236 1661 2272 potiri,
1674 2235 1717 2265 ut
1729 2246 1789 2265 non
1805 2242 1898 2271 repro-

224 2280 259 2299 us
275 2280 420 2299 inveniar.

224 2280 259 2299 IIS
275 2280 420 2300 inveniar.

950 2316 1064 2344 CAPUT
1084 2316 1154 2343 XIII.

241 2379 354 2415 salutat
367 2387 417 2406 vos
433 2379 561 2410 Charitas
575 2379 795 2415 Smyrnaaorum
812 2382 840 2407 et
856 2379 1043 2415 Ephsiorum.
1059 2379 1236 2415 Mementote
1251 2378 1281 2405 in
1297 2378 1481 2415 orationibus
1496 2379 1600 2406 vestris
1616 2379 1683 2415 ejus
1698 2387 1764 2415 quae
1780 2379 1809 2406 in
1824 2375 1901 2415 Syria

204 2414 361 2451 Ecclesiae;
379 2415 458 2442 unde
474 2423 533 2451 non
550 2413 655 2451 dignus
671 2423 736 2443 sum
753 2415 822 2446 dici.
839 2413 984 2442 exsistens
997 2416 1151 2451 extremus
1163 2413 1411 2451 illorumiyralete
1425 2414 1456 2451 in
1471 2415 1539 2441 Jesu
1549 2413 1679 2449 Christo,
1690 2413 1814 2451 subjecti
1824 2413 1902 2451 epis-

204 2452 324 2484 copo,ut
333 2450 384 2477 Dei
394 2450 545 2485 mandato,
558 2449 695 2478 similiter
705 2454 735 2478 et
743 2451 975 2486 presbyterio.Et
986 2450 1093 2486 singuli
1104 2449 1270 2477 adinvicem
1281 2449 1393 2484 diligite
1406 2450 1435 2477 in
1447 2450 1620 2486 impartibili
1631 2449 1897 2478 corde.Castiﬂcate

238 2533 296 2605 (te)
311 2533 368 2561 Cfr.
386 2535 486 2563 Matth.
502 2543 550 2568 xv,
567 2536 609 2562 13.
1043 2535 1067 2567 D
1082 2534 1240 2570 interpres,
1256 2534 1315 2568 qui.

252 2570 295 2605 17)
312 2570 355 2597 Ita
370 2578 439 2605 ms.,
450 2570 655 2598 testimonium
668 2569 809 2598 doctrinae
823 2569 859 2598 de
875 2569 1027 2597 divinitate
1118 2571 1172 2604 (20)
1190 2570 1247 2597 Cfr.
1265 2569 1315 2605 Epl

252 2570 295 2605 17)
312 2570 355 2597 Ita
370 2578 439 2605 ms.,
450 2570 655 2598 testimonium
668 2569 809 2598 doctrinae
823 2569 859 2598 de
875 2569 1027 2597 divinitate
1118 2569 1172 2604 (20)
1190 2570 1247 2597 Cfr.
1265 2571 1285 2597 E
1307 2569 1370 2598 hes.
1387 2578 1425 2603 vi,
1441 2570 1494 2603 20;
1511 2569 1622 2598 Coloss.
1637 2579 1674 2605 IV,
1691 2571 1718 2598 3.

252 2605 309 2633 risti
325 2606 478 2633 exhibens.
502 2606 562 2633 Vet.
592 2606 749 2633 interpres.
779 2606 871 2633 auod:
901 2605 952 2633 sed
967 2614 1027 2633 non
1117 2606 1171 2633 (2H
1189 2579 1354 2633 Leuengum
1370 2605 1487 2633 videtur
1505 2605 1549 2632 καὶ
1572 2605 1716 2633 ἐξοιοὲτως

202 2605 309 2633 Christi
325 2606 478 2643 exhibens.
502 2606 562 2643 Vet.
592 2606 761 2643 interpres,_
779 2606 871 2643 quod;
901 2605 1027 2643 sednon
1117 2606 1171 2643 (ἓξ)
1189 2605 1487 2643 Degendumvidetur
1505 2605 1549 2632 καὶ
1572 2605 1728 2643 ἐξοιρὲτως.
1744 2606 1803 2633 JAc.

202 2643 256 2672 est,
273 2641 352 2677 quod
369 2650 436 2669 cum
454 2642 555 2670 Vossio
582 2645 732 2670 mutemus
746 2641 771 2677 8,
788 2641 834 2669 vel
849 2649 916 2669 cum
932 2641 1028 2669 Aldri-
1118 2641 1172 2677 (22)
1188 2641 1245 2668 Cfr.
1263 2641 1313 2677 Ep.
1330 2641 1367 2668 ad
1383 2641 1512 2675 Philad.,
1529 2650 1553 2669 c.
1578 2643 1603 2669 6.

203 2677 268 2703 chio
283 2673 314 2711 ἦ.
765 2673 770 2677 ’
1117 2673 1174 2712 (23)
1190 2677 1233 2704 Ita
1249 2673 1304 2704 ms.
1329 2677 1471 2704 Nonnulli
1497 2673 1661 2706 mutarunt.
1689 2677 1826 2706 Vedelius
1839 2673 1902 2712 legit

238 2712 292 2747 (18)
308 2714 350 2740 Ita
367 2716 446 2740 recte
472 2713 529 2740 hab
536 2715 586 2741 ent
610 2713 807 2750 interpolator
822 2715 850 2741 et
864 2716 921 2742 vet.
936 2713 1028 2741 inter-
1082 2711 1260 2749 παράκειμαι,
1277 2713 1296 2740 i.
1312 2720 1337 2739 e.
1350 2714 1530 2753 propinquus
1540 2729 1574 2734 —
1585 2722 1645 2741 sum
1656 2722 1741 2749 quam
1753 2711 1901 2752 propediem

240 2755 279 2773 es.
299 2749 361 2774 Μς..
380 2759 445 2774 μου.
1083 2756 1233 2774 consequar
1253 2757 1260 2774 :
1297 2748 1449 2774 Smithius.
1482 2748 1643 2774 ὑπόκιιιιαι.
1690 2749 1737 2774 cui
1775 2749 1901 2774 submceo.

203 2753 279 2778 pres.
299 2753 361 2782 Ms.,
380 2759 445 2783 μου.
1083 2756 1233 2783 consequar
1253 2757 1260 2782 ;

240 2782 296 2819 (t9)
309 2784 411 2821 Melius
424 2783 462 2817 α’ί,
480 2785 530 2821 sed
560 2793 621 2813 non
636 2787 682 2813 est
695 2785 882 2814 mutandum.
898 2784 1029 2821 Ignatius
1082 2784 1143 2811 Jac.

205 2818 285 2843 enim
301 2818 337 2844 ad
352 2821 444 2846 misso:
460 2820 659 2849 Ecclesiarum
669 2821 790 2850 illarum
801 2818 1029 2849 advertitNetus

1297 2747 1449 2782 Smithius,
1462 2747 1643 2786 proxumi,
1659 2747 1670 2749 “
1690 2749 1737 2777 cui
1753 2747 1764 2749 ⁷
1775 2747 1901 2782 subjaceo,
