4030 6212
253 325 370 386 699

1192 325 1476 386 SANCTI
1522 326 1823 386 IGNATII
1868 323 2276 389 EPISTOLIE
2315 328 2720 391 GENUIN/E.

3543 329 3662 394 τα)

1598 460 1691 514 ΙΙΙ.
1725 463 1920 531 Fugite
1947 462 2338 519 schismaticos.

330 560 635 616 Abstinete
672 561 742 614 ab
776 559 974 612 herbis
1005 557 1218 625 noxiis,
1251 575 1400 630 quas
1428 560 1596 614 Jesus
1637 559 1904 614 Christus
1935 603 1946 628 Α

2091 558 2386 634 Ἀπέχεσθε
2423 564 2530 615 τῶν
2587 562 2699 632 (11)
2759 565 2936 615 κακῶν
3001 563 3273 635 βοτανῶν,
3332 560 3553 624 ἅστινας
3608 561 3668 618 οὗ

263 666 382 704 non
410 649 566 715 colit,
599 648 736 718 quia
762 663 881 702 non
901 647 1337 718 suutplantatio
1361 649 1567 703 Patris.
1603 651 1727 704 Non
1751 649 1910 720 quod

266 737 421 808 apud
452 753 549 790 vos
589 735 938 790 divisionem
999 736 1348 802 invenerim,
1407 736 1511 791 sed
1567 738 1907 808 puritatem.

265 824 1064 894 QuotquotenimDeietJesu
1083 825 1299 880 Christi
1334 832 1493 892 sunt,
1520 826 1578 881 hi
1610 833 1750 881 sunt
1779 844 1912 882 cum

266 913 569 986 episcopo;
595 920 652 968 et
674 920 967 986 quotquot
987 915 1336 986 pmnitentia
1357 915 1516 971 ducti
1540 916 1826 972 redierint
1838 918 1911 973 ad

265 1003 557 1058 unitatem
589 1003 888 1071 Ecclesia),
920 1011 978 1059 et
1008 1005 1069 1060 hi
1101 1005 1200 1060 Dei
1234 1011 1430 1073 erunt,
1464 1011 1529 1060 ut
1586 1006 1913 1062 secundum

261 1091 460 1147 Jesum
481 1091 780 1147 Christum
831 1093 1132 1148 vivant.Ne
1179 1094 1408 1160 erretis,
1440 1092 1652 1148 fratres
1683 1094 1820 1148 mei.
1855 1094 1909 1148 Si

262 1181 394 1251 quis
421 1181 679 1236 schisma
709 1181 1024 1236 facientem
1049 1183 1500 1255 sectatur,regni
1520 1183 1702 1237 divini
1725 1185 1911 1238 heare-

264 1270 508 1325 ditatem
541 1287 658 1326 non
683 1272 1096 1344 consequitur;
1120 1273 1166 1327 si
1191 1273 1603 1342 quisambulat
1625 1273 1686 1328 in
1718 1273 1914 1329 aliena

265 1359 556 1429 doctrina,
585 1361 637 1417 is
667 1377 788 1417 non
818 1363 1144 1417 assentitur
1173 1361 1459 1434 passioni.

2017 655 2250 724 γεωργεῖ
2281 651 2488 719 Ἰησοῦς
2521 650 2774 724 Χριστὸς,
2799 646 2887 704 διὰ
2917 651 2978 704 τὸ
3027 653 3103 722 μή
3164 651 3302 706 εἶναι
3349 654 3464 722 (12)
3506 653 3674 713 αὐτὰς

2025 737 2240 816 φυτείαν
2273 739 2501 812 Πατρός.
2535 740 2644 811 (13)
2703 739 2826 814 Οὐχ
2881 738 2965 793 ὅτι
3025 739 3151 815 παρ’
3206 739 3333 812 ὑμῖν
3399 742 3668 816 μερισμὸν

2023 827 2197 902 εὖρον,
2231 825 2358 882 ἀλλ’
2389 830 2500 901 (14)
2532 825 2955 901 ἆποδιϋλισμόν.
2979 832 3132 883 Ὅσοι
3190 828 3292 904 γὰρ
3342 834 3481 884 Θεοῦ
3537 831 3670 885 εἰσιν

2020 921 2107 973 καὶ
2139 921 2320 990 Ἰησοῦ
2348 922 2608 993 Χριστοῦ,
2642 917 2790 974 οῦτοι
2834 919 2968 992 μετᾶ
3023 924 3119 975 τοῦ
3173 920 3476 976 ἐπισκόπου
3517 921 3669 981 εἲσὶν.

2020 1007 2110 1063 καὶ
2169 1007 2286 1062 ὅσοι
2346 1006 2405 1061 ἄν
2467 1009 2890 1079 μετανοήσαντες
2948 1003 3180 1071 ἔλθωσιν
3243 1011 3358 1084 (15)
3417 1009 3509 1064 ἐπὶ
3560 1011 3658 1078 τήν

2022 1096 2245 1166 ἑνότητα
2274 1103 2374 1164 τῆς
2406 1094 2758 1167 Ἑκκλησίας,
2792 1097 2881 1151 καὶ
2931 1097 3080 1152 οὗτοι
3113 1101 3247 1152 Θεοῦ
3300 1092 3534 1170 ἔσονται,
3583 1099 3677 1154 ἳνα

2023 1185 2154 1241 ὦσιν
2187 1186 2324 1242 κατὰ
2384 1189 2593 1257 Ἰησοῦν
2655 1187 2884 1260 Χριστὸν
2948 1191 3159 1255 ζῶντες.
3221 1188 3311 1257 Μὴ
3377 1187 3673 1258 πλανᾶσθε,

2024 1273 2252 1354 ἀδελφοί
2291 1296 2397 1348 μου
2456 1273 2508 1329 εἷ’
2557 1295 2640 1336 τις
2698 1275 2942 1354 σχίζοντι
3009 1273 3324 1345 ἀκολουθεῖ,
3390 1275 3675 1349 βασιλείαν

2023 1368 2157 1420 Θεοῦ
2187 1363 2248 1419 οὐ
2279 1362 2638 1438 κληρονομεῖ
2676 1361 2728 1418 εἷ’
2748 1385 2832 1428 τις
2868 1366 2922 1419 ἓν
2986 1366 3098 1437 (16)
3146 1363 3417 1439 ἀλλοτρίᾳ
3474 1368 3670 1441 γνώμῃ

2023 1459 2332 1529 περιπατεῖ,
2367 1453 2522 1515 οὗτος
2553 1455 2662 1525 (17)
2693 1455 2770 1524 τῷ
2799 1454 2956 1518 πάθει
2989 1453 3052 1508 οὐ
3086 1454 3558 1528 συγκατατίθεται.

1517 1556 1611 1613 IV.
1649 1558 1894 1612 Utamini
1922 1573 2034 1612 una
2061 1556 2413 1612 eucharistia.

336 1655 630 1710 Studeatis
655 1654 832 1726 igitur
846 1671 966 1709 una
992 1653 1446 1710 eucharistiauti
1469 1671 1482 1719 ;
1507 1670 1627 1709 una
1652 1652 1812 1708 enim
1829 1658 1920 1708 est
1951 1656 2002 1720 Β

265 1763 402 1801 caro
435 1745 668 1800 Domini
701 1745 886 1799 nostri
911 1745 1048 1799 lesu
1078 1743 1315 1812 Christi,
1350 1748 1409 1797 et
1437 1759 1591 1798 unus
1645 1743 1799 1798 calix
1855 1743 1916 1798 in

267 1834 558 1889 unitatem
583 1833 889 1905 sanguinis
912 1833 1119 1904 ipsius,
1144 1848 1332 1888 unum
1352 1832 1558 1902 altare,
1585 1831 1735 1888 sicut
1759 1847 1916 1888 unus

269 1923 606 1995 episcopus,
637 1939 772 1979 cum
804 1922 1170 1994 presbyterio
1200 1927 1259 1976 et
1287 1922 1574 1986 diaconis,
1618 1921 1917 1977 conservis

266 2011 456 2079 meis;
490 2017 574 2079 ut,
604 2011 762 2082 quod
792 2011 1043 2079 faciatis,
1076 2011 1400 2066 secundum
1435 2012 1621 2066 Deum
1661 2011 1914 2066 faciatis.

2105 1654 2220 1726 (18)
2255 1647 2597 1720 Σπουδαζετε
2626 1652 2717 1706 οὗν
2755 1655 2853 1724 μιᾷ
2883 1654 2998 1723 (19)
3045 1650 3367 1727 εὐχαριστίᾳ
3414 1659 3690 1726 χρῆσθαι»

2031 1740 2128 1816 μία
2159 1742 2263 1818 γὰρ
2297 1742 2422 1812 σὰρξ
2453 1746 2550 1797 τοῦ
2582 1741 2781 1817 Κυρίου
2840 1745 3000 1814 ἡμῶν
3049 1742 3232 1811 Ἰησοῦ
3278 1745 3540 1818 Χριστοῦ,
3594 1744 3687 1797 καὶ

2025 1828 2081 1886 ἔν
2113 1833 2385 1907 ποτήριον
2423 1832 2498 1894 εἷς
2527 1828 2718 1886 ἕνωσιν
2746 1835 2843 1886 τοῦ
2874 1828 3104 1903 α’ίματος
3153 1830 3339 1901 αὐτοῦ,
3392 1831 3442 1888 ἔν
3491 1835 3682 1887 Θοσια-

2031 1922 2280 1994 στήριον,
2313 1921 2387 1983 ὡς
2419 1922 2495 1980 εἷς
2522 1919 2840 1985 ἐπίσκοπος,
2873 1921 2985 1992 ἅμα
3041 1924 3122 1992 τῷ
3167 1915 3544 1996 πρεσϐυτερίῳ
3593 1923 3685 1977 καὶ

2031 2007 2328 2079 διακόνοις,
2358 2014 2475 2070 τοῖς
2508 2006 2826 2072 συνδούλοις
2874 2025 3001 2081 μου⁶
3037 2007 3149 2080 ἵνα,
3182 2010 3212 2064 δ
3244 2009 3332 2064 ἐάν
3380 2009 3685 2084 πράσσητε,

2025 2100 2160 2154 κατά
2189 2100 2317 2154 Θεὸν
2351 2097 2646 2171 πράσσητε.

510 2203 574 2254 ν.
609 2202 770 2257 Orate
801 2216 909 2271 pro
948 2217 1051 2267 me,
1085 2202 1182 2270 qui
1211 2201 1476 2270 confugio
1506 2199 1576 2255 ad
1605 2200 1958 2270 Evangelium
1987 2205 2038 2254 et
2068 2200 2361 2270 apostolos.
2394 2201 2671 2254 Honorate
2700 2201 2868 2254 etiam
2893 2199 3194 2270 praphetas
3243 2201 3308 2254 V.
3351 2201 3411 2256 T.

343 2299 576 2354 Fratres
599 2299 736 2366 mei,
770 2299 935 2354 valde
953 2299 1175 2354 eﬂ‘usus
1197 2315 1327 2353 sum
1352 2299 1414 2353 in
1437 2315 1701 2354 amorem
1716 2298 1914 2364 vestri,

269 2393 328 2443 et
349 2386 519 2443 valde
542 2387 774 2443 laetatus
795 2388 1006 2443 roboro
1030 2403 1158 2452 vos;
1184 2404 1304 2442 non
1328 2404 1434 2460 ego
1464 2391 1623 2454 vero,
1674 2387 1778 2442 sed
1823 2388 1920 2442 le-

278 2494 380 2532 sus
411 2477 699 2546 Christus,
733 2476 902 2548 cujus
931 2477 1116 2550 gratia
1142 2476 1375 2531 vinctus
1405 2476 1540 2548 plus
1563 2476 1920 2548 timeo,quia

274 2565 544 2622 nondum
575 2583 704 2621 sum
736 2567 1052 2638 perfectus.
1087 2566 1200 2621 Sed
1222 2565 1410 2621 oratio
1433 2571 1625 2621 vestra
1640 2565 1714 2620 ad
1737 2566 1920 2620 Deum

2100 2293 2364 2374 Ἀδελφοί
2399 2316 2524 2364 μου,
2559 2294 2679 2350 λίαν
2735 2295 3037 2373 ἐκκέχυμαι
3093 2296 3319 2372 ἀγαπῶν
3373 2296 3536 2368 ὑμᾶς,
3587 2298 3677 2352 καὶ

2033 2384 2553 2462 ὑπεραγαλλόμενος
2582 2385 2950 2461 ἆσφαοίζομαι
2984 2385 3146 2458 ὑμᾶς’
3180 2384 3279 2439 οὐκ
3310 2385 3420 2460 ἐγὼ
3452 2382 3681 2453 δὶ,ἇλλ’

2033 2471 2242 2544 Ἰησοῦς
2279 2464 2533 2548 Χριστὸς,
2594 2471 2643 2528 ἐν
2677 2473 2722 2546 ᾦ
2755 2471 3040 2547 δεδεμένος
3100 2469 3379 2548 φοϐοῦμαι
3442 2474 3686 2547 μᾶλλον,

2033 2566 2107 2627 ὡς
2138 2561 2217 2620 ἔτι
2247 2560 2320 2619 ὧν
2351 2566 2464 2639 (20)
2493 2565 2908 2640 ἆναπάρτιστος.
2942 2563 3100 2622 Ἀλλ’
3131 2567 3165 2634 ἡ
3197 2567 3481 2641 προσευχή
3525 2565 3680 2640 ὑμῶν

276 2673 370 2712 me
390 2657 677 2728 perﬁciet,
701 2661 765 2711 ut
787 2662 944 2711 sorte
967 2672 1071 2728 per
1093 2655 1562 2711 misericordiam
1594 2655 1739 2710 mihi
1775 2655 1923 2710 assi-

2036 2653 2108 2715 εἷς
2136 2653 2264 2709 Θεόν
2301 2675 2368 2726 με
2399 2653 2702 2727 ἆπαρτίσει,
2731 2651 2842 2726 Ἵνα,
2874 2652 2926 2708 ἐν
2953 2655 3000 2726 ᾧ
3027 2655 3224 2726 κλήρῳ
3254 2653 3527 2724 ἠλεήθην,
3559 2651 3686 2710 ἐπι-

273 2727 448 2818 gnata
469 2727 1036 2817 potiar,confugiens
1058 2745 1132 2800 ad
1145 2745 1528 2816 Evangelium
1548 2749 1830 2816 tanquam
1843 2744 1917 2800 ad

2036 2741 2186 2822 τύχω
2215 2744 2352 2816 (21),
2383 2743 2717 2818 προσφυγὼν
2745 2747 2824 2814 τῷ
2857 2741 3176 2820 Εὖαγγιλίῳ
3198 2743 3270 2805 ὡς
3295 2743 3444 2798 σαεκὶ
3473 2744 3684 2814 Ἰησοῦ,

1727 2871 1890 2925 Vetus
1917 2870 2207 2941 interpres.

1793 2975 2020 3032 CAPUT
2055 2977 2152 3032 III.

340 3067 613 3122 Becedite
643 3084 678 3122 a
707 3066 880 3122 malis
909 3065 1128 3131 herbis,
1163 3081 1309 3138 quas
1339 3082 1460 3121 non
1490 3066 1628 3122 colit
1654 3068 1821 3138 lesus
1851 3066 2118 3138 Christus
2143 3082 2154 3119 :
2191 3070 2433 3137 propter
2457 3083 2579 3120 non
2632 3083 2762 3122 esse
2812 3067 2968 3138 ipsas
2998 3065 3430 3138 plantationem
3463 3066 3687 3138 Patris.

270 3142 395 3196 Non
419 3139 700 3210 quoniam
723 3138 878 3209 apud
909 3154 1007 3193 vos
1031 3137 1408 3209 partitionem
1432 3138 1657 3203 inveni;
1687 3137 1790 3193 sed
1820 3137 2299 3210 abstractionem.
2351 3138 2648 3209 Quotquot
2691 3137 2849 3193 enim
2883 3138 2982 3210 Diei
3003 3137 3154 3194 sunt
3184 3142 3243 3210 et
3268 3141 3409 3210 Jesu
3439 3137 3681 3204 Christi,

269 3211 368 3268 isti
401 3209 534 3266 cum
567 3211 842 3281 episcopo
877 3216 1046 3276 sunt;
1083 3217 1140 3264 et
1167 3215 1457 3281 quotquot
1488 3211 1690 3280 utique
1725 3210 2078 3280 pcenitentes
2108 3209 2353 3263 veniunt
2385 3210 2446 3263 in
2477 3210 2768 3265 unitatem
2805 3209 3106 3274 Ecclesiae,
3139 3214 3196 3264 et
3225 3209 3321 3263 isti
3343 3209 3446 3264 Dei
3469 3215 3680 3276 erunt;

271 3289 335 3338 ut
364 3281 482 3337 sint
514 3282 839 3337 secundum
870 3282 1068 3336 Jesum
1120 3281 1415 3337 Christum
1475 3281 1750 3336 viventes.
1810 3284 1935 3336 Non
1993 3283 2221 3344 erretis,
2282 3281 2492 3336 fratres
2550 3281 2688 3336 mei.
2751 3281 2804 3335 Si
2867 3281 2999 3351 quis
3057 3281 3314 3336 schisma
3362 3281 3685 3336 facientem

273 3355 562 3426 sequitur,
598 3370 844 3426 regnum
879 3353 979 3408 Dei
1014 3369 1132 3408 non
1165 3352 1588 3408 hmreditatzsi
1640 3353 1772 3423 quis
1818 3354 1880 3407 in
1921 3352 2117 3408 aliena
2164 3353 2464 3407 sententia
2511 3352 3024 3420 circumambulat,
3082 3353 3193 3408 iste
3243 3352 3506 3426 passioni
3556 3370 3685 3408 non

279 3425 620 3481 concordat.

1787 3513 2018 3568 CAPUT
2055 3514 2148 3567 IV.

350 3603 587 3660 Studete
618 3605 799 3677 igitur
827 3620 944 3677 una
974 3604 1299 3677 gratiarum
1330 3603 1561 3677 actione
1593 3603 1698 3658 uti.
1733 3605 1858 3659 Una
1889 3603 2047 3677 enim
2079 3619 2214 3658 caro
2249 3601 2478 3657 Domini
2509 3604 2695 3677 nostri
2727 3605 2862 3677 Jesu
2893 3603 3131 3677 Christi,
3165 3608 3227 3658 ut
3247 3619 3400 3658 unus
3427 3601 3685 3677 calixin

277 3677 562 3732 unionem
594 3674 898 3748 sanguinis
929 3674 1149 3746 ipsius;
1186 3691 1371 3730 unum
1404 3674 1606 3748 altare.
1640 3680 1698 3730 et
1726 3691 1881 3730 unus
1899 3675 2232 3747 episcopus,
2260 3689 2396 3730 cum
2415 3674 2780 3746 presbyterio
2802 3679 2862 3730 et
2885 3674 3152 3730 diaconis
3175 3674 3473 3731 conservis
3488 3675 3677 3732 meis:

280 3753 346 3802 ut
375 3748 532 3819 quod
561 3746 776 3813 facitis,
811 3748 1138 3804 secundum
1180 3748 1366 3802 Deum
1399 3746 1649 3802 faciatis.

1806 3844 2038 3900 CAPUT
2077 3845 2140 3898 V.

346 3947 580 4002 Fratres
613 3947 749 4013 mei,
779 3943 946 3999 valde
980 3943 1201 4000 effusus
1233 3959 1364 3999 sum
1389 3942 1643 4015 diligens
1672 3959 1796 4008 vos,
1824 3947 1882 4015 et
1913 3942 2396 4014 superexsultans
2427 3941 2876 4015 corroboro_vos
2905 3957 2917 3996 :
2970 3957 3091 4015 non
3145 3957 3249 4014 ego
3299 3946 3520 4009 autem,
3575 3941 3686 4015 sed

277 4019 445 4074 Jesus
473 4017 762 4082 Christus,
794 4017 856 4069 in
890 4031 1006 4085 quo
1029 4016 1262 4070 vinctus
1287 4017 1464 4069 timeo
1487 4013 1695 4086 magis,
1718 4020 1783 4086 ut
1803 4013 2000 4069 adhuc
2013 4015 2303 4070 exsistens
2326 4013 2727 4085 imperfectus.
2751 4013 3072 4086 Sedioratio
3121 4013 3316 4086 vestra
3352 4029 3447 4067 me
3497 4013 3686 4084 perﬁ-

279 4089 413 4167 ciet,
450 4088 602 4167 utin
637 4104 753 4167 qua
782 4084 1129 4167 haereditate
1157 4084 1638 4167 propinationem
1669 4085 2204 4167 hahuerohpotiar;
2238 4084 2917 4167 confugiensEvangelip
2949 4091 3014 4139 ut
3044 4084 3207 4167 carni
3237 4086 3394 4150 Iesu,
3455 4091 3516 4167 et
3541 4100 3691 4154 apo-

280 4160 447 4214 stolis
479 4164 543 4210 ut
572 4155 940 4227 presbyterio
974 4155 1282 4212 EccleSiaaf
1305 4157 1414 4212 Sed
1448 4163 1504 4211 et
1535 4158 1852 4229 prOphetas
1873 4155 2188 4227 diligamus
2216 4174 2229 4222 ;
2259 4163 2500 4229 propter
2520 4157 2755 4228 etipsos
2781 4155 2842 4210 in
2870 4155 3247 4228 Evangelium
3269 4155 3685 4219 annuntiasse,

351 4299 465 4370 (11)
495 4297 760 4353 Similem
791 4301 1193 4370 metaphoram
1251 4299 1323 4354 de
1370 4299 1787 4356 haareticorum
1821 4300 1921 4356 do-

281 4372 471 4426 ctrina
503 4371 686 4425 habes
712 4370 772 4424 in
807 4387 901 4441 ep.
934 4371 1008 4426 ad
1037 4371 1237 4438 Trall.,
1271 4388 1322 4426 c.
1355 4373 1403 4424 6.
1435 4373 1556 4427 Jac.
1581 4372 1693 4428 Cfr.
1718 4373 1918 4429 Matth.

279 4460 370 4511 xv,
406 4447 490 4499 13.

350 4516 459 4583 (12)
491 4517 594 4570 Ms.
626 4511 842 4574 αὐτούς.

351 4589 462 4658 (13)
493 4586 610 4642 Cfr.
642 4584 714 4640 ad
745 4583 944 4650 Trall.,
978 4585 1115 4658 0.78,
1148 4590 1207 4640 et
1235 4587 1444 4656 Magn.,
1467 4602 1528 4658 Ac.
1562 4586 1652 4658 11.
1700 4589 1780 4640 Ex
1810 4587 1921 4641 hoc

283 4656 408 4714 loCo
434 4656 490 4714 et
511 4675 540 4712 e
564 4674 732 4729 capp.
753 4661 796 4729 r7
824 4661 883 4712 et
910 4657 1314 4729 8‘W_histonus
1345 4656 1603 4726 conjecit
1631 4658 1921 4729 Ignatium

277 4730 472 4802 ipsum
487 4727 1919 4810 aliquandiuPhiladelphimcommoratumfuisse;

279 4801 383 4856 sed
422 4801 802 4856 verisimilius
829 4805 920 4855 est
957 4799 1179 4856 legatos
1212 4804 1442 4853 tantum
1461 4799 1917 4856 Philadelphen-

279 4815 383 4857 sed
422 4815 802 4856 verISImmus
829 4815 920 4855 est
957 4815 1179 4871 legatos
1212 4815 1442 4853 tantum
1461 4815 1917 4871 l’nllaaelpnen-

280 4874 432 4929 sium
464 4873 537 4928 ad
571 4872 764 4944 ipsum
790 4870 1012 4944 Troade
1036 4870 1348 4944 degentem
1371 4870 1622 4944 venisse.
1648 4873 1802 4925 More
1816 4887 1919 4944 suo

276 4945 537 5027 lgnatius
558 4941 953 5027 ita‘loqpitur,
987 4959 1054 4996 ac
1084 4942 1132 4996 si
1163 4943 1225 4995 in
1258 4942 1465 5027 legatis
1509 4947 1691 4997 totam
1722 4941 1918 4996 Eccle-

284 5015 432 5071 siam
470 5015 1022 5084 Philadelphensem
1068 5015 1492 5083 conspexisset.

355 5090 462 5157 (14)
497 5088 601 5143 Ms.
635 5081 1092 5157 ἀποδιῦλισμὲνον
1124 5081 1239 5140 (31·ιί
1276 5101 1366 5155 ep.
1419 5084 1493 5138 ad
1524 5085 1690 5140 Rom.
1736 5083 1918 5137 inscr.

352 5154 464 5238 (Ψ)
496 5154 1124 5238 βῖῑιῖῖοίοβθἈ,ηΐυΡ;
1159 5158 1281 5210 46⁵·
1534 5225 1548 5238 .
1602 5223 1614 5238 .
1759 5219 1782 5238 .

353 5222 466 5301 (16)
500 5225 802 5304 Ἀλλοτρία
832 5222 1029 5303 γνώμη
1064 5222 1243 5296 idem,
1277 5230 1366 5281 est
1395 5225 1552 5296 quod
1602 5222 1920 5297 ἑτεροδιξία.

284 5303 539 5442 “ﬁgi
574 5389 626 5426 e.
660 5389 781 5427 non
811 5369 1111 5427 consentit
1139 5369 1276 5442 huic
1319 5367 1574 5422 veritati.
1624 5366 1922 5442 Christum

279 5439 565 5516 sanguine
591 5459 697 5498 suo
729 5442 1009 5516 fundasse
1039 5441 1384 5508 Ecclesiam,
1404 5455 1581 5510 quam
1605 5439 1921 5495 schismate

283 5515 544 5569 evertere
573 5519 836 5568 conatur.
872 5515 1061 5568 SIITH.

355 5585 463 5650 (18)
499 5587 582 5637 Ita
616 5585 873 5638 Vossius.
906 5585 1009 5636 Ms.
1041 5578 1397 5636 σπουδάσατε.

354 5654 462 5726 (19)
494 5655 536 5708 Ι.
573 5670 622 5707 e.
657 5670 807 5708 cmna
840 5655 1077 5716 Domini,
1133 5660 1201 5708 ut
1230 5670 1260 5708 e
1292 5652 1677 5721 sequentibus
1730 5653 1923 5709 verbis

1952 4307 2005 4374 Α
2036 4299 2161 4374 σᾷρξ
2191 4303 2288 4374 τοῦ
2319 4299 2522 4374 Κυρίου
2549 4306 2607 4374 et
2636 4299 2922 4374 ποτήριον,
2955 4301 3170 4374 elucet.
3206 4299 3394 4374 Etiam
3426 4315 3459 4353 a
3491 4300 3548 4356 S.
3579 4300 3686 4354 Ju-

2035 4367 2190 4458 aqua
2223 4367 2411 4458 (Apol.
2439 4376 2488 4458 1,
2522 4372 2611 4443 66)
2633 4367 3052 4458 cc‘e‘na‘Domini
3080 4367 3683 4458 εὔχαριστξακνοοεειητ.

2031 4444 2146 4498 Cfr.
2180 4444 2251 4498 ad
2286 4446 2444 4500 hunc
2466 4443 2661 4499 locum
2684 4443 2892 4508 Bothe,
2911 4444 3070 4511 Anf.,
3095 4459 3152 4512 p.
3179 4443 3310 4508 470,
3344 4443 3682 4508 Mi‘mscher,

2029 4515 2315 4570 Lehrbuch
2345 4516 2442 4570 der
2473 4515 2890 4584 Dogmeagesch.
2923 4515 2969 4580 Ι,
2991 4516 3115 4569 496.
3141 4518 3202 4569 et
3227 4514 3312 4569 Jo.
3335 4514 3394 4568 E.
3418 4512 3681 4583 Pfeiﬂ'er,

2029 4588 2374 4711 {)7e6ggnptio,
2434 4585 2803 4641 communioni
2851 4584 3089 4656 privata:
3137 4585 3383 4640 adverso.
3439 4584 3678 4658 Erlang.

2104 4699 2208 4796 (ΞΒ)
2234 4699 2323 4784 ita
2351 4728 2739 4800 interpelator
2780 4733 2839 4783 et
2880 4733 2992 4783 vet.
3025 4727 3134 4782 int.
3176 4728 3278 4782 Ms.
3338 4724 3675 4797 ἀνάρπαστος

2034 4815 2104 4852 :
2135 4799 2402 4855 abductus
2430 4817 2460 4854 e
2478 4799 2787 4870 provincia.

2102 4870 2210 4939 (2|)
2245 4872 2309 4926 Η.
2346 4879 2411 4924 Α.
2443 4868 2755 4943 Niemeyer
2782 4871 2844 4943 in
2875 4868 3035 4943 Fries
3057 4874 3116 4924 et
3143 4869 3462 4943 Lchroeter
3492 4871 3680 4943 Oppo-

2029 4943 2394 5013 sitionschrift
2426 4943 2467 5004 Ι.
2502 4960 2562 5006 ιι,
2595 4940 2666 5013 pf
2695 4945 2783 5009 14,
2817 4941 2972 4995 hunc
3003 4940 3200 4996 locum
3257 4941 3340 4996 ita
3388 4940 3682 5013 explicat:

2030 5010 2363 5086 Εὐαγγὲλιον
2398 5019 2574 5068 est:
2595 5010 2814 5069 summa
2841 5014 2966 5086 vita
2993 5017 3045 5067 et
3074 5018 3320 5086 actorum
3344 5010 3510 5078 Iesu;
3543 5010 3687 5086 ᾀπό-

2028 5082 2220 5138 οτοὶζοι
2251 5105 2321 5138 :
2353 5087 2699 5141 narrationes
2730 5084 3097 5154 apostolorum
3127 5084 3196 5138 de
3250 5085 3486 5139 Christo.
3537 5085 3686 5139 Sen-

2030 5173 2169 5213 sus:
2207 5157 2461 5212 adhwrea
2493 5159 2560 5212 iis
2603 5173 2725 5228 qua:
2771 5155 3018 5228 Christus
3049 5155 3381 5225 praedicavit
3424 5161 3476 5228 et
3521 5157 3681 5223 fecit,

2031 5231 2191 5298 quasi
2203 5229 2384 5284 adhuc
2407 5229 2519 5298 ipse
2530 5231 2678 5284 vivat
2696 5243 2709 5293 ;
2729 5227 3094 5296 adhmreoque
3112 5227 3533 5282 narratinnibus
3553 5244 3690 5297 apo-

2031 5300 2312 5365 stolorum,
2346 5303 2505 5370 quasi
2543 5299 2652 5369 ipsi
2680 5298 2860 5370 adhuc
2889 5303 2951 5351 ut
2980 5298 3257 5370 quondam
3277 5299 3683 5370 presbyterium

2036 5371 2286 5425 Ecclesia:
2314 5368 2665 5426 constituant.
2690 5369 2797 5425 Sed
2823 5374 2875 5424 et
2895 5368 3214 5440 prophetas.
3253 5369 3320 5425 V.
3360 5370 3417 5422 T.
3450 5372 3686 5440 recipio,

2032 5443 2238 5512 quippe
2256 5444 2354 5512 qui
2370 5444 2550 5496 Iesum
2572 5441 3048 5496 anuuntiaverint.
3074 5439 3190 5494 Cfr.
3223 5455 3458 5511 quoque
3481 5439 3613 5496 Rot.
3631 5459 3685 5507 e,

2035 5513 2200 5579 Anf.,
2234 5530 2290 5579 p.
2327 5515 2429 5566 732
2453 5518 2512 5567 et
2531 5513 2813 5576 Giaseler,
2845 5511 3083 5566 Versuch
3106 5511 3242 5566 uber
3260 5512 3316 5566 d.
3344 5512 3685 5579 Entstehung

2037 5530 2200 5579 1171].,
2328 5530 2429 5566 'le
2453 5530 2512 5567 BI.
2531 5530 2813 5576 υιθεειθτ,
2853 5530 3083 5566 γενδυοη
3106 5530 3242 5566 ιιορν
3260 5530 3316 5566 α.
3344 5530 3689 5584 nmszenung

2037 5583 2134 5637 der
2161 5598 2213 5637 sc
2255 5585 2539 5652 riftl.chen
2568 5583 3010 5654 Evangelien,_p.
3059 5585 3180 5648 15⁸7,
3233 5583 3338 5654 qui,
3382 5588 3517 5654 ante
3560 5585 3695 5641 Nie-

2037 5650 2341 5726 meyerum
2373 5650 3074 5727 ωοῐιυθι-οιίΕὐαγγέλιον
3104 5650 3293 5710 nostri
3326 5653 3438 5709 loci
3467 5671 3590 5710 non
3615 5656 3687 5714 de
