4060 6206
296 381 420 443 ’701

1351 385 1730 450 EPISTOLA
1771 384 1876 443 AD
1921 377 2702 444 PHILADELPHENSES.

3604 394 3723 456 702

297 515 386 570 καὶ
421 515 540 577 τοῖς
570 514 900 578 ἀποστόλοις
949 517 1021 578 ὡς
1060 512 1430 594 πρὶσὸυτερίῳ
1461 516 1811 588 Ἐκκλησέας.
1846 512 1942 574 Kal?

2068 514 2460 587 corporaliter
2491 521 2847 588 praesentem
2874 520 3198 590 Christum,
3225 528 3280 578 et
3310 524 3385 580 ad
3423 528 3724 598 apostolos

295 604 427 665 τοῦς
458 606 744 682 προφήτας
780 602 837 659 ’δὲ
867 605 1183 678 ἀγαπῶμεν,
1217 604 1304 661 διὰ
1333 609 1394 662 τὸ
1425 609 1514 662 καὶ
1545 605 1745 668 αὐτοὺς
1790 604 1865 666 εἰς
1897 604 1958 658 τὸ

298 693 640 770 Εὐαγγέλιον
676 695 1128 771 κατηγγελκέναι,
1185 698 1274 752 καὶ
1328 699 1405 759 εἰς
1463 703 1574 770 (22)
1609 698 1769 753 αὐτὸν
1801 694 1959 751 ἐλπί-

301 789 438 853 ζειν,
497 783 587 839 καὶ
644 783 806 838 αὐτὸν
857 784 1156 858 ἀναμένειν·
1218 785 1269 841 ἐν
1329 789 1374 860 ᾧ
1431 789 1521 843 καὶ
1577 805 1955 845 πιστευσαντες

298 871 606 942 ἐσώθησαν.
641 872 691 927 ἐν
718 873 929 944 ἑνότητι
965 875 1150 942 Ἰησοῦ
1209 881 1474 951 Χριστοῦ,
1533 873 1678 939 ὄντες
1739 875 1957 950 ἀξιαγα-

299 961 472 1030 πητοὶ
502 961 590 1016 καὶ
628 961 1074 1035 ἆξιοθαύμαστοι,
1135 964 1306 1042 ἃγιοι,
1353 965 1460 1021 ὐπὸ
1494 967 1673 1035 Ἰησοῦ
1712 967 1956 1039 Χριστοῦ

301 1051 808 1125 μεμαρτυρημένοι,
833 1051 924 1106 καὶ
955 1053 1432 1127 συνηριθμημὲιοι
1453 1054 1504 1108 ἐν
1535 1059 1615 1126 τῷ
1641 1052 1957 1127 Εὐαγγελίῳ

293 1142 395 1204 τῆς
426 1147 619 1209 κοινῆς
653 1137 903 1202 ἐλπίδος.

2073 611 2354 674 tanquam
2379 605 2453 660 ad
2473 623 2737 677 praesens
2766 608 3040 664 Ecclesia:
3064 611 3642 684 presbyterium.Sed
3664 623 3724 673 et

2069 695 2388 766 prophetas
2420 695 2752 768 diligamus,
2786 699 2928 770 quia
2957 705 3015 754 et
3053 700 3164 772 ipsi
3199 704 3575 776 Evangelium
3603 725 3718 764 an-

2069 784 2491 852 nuntiaverint,
2517 791 2574 840 et
2596 785 2655 840 in
2687 787 2986 843 Christum
3012 791 3395 862 speraverint,
3433 801 3490 848 et
3521 795 3716 867 ipsum

2068 871 2574 940 exspectaverint;
2633 889 2740 944 per
2787 892 2963 946 quem
3015 883 3074 930 et
3121 879 3430 936 credentes
3463 881 3717 940 salutem

2066 959 2369 1014 consecuti
2420 967 2578 1026 sunt,
2625 963 2761 1018 Iesu
2811 963 3043 1019 Christo
3105 967 3298 1032 uniti;
3332 985 3463 1024 cum
3515 979 3718 1028 essent

2067 1047 2277 1115 sancti,
2311 1065 2511 1124 amore
2545 1055 2603 1105 et
2630 1051 3024 1108 admiratione
3056 1054 3240 1127 digni,
3262 1072 3296 1110 a
3323 1057 3458 1112 Jesu
3479 1061 3712 1116 Christo

2066 1138 2476 1194 testimonium
2519 1139 2740 1211 adepti,
2771 1147 2830 1196 et
2858 1145 3270 1200 connumerati
3305 1147 3364 1202 in
3404 1150 3716 1222 Evangelio

2066 1243 2424 1282 communis.

1437 1341 1526 1395 VI.
1561 1341 1667 1395 Nec
1699 1345 1877 1393 tamen
1902 1334 2261 1408 [Judaismum
2291 1334 2584 1389 admittite.

363 1443 488 1498 Ἐὰν
519 1439 576 1497 δὶ
604 1463 686 1504 τις
717 1440 1058 1516 Ἱουδαϊσμὸν
1087 1443 1361 1520 ὲρμηνεῦῃ
1406 1445 1555 1518 ὑμῖν,
1613 1445 1690 1517 μὴ
1725 1442 1946 1498 ἀκούετε

286 1529 478 1588 αὐτοῦ.
513 1535 778 1604 ’Ἄμεινον
836 1532 937 1609 γὰρ
998 1531 1137 1586 ἐστιν
1193 1534 1337 1607 παρὰ
1395 1531 1586 1608 ἀνδρὸς
1639 1531 1943 1607 περιτομὴν

286 1617 516 1694 ἔχοντος
573 1623 682 1693 (23)
741 1622 1164 1694 Χριστιανισμὸν
1217 1622 1460 1689 ἀκούειν,
1490 1622 1524 1692 ἢ
1559 1621 1704 1697 παρὰ
1751 1616 1950 1695 ἀκρὸύ-

290 1729 419 1763 στου
477 1706 853 1782 Ἰουδαϊσμ6ν.
913 1711 1036 1765 Ἐὰν
1098 1708 1156 1765 δὲ
1222 1710 1524 1789 ἀμφότεροι
1580 1711 1704 1786 περὶ
1767 1711 1948 1780 Ἰησοῦ

292 1804 537 1872 Χριστοῦ
571 1801 646 1872 μὴ
684 1799 955 1870 λαλῶσιν,
985 1803 1135 1856 οὗτοι
1167 1803 1296 1876 ἐμοὶ
1327 1805 1438 1874 (24)
1468 1801 1666 1872 στῆλαί
1697 1803 1826 1857 εἰσιν
1858 1802 1949 1856 καὶ

286 1889 454 1963 τάφοι
487 1894 710 1964 νεκρῶν,
740 1889 821 1967 ἐφ’
863 1890 946 1950 οἷς
1006 1892 1306 1967 γέγραπται
1369 1893 1530 1965 μόνον
1589 1892 1832 1966 ὀνόματα
1861 1891 1946 1946 ἀν-

287 1979 552 2054 θρώπων.
609 1984 840 2056 Φεύγετε
897 1979 992 2035 οὖν
1043 1981 1140 2045 τὰς
1194 1981 1551 2061 κακοτεχνίας
1578 1982 1668 2037 καὶ
1727 1980 1942 2056 ἐνέδρας

280 2066 379 2124 τοῦ
417 2067 689 2144 ἄρχοντος
721 2074 817 2124 τοῦ
852 2070 1050 2131 αἰῶνος
1079 2069 1298 2138 τούτου,
1328 2073 1544 2144 μήποτε
1574 2066 1850 2133 θλιὸἑντες
1872 2075 1948 2144 τῇ

279 2158 482 2233 γνώμῃ
512 2157 680 2212 αὐτοῦ
711 2156 1097 2230 ἐξασθενήσητε
1128 2159 1180 2215 ἐν
1211 2163 1280 2234 τῇ
1338 2160 1548 2235 ἀγάπῃ.
1609 2159 1787 2217 Ἀλλὰ
1817 2161 1940 2215 πάν·

279 2269 369 2310 τες
403 2249 493 2303 ἐπὶ
532 2249 593 2304 τὸ
622 2245 752 2304 αὐτό
804 2250 1012 2325 γίνεσθε
1073 2251 1127 2305 ἐν
1168 2251 1446 2326 ἀμερίστῳ
1493 2248 1710 2323 καρδίᾳ.
1746 2253 1942 2326 Εὐχα-

282 2341 457 2413 ριστῶ
491 2336 547 2392 δὶ
575 2341 677 2412 τῷ)
705 2342 822 2411 Θεῷ
859 2360 986 2412 μου,
1021 2337 1102 2394 ὅτι
1134 2339 1508 2409 εὐσονείδητός
1543 2340 1656 2414 εἰμι
1708 2341 1758 2394 ἐν
1793 2339 1940 2414 ὑμῖν,

282 2426 375 2482 καὶ
410 2426 513 2482 οὐκ
540 2421 656 2501 ἔχει
688 2448 770 2489 τις
821 2430 1222 2502 καυχήσασθαι,
1257 2425 1376 2483 οὔτε
1436 2427 1629 2502 λάθρα,
1689 2427 1811 2483 οὕτε
1842 2451 1943 2509 φα-

280 2523 482 2590 νερῶς,
517 2515 598 2571 ὅτι
649 2522 756 2589 (25)
786 2512 1028 2592 ἐϐάρησὲ
1084 2539 1206 2572 τινα
1237 2516 1288 2572 ἐν
1322 2523 1506 2593 μικρῷ
1537 2520 1571 2587 ἢ
1602 2518 1654 2572 ἐν
1690 2518 1938 2595 μεγάλῳ.

281 2607 386 2662 Καὶ
421 2612 551 2660 πᾶσι
586 2603 664 2674 δὲ,
693 2605 743 2660 ἐν
777 2606 859 2665 οἷς
889 2605 1156 2680 ἐλάλησα,
1190 2605 1450 2683 εὔχομαι,
1493 2605 1586 2662 ἵνα
1615 2610 1688 2681 μὴ
1724 2607 1799 2669 εἰς
1828 2611 1941 2680 (26)

287 2695 592 2769 μαρτῧριον
616 2694 749 2752 αὐτὸ
778 2697 1107 2767 κτήσωνται.

1980 1852 2029 1918 Β

2127 1441 2184 1496 Si
2203 1440 2336 1512 quis
2358 1447 2558 1497 autem
2589 1442 2749 1498 vobis
2777 1444 3150 1501 Judaismum
3183 1448 3483 1518 praedicet,
3511 1467 3583 1505 ne
3614 1467 3709 1506 au-

2057 1530 2231 1585 diatis
2280 1546 2438 1586 eum.
2492 1531 2696 1586 Melius
2745 1537 2835 1586 est
2882 1534 3062 1602 enim,
3109 1551 3142 1590 a
3195 1537 3318 1592 viro
3363 1538 3714 1595 circumciso

2057 1618 2579 1674 Christianismum
2616 1620 3030 1693 audire,quam
3064 1624 3136 1678 ab
3182 1625 3437 1682 habente
3478 1645 3718 1700 praepu-

2059 1710 2206 1764 tium
2238 1709 2611 1765 Judaisnum.
2646 1710 2702 1765 Si
2730 1718 2928 1766 autem
2951 1713 3188 1784 utrique
3211 1715 3280 1770 de
3312 1717 3448 1772 Jesu
3479 1719 3710 1775 Christo

2058 1817 2180 1854 non
2213 1799 2554 1870 loquantur,
2590 1799 2684 1854 isti
2737 1801 2881 1855 mihi
2923 1802 3214 1858 columnas
3263 1805 3621 1876 sepulcrales
3653 1814 3712 1863 et

2061 1895 2430 1944 mortuorum
2495 1896 2631 1944 sunt
2679 1897 3086 1960 monumenta,
3134 1893 3347 1964 quibus
3396 1895 3706 1951 hominum

2058 1979 2302 2034 nomina
2319 1979 2607 2033 duntaxat
2628 1979 2912 2050 inscripta
2942 1982 3306 2053 sunt.Fugite
3331 1983 3508 2054 igitur
3522 1984 3710 2041 malas

2052 2074 2211 2124 artas
2243 2074 2302 2122 et
2332 2067 2576 2122 insidias
2608 2068 2893 2140 principis
2926 2069 3123 2124 saeculi
3169 2071 3368 2142 hujus,
3402 2089 3475 2128 ne
3511 2091 3698 2144 quan-

2052 2158 2127 2213 do
2155 2157 2468 2229 prudentia
2498 2157 2628 2228 ejus
2652 2158 2918 2228 oppressi
2944 2159 3003 2212 in
3031 2160 3314 2215 charitate
3347 2161 3698 2232 langueatis.

2054 2247 2165 2304 Sed
2199 2263 2406 2302 omnes
2437 2246 2588 2302 uniti
2622 2247 2749 2301 sitis
2781 2247 3074 2303 indivulso
3107 2249 3301 2304 corde.
3340 2253 3564 2308 Gratias
3596 2271 3701 2308 auo

2053 2343 2170 2392 tem
2202 2353 2308 2409 ago
2343 2337 2458 2391 Deo
2491 2352 2646 2404 meo,
2679 2335 2837 2406 quod
2868 2338 3062 2408 quoad
3093 2356 3194 2394 vos
3223 2338 3381 2395 bona
3410 2342 3697 2413 gaudeam

2052 2427 2442 2490 conscientia,
2477 2441 2588 2480 nec
2619 2426 2805 2498 possit
2838 2427 3153 2498 quisquam
3185 2429 3446 2501 gloriari,
3489 2431 3579 2486 vel
3611 2449 3705 2488 se-

2052 2522 2211 2572 creto
2241 2516 2333 2572 vel
2373 2515 2594 2587 palam,
2625 2533 2658 2570 a
2689 2532 2782 2570 me
2827 2533 3185 2588 quemquam
3225 2525 3528 2590 gravatum
3571 2538 3698 2575 esse

2052 2612 2155 2662 aut
2183 2605 2243 2660 in
2274 2621 2471 2676 parvo,
2505 2609 2607 2660 aut
2634 2604 2695 2659 in
2727 2621 2960 2676 magno.
3018 2608 3088 2659 Et
3115 2608 3412 2675 omnibus,
3446 2609 3520 2663 ad
3553 2627 3700 2680 quos

2052 2694 2284 2750 locutus
2331 2710 2484 2760 sum,
2536 2699 2694 2765 opto,
2741 2710 2815 2748 ne
2865 2694 2926 2749 in
2984 2695 3392 2751 testimonium
3425 2697 3483 2752 id
3533 2697 3703 2754 cedat

2054 2789 2260 2840 contra
2289 2784 2469 2855 ipsos.

1076 2901 1188 2954 VII.
1223 2901 1280 2955 S.
1312 2901 1529 2971 Spiritu
1549 2900 1866 2972 impellente
1895 2920 1986 2958 vos
2009 2903 2082 2958 ad
2110 2906 2382 2958 unitatem
2411 2901 2745 2957 adhortatus
2777 2918 2915 2957 sum.

353 2995 422 3054 Ei
455 2997 558 3071 γὰρ
590 2995 856 3051 καὶκατὰ
910 2997 1080 3072 σάρκα
1142 2998 1208 3070 μέ
1263 3017 1404 3060 τινες
1462 2991 1736 3068 ἠθέλησαν
1793 2996 1940 3054 πλα-

277 3093 467 3155 νῆσαι,
501 3084 647 3142 ana
674 3086 737 3141 τὸ
796 3090 1017 3160 Πνεῦμα
1049 3085 1110 3140 οὐ
1165 3084 1461 3153 πλανᾶται,
1519 3086 1626 3142 ἀπὸ
1687 3093 1820 3143 Θεοῦ
1852 3087 1934 3145 ὅν.

275 3179 388 3248 (2η
423 3173 586 3233 Οἶδεν
615 3177 738 3251 γὰρ,
764 3177 930 3240 πόθεν
961 3172 1206 3256 ἔρχεται,
1243 3177 1334 3231 καὶ
1366 3181 1472 3231 ποῦ
1503 3176 1720 3253 ὑπάγει,
1753 3188 1841 3233 καί
1872 3179 1940 3233 τὰ

276 3265 496 3341 κρυπτὰ
578 3264 815 3342 ἐκέγχει·
890 3265 1225 3340 Ἐκραύγασα
1286 3267 1481 3338 μεταξὺ
1551 3263 1648 3335 ὤν,
1699 3264 1940 3323 ἐλάλουν

281 3352 506 3429 μεγάλῳ
531 3358 686 3431 φωνῇ
719 3357 852 3427 (28)·
914 3358 1002 3426 Τῷ
1063 3353 1343 3428 ἐπισκόπῳ
1397 3357 1700 3431 προσέχετε
1740 3359 1827 3412 καὶ
1859 3361 1940 3427 τῷ

275 3440 655 3521 πρεσϐυτερίῳ
686 3443 775 3499 καὶ
811 3440 1106 3506 διακόνοις.
1138 3445 1204 3502 Οἱ
1237 3443 1296 3499 δὲ
1341 3449 1455 3519 (29)
1488 3445 1936 3510 ὑποπτεύσαντάς

2121 3002 2469 3072 Quanquam
2490 3001 2647 3056 enim
2680 3000 2957 3055 nonnulli
2979 3000 3308 3057 secundum
3340 3019 3580 3060 carnem
3608 3022 3705 3063 me

2049 3090 2322 3161 decipere
2353 3089 2944 3160 voluerunt,Spiritus
2975 3095 3174 3145 tamen
3197 3107 3316 3146 non
3350 3092 3704 3164 decipitur,a

2046 3184 2164 3237 Deo
2194 3187 2380 3237 ortus.
2411 3182 2577 3236 Novit
2628 3182 2789 3237 enim
2826 3181 2983 3236 unde
3025 3183 3238 3251 veniat,
3272 3189 3329 3238 et
3359 3201 3474 3255 quo
3507 3187 3698 3252 vadat,

2049 3276 2108 3326 et
2139 3277 2368 3326 secreta
2395 3271 2680 3343 coarguit.
2713 3271 2994 3333 Clamavi,
3025 3288 3155 3326 cum
3189 3289 3451 3343 praesens
3487 3292 3700 3344 essem,

2047 3361 2280 3417 locutus
2307 3378 2438 3417 sum
2470 3377 2684 3434 magna
2717 3377 2851 3417 voce
2881 3378 2893 3415 :
2921 3361 3206 3433 Episcopo
3231 3363 3465 3419 obedite
3488 3371 3544 3419 et
3573 3383 3704 3437 pre-

2048 3451 2306 3522 sbyterio
2340 3457 2398 3506 et
2429 3450 2972 3514 diaconis.Quidam
2999 3457 3197 3506 autem
3229 3453 3511 3523 suspicati
3539 3462 3697 3523 sunt,

1745 3576 1908 3630 Vetus
1941 3577 2229 3645 interpres.

282 3679 339 3729 et
367 3674 428 3728 in
460 3672 758 3744 Christum
793 3688 1054 3744 sperare,
1086 3677 1144 3726 et
1172 3672 1364 3744 ipsum
1406 3677 1750 3744 exspectare
1777 3689 1788 3725 :
1838 3673 1900 3727 in
1933 3690 2050 3743 quo
2083 3679 2140 3728 et
2170 3673 2478 3730 credentes
2509 3673 2711 3730 salvati
2745 3679 2902 3739 sunt,
2936 3673 2995 3728 in
3043 3673 3271 3728 unitate
3314 3675 3449 3729 Jesu
3483 3677 3697 3733 Christi

285 3745 636 3824 exsistuntes
665 3743 840 3824 digne
871 3743 1094 3824 dilecti,
1126 3749 1186 3798 et
1214 3743 1388 3815 digne
1416 3743 1796 3799 admirabiles
1829 3745 2042 3811 sancti,
2074 3762 2109 3799 a
2137 3746 2272 3800 Jesu
2313 3745 2542 3800 Christo
2576 3745 2873 3800 testificati
2903 3750 2960 3799 et
2985 3745 3393 3799 connumerati
3425 3746 3488 3801 in
3518 3749 3698 3804 Evan-

281 3817 434 3889 gelio
469 3815 804 3871 communis
835 3815 959 3888 spei
972 3855 984 3869 .

1807 3905 2038 3962 CAPUT
2081 3907 2170 3962 VI.

353 4016 412 4070 Si
445 4018 652 4087 autem,
672 4013 1042 4087 Judaismum
1073 4013 1498 4087 interpretetur
1525 4013 1865 4087 vobis,_non
1895 4012 2149 4071 audiatis
2181 4015 2396 4087 ipsum.
2431 4013 2637 4087 Melius
2668 4017 2759 4068 est
2789 4012 2999 4087 enima
3030 4013 3148 4069 viro
3180 4014 3696 4087 circumcisionem

285 4087 567 4148 habente,
599 4085 1117 4158 Christianismum
1149 4084 1376 4158 audire,
1408 4100 1584 4158 quam
1617 4085 1688 4140 ab
1723 4085 1979 4142 habente
2028 4084 2404 4158 prazputium,
2436 4084 2826 4158 Judaismum.
2870 4085 2926 4158 Si
2958 4092 3156 4141 autem
3189 4087 3426 4157 utrique
3459 4085 3530 4141 de
3560 4088 3698 4141 Jesu

287 4159 518 4214 Christo
551 4173 670 4212 non
703 4156 1043 4227 loquantur,
1080 4157 1172 4210 isti
1208 4156 1353 4210 mihi
1387 4156 1678 4211 columnae
1712 4163 1851 4212 sunt
1881 4162 1938 4213 et
1969 4156 2243 4227 sepulcra
2278 4162 2668 4223 mortuorum,
2702 4157 2762 4210 in
2795 4156 3009 4227 quibus
3061 4158 3279 4227 scripta
3333 4156 3474 4213 Sunt
3505 4158 3697 4213 solum

286 4230 534 4286 nomina
565 4228 896 4283 hominum.
928 4228 1131 4298 Fugite
1176 4227 1353 4300 igitur
1385 4227 1571 4282 malas
1598 4233 1776 4295 artes,
1810 4233 1867 4282 et
1896 4227 2146 4284 insidias
2215 4229 2462 4299 rincipis
2492 4227 2692 4283 saeculi
2727 4228 2925 4296 hujus,
2959 4245 3031 4283 ne
3087 4229 3238 4284 forte
3273 4229 3535 4284 tribulati
3566 4246 3698 4283 sen-

286 4302 472 4355 tentia
503 4300 712 4355 insias.
739 4299 1129 4354 inﬁrmemini
1162 4299 1220 4353 in
1253 4298 1558 4354 charitate.
1597 4299 1704 4354 Sed
1740 4306 1797 4353 et
1823 4317 2028 4355 omnes
2061 4301 2122 4355 in
2149 4247 2404 4355 iginsum
2439 4300 2612 4355 fiatis.
2647 4300 2708 4354 in
2732 4299 3078 4355 ii'nnartibili
3111 4301 3306 4355 corde.
3334 4302 3559 4355 Gratias
3593 4317 3695 4355 au-

285 4302 472 4357 tentia
503 4300 712 4371 ipsias,
739 4299 1129 4354 inﬁrmemini
1162 4298 1231 4371 in:
1253 4298 1558 4354 charitate.
1597 4299 1704 4354 Sed
1740 4306 1797 4353 et
1823 4317 2028 4355 omnes
2061 4301 2122 4356 in
2149 4301 2161 4354 i

2211 4302 2404 4371 ipsum
2439 4300 2612 4364 fiatis,
2647 4300 2708 4354 in
2732 4299 3078 4370 iinpartibili
3111 4301 3306 4356 corde.
3334 4302 3559 4356 Gratias
3593 4317 3695 4356 au-

283 4380 404 4428 tem
425 4370 544 4445 ago
577 4372 694 4445 Deo
727 4387 879 4435 meo,
907 4370 1186 4445 quoniam
1218 4370 1431 4425 bonam
1459 4371 1684 4445 habens
1716 4372 2142 4445 conscientiam
2167 4370 2272 4444 ego
2306 4389 2436 4427 sum
2471 4372 2530 4426 in
2563 4371 2725 4445 vobis
2747 4387 2759 4437 ;
2785 4377 2844 4425 et
2874 4387 2989 4426 non
3020 4372 3199 4445 habet
3219 4373 3435 4442 aliquis
3456 4373 3696 4445 gloriari

281 4441 736 4569 neqpe'occulte
768 4459 962 4512 neque
992 4443 1325 4509 manifeste,
1360 4443 1643 4523 quoniam
1673 4444 1901 4514 gravavi
1934 4441 2290 4515 aliquem—in
2317 4460 2496 4569 (parvo
2528 4443 2616 4498 vel
2646 4443 2728 4515 ,in
2778 4459 3008 4514 magno.
3042 4443 3153 4499 Sed
3185 4449 3243 4498 et
3289 4441 3592 4509 omnibus,
3628 4444 3689 4499 in

281 4517 377 4569 nui
427 4533 494 4569 us
526 4514 756 4569 locutus
787 4530 940 4569 sum.
978 4530 1105 4569 oro.
1139 4519 1202 4568 ut
1234 4530 1354 4569 non
1386 4531 1448 4568 in
1479 4513 1892 4569 testimonium
1924 4515 2118 4569 ipsum
2150 4515 2310 4569 nossi
2359 4521 2516 4569 eant.

275 4514 494 4588 quibus
526 4514 756 4571 locutus
787 4530 940 4580 sum,
978 4530 1105 4583 oro,
1139 4519 1202 4568 ut
1234 4530 1354 4569 non
1386 4514 1448 4568 in
1479 4514 1892 4570 testimonium
1924 4514 2118 4587 ipsum
2150 4514 2516 4587 possideant.

1791 4625 2021 4679 CAPUT
2067 4624 2178 4680 VII.

345 4731 404 4786 Si
437 4732 597 4786 enim
630 4736 688 4785 et
720 4730 1052 4802 secundum,
1079 4745 1317 4802 carnem
1352 4746 1443 4784 me
1475 4730 1720 4802 quidam
1751 4731 2062 4787 voluerunt
2099 4731 2380 4787 seducere
2409 4749 2422 4797 ;
2457 4731 2560 4786 sed
2592 4730 2834 4802 spiritus
2864 4747 2985 4785 non
3025 4729 3348 4802 seducitur,
3371 4747 3417 4802 7a
3444 4731 3560 4784 Deo
3593 4746 3695 4802 ex-

276 4804 517 4859 sistens.
549 4802 717 4859 Novit
747 4802 908 4857 enim
940 4801 1095 4857 unde
1126 4801 1304 4869 venit,
1339 4807 1396 4855 et
1425 4819 1542 4872 quo
1575 4802 1751 4868 vadit,
1788 4808 1846 4858 et
1876 4803 2108 4858 occulta
2139 4802 2456 4873 redarguit.
2491 4801 2742 4857 Clamavi
2775 4802 2836 4856 in
2867 4801 3223 4873 intermedio
3255 4801 3564 4861 exsistens,
3605 4801 3692 4873 lo-

278 4879 452 4930 cutus
481 4890 613 4930 sum
645 4889 857 4946 magna
885 4890 1045 4941 voce,
1077 4873 1200 4944 [Dei
1229 4873 1422 4943 vocez]
1454 4873 1740 4944 Episcopo
1772 4873 2084 4940 attendite,
2117 4881 2173 4928 et
2204 4874 2593 4946 presbyterio,
2622 4879 2680 4928 et
2700 4873 2986 4927 diaconis.
3011 4872 3258 4936 Quidam
3281 4880 3478 4927 autem
3503 4872 3694 4944 suspi-

269 5049 483 5127 scripto
503 5045 804 5127 {Evangelia
823 5059 967 5127 asse
982 5041 1416 5127 accipiendum.
1445 5043 1780 5127 Lessinguis
1803 5044 1929 5115 (Op.
1965 5056 2008 5120 ι)
2040 5046 2231 5127 primo
2255 5041 2839 5127 nomenXpmnavéc,
2869 5043 2958 5127 ita.
2981 5043 3053 5097 ab
3085 5044 3329 5127 Ignzitio,
3359 5044 3691 5127 Antiochiae.

274 5113 787 5178 edeachmann”
816 5120 858 5186 t.
897 5116 990 5179 XI,
1020 5133 1086 5186 p-_
1111 5113 1352 5186 567)_ita
1383 5113 1766 5186 scribendum
1802 5113 1931 5171 esse

317 5195 483 5244 utat:
537 5185 875 5260 Προσφυγὼν
934 5182 1037 5260 τῆξ
1069 5182 1351 5260 ἐπισκόττῳ
1541 5185 1709 5260 σαρκὶ.
1749 5187 1930 5260 Ἰησοῦ

329 5261 518 5332 ριστοῦ
565 5250 656 5332 καὶ
696 5250 815 5332 τοῖς
848 5250 1236 5332 πρεσϐυτέροις
1257 5328 1268 5332 _
1294 5250 1623 5332 ’ἓξκκλησίας
1650 5257 1759 5332 -ᾠς
1789 5250 1932 5332 dato-

272 5326 518 5404 στόλοιςἶ
548 5331 656 5386 Alii
683 5326 1029 5404 Εὐαγγὲλιον
1052 5328 1134 5404 _de
1157 5328 1393 5399 scriptis
1419 5329 1770 5404 Evangeliis.
1794 5326 1932 5404 dud-

271 5401 460 5457 στολοι
487 5402 558 5457 de
583 5399 824 5473 scriptis
838 5399 1268 5474 apostolorum,
1290 5399 1930 5474 apocp'rj-rar‘deiscriptis

271 5471 836 5548 prophetarum—seu
857 5471 927 5527 de
955 5473 1100 5548 Y._T.
1129 5471 1450 5548 accipiunt.
1486 5471 1929 5548 Male_Eichlor-

267 5541 404 5602 ilius
428 5546 498 5600 de
531 5544 835 5616 prophetis
853 5545 982 5598 novi
1003 5543 1254 5598 foeceris
1280 5559 1384 5597 seu
1403 5541 1747 5597 doctoribus
1769 5543 1931 5598 Chri-

275 5619 486 5673 stianis
519 5617 796 5670 somniat.

342 5689 456 5768 (gi?)
485 5689 614 5768 Yet.
649 5688 757 5741 int.
796 5686 936 5768 legit
967 5684 1221 5768 Χριστὸν.

338 5756 451 5831 (23)
485 5756 909 5831 Χριστιανισμόν
946 5799 961 5816 .
1052 5756 1280 5827 Quaere,
1343 5772 1418 5812 an
1477 5760 1543 5811 ut
1597 5756 1928 5813 Antiochia

2041 5113 2338 5222 episcopo,
2400 5113 2658 5188 primum
2717 5121 3000 5186 usurpata
3051 5113 3159 5168 vox
3218 5113 3695 5186 ΧριστιανιμσόςῩ

2064 5194 2293 5222 )ινιιυ;οηις

2064 5194 2083 5222 ’
2263 5207 2314 5244 Ν.

2041 5190 2061 5242 Ι
2089 5206 2298 5340 ﬂgitio;
2308 5256 2495 5326 ἠτλαι,
2518 5257 2802 5340 columna
2822 5257 3078 5340 seputcra
3092 5257 3183 5340 (es.

2131 5329 2264 5398 25H
2298 5349 2348 5386 e.
2381 5333 2591 5386 nemini
2624 5330 2832 5398 jugum
2872 5329 3146 5382 Judaismi
3175 5331 3450 5398 imponere
3478 5331 3688 5384 studui.

2040 5402 2154 5457 Cfr.
2190 5420 2423 5473 quoque
2453 5404 2502 5456 II
2533 5403 2661 5473 Cor.
2698 5417 2797 5462 xn,
2823 5401 2910 5455 13.

2401 5473 2471 5560 ad
2503 5472 2786 5560 Trall.,(c.
2824 5474 2909 5526 12.

2110 5543 2222 5613 (27)
2255 5545 2367 5598 Cfr.
2401 5545 2570 5599 Joan.
2615 5560 2689 5604 Ill,
2723 5544 2774 5595 8.

2250 5615 2523 5695 Σειρίῳ,
2552 5614 2736 5681 addit,
2769 5629 2894 5668 voce
2921 5610 3040 5695 ρος
3097 5683 3108 5692 .

2110 5689 2218 5756 (29)
2250 5685 2630 5756 Participium
2661 5703 2766 5756 pro
2799 5683 2974 5739 modo
3007 5683 3195 5739 finito.
3232 5687 3333 5738 Ms.
3368 5680 3678 5747 πτέσαναες.
