4060 6206
397 364 513 421 707

1376 349 1661 412 SANCTI
1708 349 2003 412 IGNATII
2049 352 2445 416 EPISTOL/E
2489 356 2878 420 GENUINE.
3652 357 3745 418 108

398 496 740 554 concordia.
771 493 974 549 Valete
1004 490 1064 545 in
1097 485 1327 544 Christo
1383 486 1542 555 Jesu,
1593 487 1896 542 communi
1947 503 2050 560 spe
2082 547 2085 555 η

2185 509 2244 542 τιν
2278 490 2458 564 σαρκὶ,
2489 493 2668 565 ψυχῇ,
2700 489 2898 559 πίστει,
2967 488 3168 566 ἀγάπῃ,
3227 490 3466 564 ὁμονοίᾳ.
3509 489 3754 567 ,Ἐρρωσθι

403 595 624 644 nostra.

744 792 909 884 AD
992 789 1719 885 SMYRNIEOS.

406 977 430 1001 ‹‹
460 951 740 1018 lgnatius,
765 952 863 1021 qui
893 957 950 1004 et
969 950 1369 1021 Theophorus,
1388 949 1665 1004 Ecclesiae
1680 950 1778 1004 Dei
1794 950 1985 1005 Patris
1999 954 2057 1003 et

475 1023 674 1077 dilecti
707 1024 844 1077 Jesu
875 1022 1110 1076 Christi.
1135 1037 1310 1076 omne
1344 1021 1566 1076 donum
1589 1038 1695 1092 per
1715 1022 2056 1092 misericor-

475 1093 633 1148 diam
655 1100 1014 1162 consecutaa,
1047 1093 1288 1164 repleta)
1321 1092 1437 1147 ﬁde
1469 1099 1528 1147 et
1547 1091 1855 1160 charitate,
1892 1091 2056 1147 nulla

472 1165 662 1237 gratia
695 1166 1016 1228 destituta),
1048 1166 1166 1220 Deo
1185 1165 1586 1237 dilectissimaa
1619 1171 1678 1220 et
1700 1164 2051 1237 sanctiferaa,

475 1235 606 1318 quis
639 1244 732 1318 est
761 1238 1024 1318 Smyrna;
1050 1237 1112 1292 in
1143 1237 1298 1318 Asia_,
1331 1236 1392 1318 in
1426 1243 1629 1292 sancto
1660 1237 1881 1308 Spiritu
1911 1235 2053 1292 etin

477 1309 662 1364 Verbo
695 1309 822 1377 Dei,
853 1308 1173 1380 plurimam
1204 1308 1457 1363 salutem
1491 1332 1542 1363 ι.

2159 575 2212 631 ἐν
2245 580 2458 653 Χριστῷ
2487 580 2697 650 Ἰησοῦ,
2729 583 2798 654 τῇ
2828 583 2988 653 κοινῇ
3019 577 3203 635 ἐλπίδι
3235 581 3414 652 ἡμῶν.

2493 818 3267 914 ΣΜΥΡΝΑΙΟΙΣ
3345 795 3474 866 (⁵η-

2167 963 2510 1054 νΙγνάτιοςζὸ
2544 964 2664 1054 1καὶ
2723 965 3014 1054 Θειοφόρος,
3065 962 3364 1054 Ἰξκκὲησίᾳ
3401 968 3574 1054 ,Θεοῦκ
3591 967 3762 1054 Πατρὸς

2233 1035 2324 1089 καὶ
2380 1039 2478 1090 τοῦ
2534 1035 2912 1110 ἠγαπημένου
2957 1035 3136 1102 Ἰησοῦ
3195 1037 3451 1106 Χριστοῦ,
3517 1035 3756 1111 ἠλεημένῃ

2235 1104 2286 1180 ἐν
2319 1107 2478 1180 παντί
2525 1107 2848 1180 χαρίσματι,
2905 1107 3342 1180 πεπληρωμένη,
3399 1107 3452 1180 ἐν
3498 1109 3655 1162 πίστει
3691 1111 3763 1164 καὶ

2235 1129 2286 1160 εν
2319 1129 2478 1161 παντι
2525 1129 2848 1180 χαρισματι,
2905 1129 3342 1181 πεπΛηρωμενῃ,
3399 1129 3452 1161 εν
3498 1129 3655 1162 πιστει
3691 1129 3763 1164 και

2235 1177 2444 1254 ἀγάπῃ,
2501 1182 2612 1250 (52)
2669 1178 3014 1254 ἀνυστερήτῳ
3071 1180 3202 1254 abem
3260 1178 3455 1254 παντξκ
3528 1180 3764 1254 χαρίσμα-

2232 1249 2348 1327 τος,
2394 1249 2524 1327 ⁷(53)
2582 1249 3014 1327 θεοπρεπεστάτῂ
3071 1249 3160 1327 irai
3219 1254 3329 1327 (Ξξᾶι)
3373 1249 3765 1327 ’ἆγιοῲὖρῳζτῇ

2234 1318 2366 1394 οὔσῃ
2414 1318 2475 1396 ἓν
2531 1318 2755 1396 Σμύρνίῃ
2808 1329 2909 1392 τῆς
2951 1393 2963 1396 _
2990 1318 3194 1390 Ἄσίας,
3363 1318 3591 1396 dia-dium.
3628 1318 3766 1378 Πνεύλ

2236 1393 2366 1465 ματίι
2394 1394 2481 1448 καὶ
2518 1393 2681 1468 Λόγῳ
2720 1399 2876 1461 Θεοῦ,
2909 1393 3140 1450 πλεῖστα
3172 1393 3410 1469 χαίρεινέ

1470 1495 1511 1548 l.
1546 1493 1801 1563 Gloriﬁco
1840 1496 2011 1548 Deum
2037 1500 2272 1564 propter
2297 1493 2459 1562 fidem
2487 1501 2740 1548 vestram.

473 1585 746 1642 Gloriﬁco
777 1587 976 1642 Jesum
1010 1585 1307 1640 Christum
1338 1585 1546 1651 Deum,
1601 1585 1700 1656 qui
1751 1601 1850 1639 vos
1908 1583 2054 1640 adeo

401 1674 700 1746 sapientes
732 1675 1027 1740 reddidit;
1065 1675 1361 1730 observari
1393 1674 1578 1736 enim,
1612 1673 1906 1744 perfectos
1956 1689 2055 1726 vos

402 1779 532 1816 esse
557 1763 615 1816 in
642 1763 754 1817 ﬁde
782 1763 1096 1831 immobili,
1121 1769 1187 1817 ut
1207 1763 1388 1818 clavis
1409 1763 1616 1817 afﬁxos
1637 1763 1794 1817 cruci
1822 1761 2056 1818 Domini

2237 1581 2349 1654 (55)
2381 1581 2597 1654 Δοεάζω
2626 1582 2838 1652 Ἰησοῦν
2882 1581 3116 1655 Χριστὸν
3149 1580 3240 1636 τὸν
3295 1583 3448 1654 Θεὸν,
3493 1567 3579 1637 τὸν
3624 1582 3769 1643 οὕτως

2167 1669 2308 1743 ὑμᾶς
2367 1671 2680 1749 σοφίσαντα·
2753 1669 2948 1739 ἐνόησα
3001 1669 3102 1744 γὰρ
3156 1671 3295 1742 ὑμᾶς
3348 1671 3770 1743 κατηρτισμὲνους

2166 1759 2215 1812 ἐν
2249 1759 2489 1832 ἀκινήτῳ
2519 1758 2717 1830 πίστει,
2751 1757 2934 1835 ὥσπερ
2986 1762 3097 1832 (56)
3153 1758 3580 1832 καθηλωμένους
3623 1757 3669 1813 ἐν
3708 1763 3772 1830 τῷ

399 1853 534 1906 Jesu
566 1853 800 1922 Christi,
832 1853 1027 1924 quoad
1060 1869 1300 1908 carnem
1335 1857 1392 1907 et
1412 1854 1770 1918 animam,et
1790 1853 2056 1908 ﬁrmatos

2185 1851 2377 1921 ιταυρῷ
2399 1851 2496 1902 τοῦ
2551 1847 2750 1923 Κυρίου
2802 1849 2985 1916 ἰησοῦ
3052 1845 3313 1922 Χριστοῦ,
3376 1852 3482 1921 (57)
3539 1845 3682 1919 σαρκί
3727 1866 3773 1901 τε

404 1944 464 1997 in
492 1943 778 1999 charitate
797 1960 902 2015 per
915 1945 1265 2015 sanguinem
1284 1943 2049 2015 Christi,persuasissimum

401 2032 711 2101 habentes,
744 2033 1060 2088 Dominum
1096 2049 1299 2087 revera
1329 2049 1460 2089 esse
1493 2049 1563 2087 ex
1600 2049 1814 2103 genere
1871 2030 2050 2087 David

401 2121 726 2176 secundum
762 2138 1025 2189 carnem,
1050 2122 1262 2177 Filium
1289 2121 1412 2189 Dei,
1441 2121 1767 2176 secundum
1792 2120 2052 2176 volunta-

401 2217 520 2265 tem
551 2217 608 2266 ct
639 2212 966 2282 potentiam
996 2211 1120 2278 Dei,
1155 2217 1358 2266 natum
1393 2227 1522 2266 vere
1555 2227 1623 2265 ex
1655 2210 1916 2283 Virgine,
1948 2209 2053 2264 ba-

401 2299 681 2369 ptizatum
713 2316 745 2354 a
782 2300 1030 2366 Joanne,
1089 2306 1155 2354 ut
1210 2299 1561 2371 impleretur
1612 2298 1684 2354 ab
1733 2317 1801 2354 eo
1854 2299 2051 2354 omnis

393 2385 649 2457 justitia,
684 2403 815 2442 vere
845 2386 952 2441 sub
980 2387 1187 2440 Pontio
1213 2386 1394 2442 Pilato
1427 2393 1486 2441 et
1504 2387 1730 2442 Herodo
1756 2386 2052 2441 tetrarcha

403 2474 583 2530 clavis
616 2475 910 2530 conﬁxum
945 2492 1050 2546 pro
1083 2476 1254 2530 nobis
1286 2476 1345 2530 in
1377 2493 1574 2531 carne.
1607 2477 1687 2530 Ex
1718 2475 1829 2530 hoc
1854 2475 2049 2529 fructu

397 2580 506 2618 nos
538 2581 744 2619 sumus
773 2580 880 2636 per
909 2565 1370 2620 divine—beatam
1405 2565 1744 2637 passionem
1802 2564 1951 2634 ejus,
1986 2569 2052 2618 ut

395 2669 504 2724 per
522 2653 1021 2709 resurrectionem
1045 2670 1212 2709 suam
1242 2655 1303 2709 in
1329 2655 1540 2710 saecula
1563 2653 1754 2709 elevet
1771 2653 2049 2709 vexillum

397 2759 504 2814 pro
528 2743 748 2798 sanctis
775 2747 835 2797 et
857 2743 1132 2799 ﬁdelibus
1152 2745 1297 2809 suis,
1332 2745 1451 2799 sive
1473 2744 1534 2798 in
1566 2743 1806 2810 Judaeis,
1839 2743 1957 2798 sive
1989 2742 2048 2796 in

398 2831 695 2903 gentibus,
729 2832 789 2886 in
820 2848 940 2888 uno
967 2849 1211 2904 corpore
1243 2832 1520 2888 Ecclesiae
1549 2849 1690 2887 sum.

2159 1937 2248 1992 καὶ
2280 1935 2569 2011 πνεύματι,
2609 1937 2698 1992 καὶ
2747 1933 3124 2010 ἡδρασμένους
3164 1936 3215 1992 ἐν
3263 1937 3446 2012 ἀγάπῃ
3496 1935 3546 1991 ἐν
3591 1940 3662 2008 τῷ
3705 1936 3775 1989 α’ἰ-

2165 2047 2291 2100 ματι
2333 2027 2571 2101 Χριστοῦ
2600 2029 2734 2099 (58),
2789 2022 3406 2100 πεπληροφορημένους
3456 2025 3528 2087 εἰς
3571 2026 3655 2079 τὸν
3687 2024 3774 2078 Κύ-

2163 2135 2278 2189 ριον
2311 2117 2494 2187 ἡμῶν,
2527 2113 2752 2185 ἀληθῶς
2785 2114 2915 2170 ὄντα
2954 2114 3014 2168 ἐκ
3039 2115 3222 2191 γένους
3256 2109 3424 2169 Δαϐἶδ
3454 2115 3586 2169 κατᾶ
3613 2115 3775 2188 σάρκα,

2161 2205 2285 2259 Υἱὸν
2318 2209 2474 2275 Θεοῦ,
2503 2205 2636 2260 κατά
2668 2207 2776 2279 (59)
2809 2203 3028 2277 Θὲλημα
3080 2205 3170 2258 καὶ
3229 2202 3460 2276 δύναμιν
3514 2208 3654 2274 Θενῦ,
3699 2223 3775 2277 γε-

2159 2294 2456 2368 γενημένον
2489 2290 2712 2362 ἀληθῶς
2771 2291 2830 2346 ἐκ
2879 2293 3171 2366 Παρθένου,
3217 2287 3642 2366 βεϐαπτισμένον
3689 2289 3777 2344 ὑπὸ

2160 2380 2430 2451 Ἰωάννου,
2463 2382 2552 2436 ἳνα
2590 2382 2864 2455 πληρωθῇ
2909 2385 3053 2436 πᾶσα
3109 2379 3430 2450 δικαιοσύνη
3485 2382 3571 2435 ὑπ’
3617 2379 3778 2450 αὐτοῦ,

2161 2470 2384 2541 ἀληθῶς
2413 2471 2501 2526 ἐπὶ
2535 2469 2761 2526 Ποντίου
2795 2471 3036 2525 Πιλάτου
3067 2471 3158 2526 καὶ
3217 2467 3473 2545 Ἡρώδου
3505 2470 3778 2544 τετράρχου

2159 2560 2552 2633 καθηλωμένον
2591 2560 2722 2632 ὑπὲρ
2754 2561 2914 2632 ἡμῶν
2965 2557 3018 2613 ἐν
3067 2557 3224 2634 σαρκί
3281 2565 3349 2619 ¹¹,
3409 2561 3524 2639 Ἀφ’
3575 2557 3634 2614 οὗ
3677 2578 3782 2631 καρ-

2159 2654 2264 2704 ποῦ
2295 2651 2407 2724 (60)
2439 2652 2602 2722 ἡμεῖς
2631 2648 2738 2704 ἀπὸ
2766 2653 2866 2703 τοῦ
2897 2649 3332 2724 θεομακαρίστου
3391 2649 3556 2704 αὐτοῦ
3584 2647 3780 2714 παὈους.

2152 2736 2244 2792 τινα
2273 2739 2378 2814 ἄρῃ
2413 2737 2691 2810 σύσσημον
2727 2737 2802 2798 εἰς
2841 2738 2969 2799 τοῦς
3035 2737 3237 2801 αἰῶνας
3275 2734 3366 2792 διὰ
3415 2745 3516 2807 τῆς
3571 2735 3775 2791 iuvantia

2159 2849 2294 2890 σεως
2327 2827 2402 2890 εἰς
2431 2826 2558 2888 τοὺς
2605 2826 2790 2902 ἁγίους
2847 2827 2940 2881 καὶ
2990 2826 3214 2890 πιστοὺς
3259 2827 3429 2883 αὐτοῦ
3480 2827 3544 2898 ⁸⁸,
3589 2823 3687 2881 εἴτε
3735 2823 3778 2878 ἐν

2157 2913 2468 2990 Ἰουδαίοις,
2501 2915 2608 2972 εἳτε
2639 2914 2692 2970 ἒν
2744 2914 2967 2986 ἔθνεσιν,
3016 2914 3071 2971 ἒν
3121 2915 3198 2972 ἑνὶ
3265 2916 3484 2991 σώματι
3538 2922 3632 2985 τῆς
3681 2915 3781 2970 Ἐκ-

2158 3005 2392 3078 κλησίας
2421 3004 2609 3064 αὐτοῦ.

1274 3111 1342 3164 ll.
1377 3109 1623 3166 Christus
1652 3127 1775 3165 vere
1804 3109 1864 3164 in
1895 3125 2061 3164 carne
2083 3125 2277 3180 passus
2300 3115 2398 3165 est.
2433 3108 2636 3164 Contra
2667 3107 2910 3163 Docetas.

462 3216 674 3272 Omnia
703 3220 902 3272 autem
934 3215 1057 3272 hinc
1114 3231 1324 3287 passus
1377 3223 1468 3271 est
1514 3222 1756 3289 propter
1802 3233 1934 3286 nos,
1979 3220 2043 3271 ut
2073 3217 2116 3284 C

2227 3215 2548 3288 (61)Ταῦτα
2579 3213 2681 3291 γὰρ
2722 3213 2895 3268 πάντα
2951 3207 3142 3268 ἔπαθεν
3201 3209 3272 3268 δι’
3330 3214 3506 3287 ἡμᾶς,
3559 3212 3646 3267 ἳνα
3697 3229 3783 3264 cur

1859 3333 2022 3388 Vetus
2052 3334 2340 3402 interpres.

388 3435 669 3487 raverunt
688 3430 868 3503 ipsos,
902 3429 1236 3486 liberentur
1265 3431 1326 3486 in
1357 3431 1544 3503 gratia
1571 3433 1709 3486 Jesu
1737 3431 1976 3486 Christi.
1999 3429 2236 3503 Salutat
2265 3446 2366 3503 vos
2393 3429 2650 3503 charitas
2677 3427 3000 3503 multorum
3033 3429 3133 3500 qui
3162 3427 3224 3503 i_n
3264 3428 3493 3503 'Ijroade
3518 3445 3532 3484 :
3563 3426 3708 3503 unde
3734 3430 3783 3480 et

390 3503 583 3558 scribo
616 3499 784 3557 vobis
811 3518 919 3573 per
953 3504 1222 3572 Burrum,
1265 3499 1513 3558 missum
1547 3519 1778 3558 mecum
1805 3503 1877 3558 ab
1910 3502 2179 3574 Ephesiis
2212 3506 2270 3556 et
2291 3501 2610 3574 Smyrnmis
2635 3501 2699 3574 in
2723 3499 2967 3574 verbum
2984 3499 3249 3555 honoris.
3285 3501 3549 3574 Honoret
3569 3506 3625 3574 et
3645 3500 3780 3574 ipsos

388 3574 676 3646 Dominus
703 3569 873 3629 lesus
901 3574 1167 3629 Christus
1197 3569 1217 3641 ;’
1244 3575 1303 3628 in
1337 3591 1513 3645 quem
1547 3579 1788 3646 sperent
1818 3569 2018 3642 carne,
2047 3573 2265 3641 anima,
2301 3569 2535 3644 spiritu,
2573 3571 2711 3641 ﬁde,
2756 3571 3068 3641 charitate,
3104 3571 3445 3629 concordia.
3505 3569 3687 3627 Valete
3729 3569 3779 3622 in

388 3645 618 3702 Christo
649 3647 804 3714 Jesu,
838 3647 1142 3701 communi
1176 3663 1278 3717 spe
1312 3652 1534 3701 nostra.

389 3759 415 3786 ι(
443 3735 726 3806 Ignatius,
759 3734 859 3804 qui
892 3741 948 3790 et
977 3735 1379 3806 Theophorus,
1413 3735 1686 3790 Ecclesiae
1715 3735 1818 3790 Dei
1852 3735 2042 3790 Patris
2086 3739 2161 3806 et
2193 3733 2394 3789 dilecti
2443 3733 2578 3787 Jesu
2616 3731 2877 3806 Christi,
2917 3730 3157 3806 habenti
3205 3733 3680 3806 piropitiationem
3728 3730 3777 3783 in

457 3803 619 3861 omni
642 3803 1276 3878 charismateﬁmpletze
1297 3806 1354 3860 in
1378 3806 1493 3861 ﬁde
1519 3813 1578 3862 et
1597 3807 1906 3869 charitate,
1932 3805 2294 3878 indeﬁcienti
2319 3805 2626 3878 exsistenti
2647 3804 2807 3858 omni
2829 3803 3208 3878 charismate,
3229 3803 3346 3878 Deo
3364 3804 3778 3878 decentissima

464 3884 522 3932 et
553 3877 906 3945 sanctiferm,
937 3873 1246 3934 eXsistenti
1279 3879 1340 3932 in
1373 3878 1624 3949 Smyrna
1651 3879 1804 3933 Asia:
1830 3894 1844 3944 ;
1878 3879 1940 3933 in
1971 3877 2422 3948 incoinquinato
2449 3875 2662 3947 spiritu
2690 3881 2748 3931 et
2768 3875 2943 3930 verbo
2969 3876 3091 3942 Dei,
3119 3873 3443 3947 plurimum
3468 3876 3708 3949 gaudere
3733 3894 3775 3925 ιι.

1933 3977 2158 4031 CAPUT
2197 3976 2238 4031 l.

455 4075 730 4147 Gloriﬁco
760 4076 959 4147 lesum
977 4074 1275 4147 Christum
1303 4077 1506 4142 Deum,
1529 4077 1630 4146 qui
1654 4093 1752 4131 vos
1776 4076 2075 4147 sapientes
2105 4075 2277 4147 fecit;
2310 4073 2573 4147 intellexi
2607 4073 2767 4127 enim
2795 4090 2894 4147 vos
2926 4072 3216 4147 perfectos
3242 4074 3304 4128 in
3334 4071 3776 4147 immobiliﬁde,

385 4145 889 4217 quemadmodum
913 4145 1213 4217 claviﬁxos
1246 4147 1305 4200 in
1336 4164 1508 4201 cruce
1528 4145 1759 4202 Domini
1783 4145 1969 4202 nostri
1989 4147 2126 4202 Jesu
2147 4146 2363 4201 Christi
2395 4152 2452 4201 et
2481 4161 2658 4200 carne
2681 4151 2740 4199 et
2772 4146 3007 4217 spiritu,
3034 4151 3091 4199 et
3121 4146 3386 4200 ﬁrmatos
3409 4146 3472 4201 in
3492 4145 3774 4205 charitate,

385 4217 448 4299 in
479 4215 766 4299 sapguine
798 4215 1012 4299 Christi
1042 4231 1054 4270 :
1090 4217 1446 4299 certiﬁcatos
1476 4223 1535 4299 in
1568 4219 1884 4299 Dominum
1910 4224 2179 4299 nostrum
2229 4219 2430 4273 Jesum
2479 4215 2822 4299 Christum,‘
2852 4232 2987 4299 vere
3037 4217 3421 4299 exsistentem
3472 4217 3776 4299 degenere

387 4285 566 4360 David
599 4285 929 4360 Secundum
960 4303 1220 4353 carnem,
1254 4289 1465 4344 Filium
1499 4290 1600 4344 Dei
1637 4290 1966 4346 secundum
2007 4290 2371 4346 voluntatem
2403 4295 2460 4343 et
2491 4289 2817 4360 potentiam
2849 4288 2974 4354 Dei,
3005 4288 3269 4360 genitum
3296 4305 3432 4344 vere
3453 4306 3523 4344 ex
3545 4285 3777 4360 Virgine,

386 4357 748 4433 baptizatum
779 4373 813 4412 a
840 4358 1095 4433 Joanne,
1118 4365 1184 4413 ut
1215 4361 1508 4430 impleatur
1536 4365 1711 4416 omnis
1729 4364 1956 4433 justitia
1987 4363 2056 4416 ab
2087 4364 2224 4432 ipso,
2274 4377 2408 4433 vere
2461 4357 2585 4433 sub
2618 4360 2823 4433 Pontio
2872 4357 3082 4433 Pilato
3111 4365 3170 4414 et
3221 4361 3450 4416 Herode
3504 4357 3779 4433 tetra'rcha

385 4429 718 4504 claviﬁxum
750 4447 854 4501 pro
887 4430 1056 4484 nobis
1085 4431 1144 4504 in
1177 4429 1373 4504 carne.
1408 4435 1452 4486 A
1493 4433 1662 4504 cujus
1694 4429 1889 4488 fructu
1912 4449 2042 4498 nos,
2075 4429 2326 4488 a‘divine
2349 4431 2694 4504 beatissima
2715 4431 2903 4504 ipsius
2928 4431 3233 4504 passione;
3258 4438 3323 4504 ut
3348 4433 3483 4487 levet
3504 4435 3707 4500 signum
3727 4429 3778 4481 in

385 4499 618 4583 saecula,
655 4499 766 4583 per
787 4503 1306 4583 resurrectionem,
1336 4503 1395 4558 in
1432 4499 1667 4560 sanctos
1699 4511 1756 4560 et
1790 4505 1996 4560 ﬁdeles
2027 4505 2235 4576 ipsius,
2265 4509 2324 4558 et
2354 4504 2414 4558 in
2441 4502 2660 4557 Judaais
2708 4499 2765 4558 et
2817 4502 2880 4556 in
2926 4499 3220 4573 gentibus,
3274 4503 3335 4558 in
3383 4520 3508 4559 uno
3555 4499 3777 4573 corpore

1913 4647 2144 4703 CAPUT
2200 4647 2270 4702 ΙΙ.

460 4742 595 4796 Haec
627 4742 786 4798 enim
815 4743 1018 4798 omnia
1047 4760 1254 4815 passus
1286 4751 1375 4799 est
1406 4761 1510 4816 pro
1545 4744 1738 4814 nobis,
1789 4751 1854 4800 ut
1910 4746 2221 4802 salvemur.
2281 4744 2350 4799 Et
2401 4759 2538 4798 vere
2590 4758 2797 4813 passus
2856 4748 2963 4814 est,
2996 4749 3063 4798 ut
3119 4748 3177 4799 et
3233 4759 3366 4798 vere
3425 4739 3776 4800 resuscitavit

385 4571 666 4627 Ecclesiae
689 4573 898 4644 ipsius.

460 4858 501 4894 ¹¹
534 4859 736 4914 Matth.
770 4877 856 4929 ιιι,
892 4865 976 4916 l5.
1059 4863 1101 4898 ¹²
1132 4862 1265 4917 lsai.
1310 4879 1360 4927 v,
1393 4865 1498 4929 26;
1528 4880 1682 4930 xux,
1715 4866 1805 4920 22.

458 5011 572 5081 (5t)
622 5010 808 5082 Hujus
838 5012 1103 5083 epistolae
1153 5013 1344 5086 versio
1395 5015 1631 5086 Syriaca
1662 5032 1783 5070 non
1813 5020 2037 5082 exstat;
2069 5021 2085 5086 Ι

2217 5014 2335 5084 (56)
2367 5011 2824 5086 Καθῃιιωμὲνους.
2862 5013 2979 5069 Hoc
3008 5003 3292 5086 vocabulo
3316 5013 3576 5084 lgnatius
3608 5009 3772 5067 ﬁrmi-

389 5082 721 5157 tragmenta
741 5082 939 5138 tamen
955 5084 1246 5139 nonnulla
1257 5082 1492 5157 Syriaca
1508 5085 1694 5142 edidit
1709 5089 2038 5142 Curetonus

391 5156 433 5206 Ι.
464 5171 538 5221 c.,
569 5170 667 5226 pp.
702 5155 790 5220 32,
822 5157 892 5208 42
923 5161 979 5210 et
1006 5157 1096 5210 48.

463 5222 721 5302 (52):Cl:r.
759 5227 780 5280 1
811 5225 941 5302 Cor.
977 5243 1017 5291 ι,
1050 5229 1080 5280 7
1117 5243 1130 5281 :
1185 5222 1324 5281 ὥστε
1373 5226 1513 5299 ὑμᾶς
1565 5229 1642 5300 μὴ
1703 5226 2035 5302 ὑστερεῖσθαι

390 5287 442 5344 ἰν
470 5287 674 5371 ξμηδεᾼνξ
699 5287 1041 5371 χαρίσματι.

464 5365 580 5435 (53)
613 5365 756 5424 νὶἀὲ
779 5365 827 5424 ὁ.
865 5365 923 5424 [1
962 5376 1020 5425 et
1046 5372 1131 5424 l2.

462 5438 572 5505 (54)
603 5439 732 5514 I._e.
791 5457 911 5514 qua;
967 5441 1171 5497 sanctis
1227 5445 1434 5512 referta
1490 5449 1589 5510 est,
1649 5458 1817 5512 eoque
1873 5443 2036 5514 quasi

387 5519 586 5571 parere
614 5511 846 5566 videtur.
880 5513 1078 5567 Pmns.

462 5577 572 5654 (355)
603 5580 806 5654 Codex_
825 5598 934 5648 ms,
968 5584 1146 5638 habet
1189 5579 1445 5654 δοξάζων.
1499 5584 1610 5641 Sed
1659 5602 1794 5640 cum
1839 5587 2032 5642 inter-

384 5643 1110 5740 p.o_lato‘reft_£raginenjo
1165 5643 1402 5726 Syriaco
1451 5658 1778 5729 (Cureton.,
1828 5675 1887 5729 p.
1941 5657 2030 5729 32)

409 5716 706 5789 agendum
735 5716 1138 5791 puto'Sogdcw.

2148 5093 2331 5143 tatem
2363 5085 2500 5140 ﬁdei
2534 5085 2971 5156 Smyrnaaorum
3005 5084 3284 5140 illustrat.

2217 5161 2323 5222 (57)
2357 5157 2400 5210 I.
2434 5172 2486 5210 e.
2520 5173 2590 5210 ea:
2617 5158 2833 5225 integro
2858 5172 2921 5210 ac
2950 5158 3065 5211 sine
3093 5156 3208 5211 ullo
3237 5157 3472 5225 defectu.
3504 5156 3685 5211 Sll‘l‘ﬂ.

2217 5230 2328 5300 (58)
2350 5228 2492 5300 Hinc
2524 5224 3128 5296 laudatTheodoretn
3162 5224 3331 5295 Dial.,
3359 5228 3403 5282 Ι.
3427 5233 3470 5282 t.
3504 5228 3594 5295 IV,
3624 5224 3772 5298 p.49.

2145 5297 2238 5355 ed.
2275 5297 2540 5354 Schulze.

2215 5371 2326 5445 (59)
2357 5369 2760 5445 Theodoretus
2792 5368 2972 5445 habet
3000 5367 3256 5445 σεῦτητα.
3320 5442 3330 5445 _
3407 5440 3445 5445 __
3757 5433 3768 5445 ο

2215 5443 2325 5510 (60)
2358 5442 2448 5514 Sc.
2485 5441 3283 5514 lignisChristus,pendens
3316 5442 3377 5514 in
3407 5440 3772 5514 lignotquasi

2141 5511 2912 5595 fructushe'jus-intelligitur.
2932 5511 3052 5595 Cir.
3077 5514 3150 5569 ad
3175 5513 3372 5595 T.rall.,
3395 5511 3490 5569 cfl
3512 5512 3767 5595 ίλξεθιιε.

2214 5586 2321 5654 (61)
2363 5578 2478 5638 ΟΓΓ.
2525 5578 2767 5640 Joannis
2813 5584 3143 5640 doctrinam
3192 5586 3262 5640 de
3315 5578 3487 5641 carne
3543 5578 3769 5636 Christi-

2141 5655 2186 5713 Ι.
2219 5658 2383 5712 Joan.
2418 5671 2490 5724 iv,
2530 5658 2603 5724 2;
2639 5673 2678 5723 ι,
2719 5661 2736 5710 ι
2769 5671 2781 5719 ;
2815 5673 2879 5724 ιι,
2912 5659 2999 5711 22.
