4060 6206
261 379 382 439 ’ῖο9

1472 371 1858 432 EPISTULA
1903 369 2007 429 AD
2051 371 2161 430 SM
2175 369 2530 431 YRNxEOS.

3561 376 3680 435 ’110

261 513 473 584 θῶμεν.
508 508 609 566 Καὶ
639 507 864 578 ἀληθῶς
895 501 1106 573 ἔπαθεν,
1157 505 1230 566 ὡς
1283 503 1376 559 καὶ
1423 501 1649 574 ἀληθῶς
1677 501 1915 572 ἀνέστη·
1951 561 1957 572 1

2054 504 2288 559 ιειιιιίθηι
2319 509 2916 576 consequeremur.Et
2946 523 3148 564 revera
3177 525 3386 580 passus
3417 515 3596 577 est,ut
3625 514 3684 565 et

263 622 351 656 σεν
412 603 525 671 (62)
585 597 795 666 ἑαυτὸν,
855 595 984 670 οὐχ’
1041 592 1223 667 ὥσπερ
1284 589 1500 647 ἄπιστοί
1550 612 1688 653 τινες
1721 589 1921 665 λέγου-

260 711 368 756 σιν,
410 690 523 762 (63)
581 688 642 741 τὸ
701 683 880 741 δοκεῖν
939 683 1100 740 αὐτὸν
1155 681 1504 750 πεπονθέναι,
1537 679 1692 735 αὐτοὶ
1721 681 1784 734 τὸ
1810 682 1922 752 (64)

260 778 444 836 δοκεῖν
501 779 672 840 ’ὀντεςο
731 777 822 831 καὶ
879 777 1059 839 κιθὼς
1115 778 1404 854 φρονοῦσιν
1456 774 1544 828 καὶ
1581 767 1918 846 συμϐήσεται

256 869 471 936 αὐτοῖς,
503 866 652 923 οὖσιν
684 866 996 939 ἀσωμάτοις
1030 864 1120 919 καὶ
1152 861 1518 938 δαιμονικοῖς.

2033 611 2235 649 revera
2265 595 2526 666 seipsum
2557 597 2963 664 resuscitavit;
2997 613 3138 665 non,
3170 604 3236 654 ut
3271 600 3515 669 quidam
3546 600 3678 655 infi-

2034 682 2198 738 deles
2228 682 2453 751 dicunt,
2479 685 2808 740 secundum
2833 688 3243 757 apparentiam
3277 704 3411 744 eum
3438 705 3679 759 passum

2033 788 2185 838 esse,
2219 772 2332 843 ipsi
2379 772 2708 828 secundum
2753 777 3162 846 apparentiam
3193 778 3590 845 exsistentes;
3623 784 3681 832 et

2031 861 2537 932 quemadmodum
2559 863 2818 934 sapiunt,
2838 865 2921 918 sic
2944 870 3003 919 et
3023 865 3327 938 continget
3346 866 3680 937 eis,quippe

2032 953 2132 1023 qui
2164 952 2522 1024 phantastici
2555 953 2675 1007 sint
2695 958 2755 1007 et
2778 953 3074 1009 diabolici.

1201 1085 1293 1139 III.
1331 1083 1577 1138 Christus
1615 1089 1667 1137 et
1689 1088 1817 1153 post
1845 1081 2298 1136 resurrectionem
2328 1079 2590 1134 in‘came
2617 1081 2752 1147 fuit.

336 1221 446 1288 (65)
481 1214 624 1289 Ἐγὼ
681 1213 785 1288 γὰρ
844 1212 934 1267 καὶ
997 1209 1132 1284 μετᾶ
1188 1212 1288 1280 τὴν
1349 1209 1632 1264 ἀνάστασιν
1683 1207 1733 1261 ἐν
1769 1205 1926 1281 σαρκὶ

297 1305 328 1363 ὖ
372 1307 386 1326 \
513 1301 569 1325 ‘7‘
974 1302 998 1340 Ἰ
1398 1300 1413 1319 \
1487 1299 1496 1317 1
1697 1299 1750 1334 ηρ
1869 1298 1881 1336 ‘\

256 1329 288 1362 α
331 1327 425 1362 τον
483 1319 608 1360 οιοα
657 1304 748 1359 καὶ
814 1322 1052 1358 πιστευω
1107 1323 1254 1358 οντα.
1313 1303 1415 1357 Και
1466 1301 1555 1355 ὸτε
1615 1319 1748 1374 προ..
1802 1317 1928 1359 τοδς

260 1395 390 1471 περὶ
453 1394 654 1469 Πὲτρον
703 1392 889 1462 ἦλθεν,
949 1384 1051 1468 ἔφη
1109 1390 1315 1452 αὐτοῖς·
1377 1383 1602 1459 Λάϐετε,
1662 1387 1930 1464 ψηλαφή-

261 1486 390 1541 σατὲ
453 1504 540 1557 με,
606 1482 699 1537 καὶ
762 1478 930 1550 Ἱδετε,
992 1479 1078 1535 ὅτι
1137 1479 1240 1534 οὐκ
1296 1477 1411 1552 εἰμὶ
1463 1475 1748 1552 δαιμόνιον
1781 1475 1929 1531 ἀσώ-

270 1596 445 1650 ματον
473 1575 610 1646 (66).
642 1570 747 1628 Καὶ
797 1569 952 1634 εὐθὺς
986 1569 1151 1625 αὐτοῦ
1180 1569 1442 1643 ἥψαντον,
1476 1569 1561 1622 καὶ
1595 1566 1928 1638 ἐπίστευσαν,

265 1661 630 1740 κρατηθέντες
685 1665 757 1735 τῇ
817 1658 971 1734 σαρκῖ
1032 1658 1196 1713 αὐτοῦ
1251 1659 1340 1712 καί
1389 1657 1467 1730 τῷ
1515 1655 1800 1731 πνεύματι.
1835 1657 1932 1710 Διά

265 1759 434 1808 τοῦτο
466 1751 557 1806 καὶ
610 1750 839 1804 Θανάτου
890 1750 1319 1826 κατεφρόνησαν,
1355 1747 1661 1822 ηὑρέθησαν
1707 1744 1762 1801 δὲ
1795 1747 1932 1824 ὑπὲρ

2109 1209 2224 1279 £330
2254 1207 2415 1262 enim
2445 1207 2587 1277 scio,
2638 1213 2698 1262 et
2738 1215 2872 1280 post
2921 1210 3423 1266 resurrectionem
3455 1227 3590 1267 eum
3622 1213 3683 1268 in

2036 1311 2212 1350 carne
2244 1295 2449 1364 fuisse,
2483 1301 2541 1351 et
2566 1296 2741 1352 credo
2773 1314 2909 1352 eum
2941 1297 3133 1353 adhuc
3163 1297 3223 1353 in
3256 1315 3433 1354 carne
3461 1302 3688 1355 esse.Et

2037 1383 2274 1456 quando
2327 1384 2401 1440 ad
2431 1387 2670 1440 Petrum
2701 1390 2758 1441 et
2787 1388 2978 1442 socios
3007 1387 3140 1457 ejus
3168 1389 3348 1454 venit,
3381 1388 3468 1444 eis
3497 1389 3647 1444 dixit
3671 1422 3686 1460 ε

2038 1495 2066 1524 ιι
2086 1473 2794 1546 Apprehendite,palpate
2815 1482 2997 1544 me,et
3019 1475 3229 1544 videte,
3250 1477 3408 1549 quod
3431 1495 3551 1534 non
3575 1479 3688 1534 sim

2039 1561 2404 1619 daemonium
2419 1564 2926 1636 iucorporale.»Et
2940 1565 3251 1622 confestim
3271 1568 3470 1640 ipsum
3489 1569 3692 1641 tetige-

2039 1657 2187 1708 runt
2213 1659 2272 1708 et
2301 1653 2702 1721 crediderunt,
2726 1655 2975 1710 convicti
3007 1672 3182 1711 carne
3211 1657 3338 1729 ejus
3367 1663 3424 1712 et
3453 1658 3686 1729 spiritu.

2040 1741 2288 1813 Propter
2317 1743 2428 1797 hoc
2461 1743 2637 1798 etiam
2664 1750 2906 1799 mortem
2937 1750 3510 1816 contempserunt,et
3538 1763 3691 1802 mor-

265 1843 520 1907 θάνατον.
555 1842 669 1914 (67)
729 1837 878 1895 Μετὰ
909 1834 968 1892 δὲ
1021 1839 1122 1906 τὴν
1193 1835 1479 1891 ἀνάστασιν
1511 1837 1802 1914 συνέφαγεν
1834 1834 1930 1891 αὖ-

2054 1829 2115 1883 :is
2145 1837 2282 1885 sunt
2313 1832 2533 1886 inventi
2563 1833 2833 1888 victores.
2880 1834 3022 1888 Post
3050 1835 3548 1889 resurrectionem
3579 1851 3686 1890 au-

263 1937 382 1994 τοῖς
412 1931 505 1986 καὶ
565 1930 808 1984 συνεπιεν
870 1927 944 1989 ὡς
1006 1927 1284 2000 σαρκικὸς,
1322 1925 1515 2002 καίπερ
1547 1931 1927 2000 πνευματικῶς

265 2018 560 2094 ἡνωμένος
583 2023 662 2092 τῷ
695 2019 893 2094 Πατρί.

2039 1924 2159 1974 tem
2193 1937 2326 1975 cum
2361 1920 2480 1975 illis
2511 1921 2768 1977 comedit
2798 1926 2856 1976 et
2881 1921 3047 1988 bibit,
3075 1929 3140 1977 ut
3169 1922 3446 1992 carnalis,
3480 1939 3688 1994 quam-

2038 2009 2124 2064 vis
2155 2009 2544 2080 spiritualiter
2572 2011 2774 2066 unitus
2807 2017 2962 2066 esset
2989 2011 3170 2067 Patri.

669 2157 760 2211 1V.
796 2155 986 2211 Cavete
1013 2155 1160 2210 vobis
1189 2155 1258 2209 ab
1290 2155 1557 2209 hereticis
1588 2157 1722 2212 istis.
1756 2155 1874 2212 Nisi
1905 2153 2157 2212 Christus
2197 2163 2319 2202 vere
2361 2163 2555 2217 passus
2607 2153 2761 2213 esset,
2792 2163 2891 2202 nec
2921 2164 3020 2217 ego
3046 2155 3290 2218 paterer.

333 2281 519 2337 Ταῦτα
552 2276 607 2333 δὲ
638 2282 888 2352 παραινῶ
946 2277 1098 2350 ὑμῖν,
1140 2276 1440 2351 ἀγαπητοὶ,
1503 2273 1682 2347 εἰδὼς,
1716 2279 1802 2333 ὃτι
1836 2277 1926 2333 καὶ

266 2371 425 2443 ὑμεῖς
485 2369 667 2431 οὕτως
724 2365 897 2443 ἔχετε.
964 2365 1342 2446 ΙΙροφυλάσσω
1403 2363 1459 2420 δὲ
1511 2367 1650 2439 ὑμᾶς
1684 2367 1789 2421 ἀπὸ
1819 2371 1930 2422 τῶν

265 2459 476 2535 θηρίων
529 2461 638 2512 τῶν
693 2457 1200 2534 ἆνθρωπομὸρφων,
1233 2451 1326 2517 οὕς
1379 2454 1441 2509 οὐ
1478 2455 1642 2528 μόνον
1676 2451 1760 2510 δεῖ
1789 2456 1929 2528 ὑμᾶς

266 2549 346 2622 μὴ
380 2544 803 2623 παραδέχεσθαι,
855 2543 979 2600 ἀλλ’
1032 2543 1080 2598 εἷ’
1128 2541 1355 2598 δυνατόν
1399 2541 1533 2614 ἐστι,
1571 2541 1712 2616 μηδὲ
1739 2565 1929 2600 συναν-

264 2641 384 2708 τᾷν,
448 2635 614 2709 μόνον
675 2632 732 2690 δὲ
788 2634 1186 2708 προσεύχεσθαι
1245 2634 1379 2706 υπὶρ
1436 2633 1641 2698 αὐτῶν,
1687 2631 1773 2688 ἐάν
1813 2655 1930 2696 πως

272 2727 707 2799 μετανοήσωσιν,
755 2723 886 2798 ὅπερ
937 2719 1226 2780 δύσκολον.
1287 2722 1499 2778 Τοῦτου
1531 2719 1588 2777 δὲ
1618 2721 1738 2797 ἔχει
1777 2720 1932 2794 ἐξου-

271 2815 390 2870 σίαν
436 2817 648 2885 Ἰησοῦς
699 2813 940 2887 Χριστὸς
967 2812 1028 2866 τὸ
1061 2810 1324 2881 ἀληθινὸν
1370 2813 1534 2884 ἡμῶν
1567 2815 1688 2886 ζῇν.
1717 2814 1835 2886 (68)
1868 2812 1930 2868 Εἰ

267 2905 374 2979 γὰρ
423 2903 489 2959 τὸ
546 2900 722 2957 δοκεῖν
774 2903 884 2974 (69)
927 2903 1098 2956 ταῦτα
1149 2899 1401 2975 ἐπράχθη
1460 2899 1564 2954 ὗπὸ
1595 2904 1691 2954 τοῦ
1721 2901 1932 2974 Κυρίου

271 2995 460 3066 ἡμῶν,
492 2991 648 3068 κάγὼ
675 2995 756 3063 τῷ
787 2987 964 3045 δοκεῖν
998 2986 1241 3063 δέδεμαι.
1300 2989 1364 3044 Τί
1427 2985 1484 3043 δὲ
1529 2990 1616 3044 καὶ
1652 2994 1767 3056 (70)
1799 2988 1931 3044 ἐαυ-

273 3083 367 3139 τὸν
397 3077 618 3136 ἔκδοτον
653 3077 862 3142 δέδωκα
913 3082 994 3152 τῷ
1049 3078 1284 3150 θανάτῳ,
1317 3078 1454 3153 πρὸς
1478 3082 1610 3149 πῦρ,
1653 3078 1790 3154 πρὸς
1827 3080 1934 3152 μά-

2117 2274 2197 2328 De
2223 2272 2315 2327 his
2344 2277 2542 2328 autem
2574 2271 2863 2327 admoneo
2895 2291 3016 2343 vos,
3049 2276 3402 2348 charissimi,
3428 2276 3693 2347 quamvis

2045 2381 2145 2418 vos
2174 2361 2332 2418 idem
2364 2362 2585 2418 sentire
2618 2363 2821 2418 sciam.
2858 2365 2968 2419 Sed
2999 2367 3326 2437 praamunio
3358 2383 3456 2422 vos
3488 2372 3694 2422 contra

2042 2453 2221 2519 feras,
2254 2453 2547 2507 humanas
2597 2453 2792 2523 specie
2849 2452 3108 2520 indutas,
3170 2472 3316 2526 quos
3348 2473 3466 2510 non
3498 2455 3693 2510 solum

2043 2545 2274 2614 oportet
2304 2558 2402 2595 vos
2435 2558 2554 2595 non
2585 2541 2870 2613 recipere,
2900 2543 3023 2611 sed,
3055 2543 3102 2597 si
3135 2543 3415 2614 possibile
3449 2549 3558 2608 est,
3589 2560 3698 2597 ne-

2043 2652 2157 2706 que
2189 2634 2420 2689 obviam
2445 2635 2528 2688 eis
2551 2635 2702 2700 ﬁeri,
2721 2634 2915 2690 solum
2936 2652 3071 2691 vero
3099 2653 3205 2707 pro
3238 2637 3322 2691 eis
3352 2652 3693 2696 orare.num

2042 2723 2306 2795 aliquam
2337 2724 2744 2794 pmnitentiam
2774 2729 2970 2796 agant,
2999 2725 3157 2796 quod
3187 2725 3509 2781 admodum
3540 2725 3693 2780 difﬁ-

2043 2813 2155 2868 cile
2183 2813 2486 2884 est.Hujus
2510 2817 2708 2868 autem
2738 2819 3094 2884 potestatem
3125 2815 3303 2870 habet
3330 2816 3496 2871 Jesus
3526 2815 3695 2870 Chri-

2044 2905 2192 2972 stus,
2225 2901 2325 2972 qui
2360 2917 2493 2956 vera
2525 2907 2614 2956 est
2635 2903 2751 2957 vita
2781 2889 3003 2958 nostra.
3023 2903 3081 2957 Si
3104 2909 3299 2960 autem
3321 2903 3471 2959 illud
3491 2903 3564 2959 ad
3595 2921 3694 2975 ap-

2043 2991 2378 3062 parentiam
2406 2995 2637 3046 tantum
2671 3007 2705 3046 a
2736 2991 2984 3048 Domino
3012 2999 3214 3048 nostro
3246 2999 3552 3065 peractum
3584 2998 3694 3063 est,

2045 3085 2102 3134 et
2124 3096 2228 3153 ego
2259 3079 2333 3135 ad
2384 3081 2793 3152 apparentiam
2853 3087 3079 3138 tantum
3139 3083 3367 3138 vinctus
3399 3097 3551 3141 sum.
3578 3086 3696 3141 Cur

273 3190 498 3246 χαιραν,
557 3170 692 3244 πρὸς
751 3167 954 3244 (inpia;
1012 3165 1172 3224 Ἀλλ’
1227 3165 1390 3243 ἐγγὺς
1445 3168 1726 3242 μαχαίρας
1770 3166 1930 3244 ἐγγὺς

2054 3186 2177 3225 vero
2208 3174 2264 3224 et
2296 3170 2587 3241 meipsum
2622 3170 2835 3226 tradidi
2883 3172 3080 3240 morti,
3115 3171 3190 3228 ad
3221 3172 3435 3245 ignem,
3470 3171 3543 3227 ad
3569 3171 3692 3244 gla-

276 3264 437 3329 Θεοῦ,
499 3258 696 3332 μεταξὺ
753 3257 957 3332 θηρίων
1036 3257 1229 3330 μεταξὺ
1302 3259 1455 3311 Θεοῦ·
1520 3257 1682 3328 μόνον
1742 3256 1794 3312 ἐν
1849 3263 1929 3331 τῷ

275 3349 510 3422 ἀνόματι
541 3350 723 3419 Ἰησοῦ
754 3349 1013 3422 Χριστοῦ.
1065 3348 1178 3419 (71)
1221 3345 1310 3406 Εἷς
1355 3345 1418 3400 τὸ
1450 3350 1751 3417 συμπαθεῖν
1785 3346 1932 3420 αὐτῷ

2042 3260 2228 3330 dium,
2254 3259 2328 3316 ad
2354 3259 2573 3315 bestias
2592 3261 2620 3315 ?
2649 3262 2882 3328 Verum,
2909 3262 3006 3332 qui
3027 3279 3208 3334 pr0pe
3230 3262 3694 3334 gladium,prope

2043 3351 2228 3405 Deum
2251 3355 2358 3417 est,
2380 3349 2482 3421 qui
2506 3366 2639 3405 cum
2663 3350 2890 3418 bestiis,
2914 3368 3049 3407 cum
3074 3352 3190 3406 Deo
3214 3357 3336 3420 est;
3371 3351 3692 3408 dummodo

1747 3473 1913 3529 Vetus
1942 3475 2231 3544 interpres.

279 3592 546 3664 seipsum
570 3607 582 3643 :
617 3605 759 3664 non,
791 3587 1290 3660 quemadmodum
1315 3586 1585 3664 infideles
1607 3587 1850 3664 quidam
1873 3587 2099 3656 dicunt,
2125 3588 2453 3664 secundum
2479 3589 2662 3664 videri
2686 3591 2879 3664 ipsum
2908 3609 3144 3663 passum
3169 3608 3318 3659 esse,
3345 3594 3456 3664 ipsi
3481 3610 3691 3648 secun-

280 3658 422 3718 dum
453 3661 636 3717 videri
673 3658 1017 3730 existentes,
1049 3665 1107 3714 et
1137 3658 1642 3730 quemadmodum
1679 3659 1938 3731 sapiunt,
1972 3666 2030 3715 et
2059 3660 2287 3715 accidet
2317 3661 2482 3732 ipsis,
2517 3658 2942 3719 exsisténtibus
2982 3665 3349 3735 incorporeis
3369 3658 3438 3719 'et
3467 3665 3692 3719 daemo-

284 3735 494 3790 niacis.

1813 3831 2047 3886 CAPUT
2085 3833 2180 3888 Ill.

355 3935 473 4006 Ego
505 3931 755 4006 enimet
785 3934 920 4006 post
948 3929 1448 4006 resurrectionem
1478 3928 1537 3982 in
1568 3944 1745 4006 carne
1771 4005 1774 4006 ν
1801 3944 1974 4000 psum
2006 3929 2151 4006 vidi,
2178 3935 2236 4006 et
2267 3929 2444 3985 credo
2477 3931 2881 4006 exsistentem.
2914 3935 2984 4006 Et
3013 3948 3147 3987 cum
3178 3932 3253 3988 ad
3276 3949 3376 3988 eos
3409 3933 3509 4004 qui
3541 3933 3700 3989 circa

283 3999 528 4060 Petrum
554 4002 747 4076 venit,
768 3999 852 4056 ait
881 4001 1062 4076 ipsis;
1096 3999 1523 4071 Apprehendite,
1543 3999 1815 4076 “palpate
1859 4016 1964 4064 me,
2012 4007 2067 4076 et
2093 4002 2295 4076 :videte,
2327 4002 2591 4076 quoniam
2638 4021 2750 4076 non,
2774 4019 2894 4058 sum
2925 4004 3259 4061 daemonium
3290 3999 3696 4076 incorporeum.

287 4078 357 4132 Et
386 4075 702 4131 confestim
735 4070 929 4148 ipsum
963 4070 1302 4148 tetigerunt,
1337 4077 1394 4126 et
1423 4070 1824 4148 crediderunt,
1858 4072 2117 4148 convicti
2142 4089 2316 4128 carne
2339 4070 2552 4145 'ipsius
2581 4081 2638 4148 et
2667 4075 2897 4147 spiritu.
2934 4078 3181 4148 Propter
3211 4077 3323 4131 hoc
3353 4082 3410 4130 et
3441 4070 3698 4132 mortem

289 4153 818 4218 contempserunt;
851 4145 1072 4199 inventi
1104 4149 1305 4218 autern
1351 4147 1508 4218 sunt
1538 4149 2026 4218 super_mortem.
2086 4145 2220 4198 Post
2281 4145 2778 4202 resurrectionem
2829 4152 3028 4202 autem
3051 4145 3320 4202 comedit
3350 4164 3482 4202 cum
3526 4149 3610 4203 eis
3643 4155 3701 4203 et

287 4219 460 4284 bibit,
495 4213 561 4274 ut
588 4217 845 4273 carnalis
876 4233 888 4280 ;
923 4216 1190 4288 quamvis
1223 4213 1607 4285 spiritualiter
1635 4213 1841 4268 unitus
1872 4215 2053 4270 Patri.

1831 4313 2060 4368 CAPUT
2081 4314 2171 4366 IV.

358 4416 493 4469 Hmc
523 4418 722 4468 autem
755 4411 1082 4467 monefacio
1115 4409 1297 4476 vobis,
1334 4408 1555 4482 dilecti,
1590 4409 1785 4464 sciens
1816 4411 2086 4482 quoniam
2118 4416 2176 4465 et
2208 4429 2306 4466 vos
2338 4413 2420 4468 sic
2453 4414 2708 4469 habetis.
2732 4415 3070 4470 Praemunio
3101 4423 3298 4472 autem
3319 4434 3420 4472 vos
3443 4433 3476 4471 a
3497 4417 3706 4472 bestiis

287 4483 894 4558 anthropomorphis;
929 4499 1076 4558 quos
1099 4498 1227 4558 non
1260 4481 1452 4558 solum
1484 4485 1718 4558 oportet
1749 4481 1846 4536 vos
1878 4499 1997 4536 non
2016 4483 2439 4558 reciperetsed
2461 4487 2518 4558 psi
2551 4486 2834 4558 possibile
2867 4503 3061 4558 neque
3093 4489 3177 4543 eis
3207 4488 3479 4558 obviare:
3511 4489 3706 4544 solum

287 4551 693 4612 autem’orare
724 4551 830 4626 pro
861 4551 1030 4626 ipsis,
1064 4555 1112 4608 si
1141 4569 1256 4630 quo
1291 4551 1466 4630 modo
1514 4551 1881 4623 pmniteant;
1925 4555 2092 4630 quod
2125 4551 2400 4630 difficile.
2455 4551 2641 4628 Hujus
2695 4564 2893 4612 autem
2953 4551 3130 4614 habet
3160 4556 3513 4630 potestatem
3541 4561 3709 4614 Jesus

287 4630 581 4694 Christus,
615 4624 815 4702 verum
849 4624 1130 4702 nostrum
1150 4625 1360 4702 vivere.
1387 4624 1452 4702 .S_i
1483 4630 1682 4702 autem
1718 4624 2050 4702 secundum
2085 4626 2270 4702 videri
2322 4628 2470 4702 hzec_
2493 4624 2736 4702 operata
2783 4635 2924 4702 sunt
2951 4647 2984 4684 a
3015 4624 3535 4702 Dominoinostro:
3570 4647 3707 4702 ergo

291 4707 352 4774 et
383 4717 490 4774 ego
521 4697 846 4774 secundum
877 4696 1260 4774 videri__ligor.
1295 4695 1444 4760 Quid
1475 4700 1673 4774 autem
1706 4695 2575 4774 et_meipsum__traditumAdedi
2625 4700 2824 4774 morti,
2857 4701 2930 4756 ad
2963 4702 3183 4774 ignem,
3217 4701 3605 4774 adigladium,
3638 4695 3712 4774 ad

291 4767 566 4828 bestias?
597 4769 710 4825 Sed
736 4786 914 4841 prope
947 4767 1232 4841 gladium,
1274 4783 1457 4838 prope
1487 4767 1712 4824 Deum:
1764 4767 1931 4823 inter
1967 4768 2230 4823 medium
2283 4769 2632 4838 bestiarum,
2690 4767 2845 4826 inter
2892 4767 3179 4827 medium’
3217 4767 3352 4827 Dei:
3394 4773 3595 4828 Solum
3646 4773 3709 4828 in

370 4957 484 5027 (6'2)
515 4953 630 5008 Cfr.
663 4952 819 5008 infra
850 4969 899 5006 c.
934 4954 988 5018 7,
1021 4949 1049 5004 ὁ
1080 4949 1531 5023 Πατὴρῆγειρεν,
1565 4954 1622 5003 et
1653 4949 1725 5004 ad
1749 4949 1950 5021 Trall.,

2065 4967 2193 5007 esse
2225 4952 2614 5028 contenditS.
2648 4954 3040 5027 Hieronymus
3070 4955 3131 5010 in
3161 4956 3435 5028 Catalogo
3467 4957 3718 5028 scripto-

301 5045 356 5084 θ’
379 5030 492 5168 (ῗί3)
523 5095 637 5151 Cfr.
670 5095 745 5151 ad
776 5093 978 5168 Trall.,
1012 5111 1062 5149 c.
1102 5094 1184 5148 10.

2063 5039 2197 5099 rum
2227 5025 2785 5099 ecclesiasticorum.
2816 5025 3147 5082 Pearsonus
3179 5025 3512 5099 suspicatur
3544 5025 3714 5099 lgna-

2068 5094 2212 5149 tium
2245 5112 2314 5151 ea
2349 5112 2417 5150 ex
2445 5095 2760 5151 traditione
2819 5099 2965 5153 orali
3025 5115 3153 5154 esse
3209 5094 3710 5156 mutuatumfcfr.

375 5163 497 5240 (64),
518 5167 822 5238 Ejusmodi
850 5164 1280 5240 paronomasiaa
1312 5163 1529 5240 smpius
1553 5163 1735 5240 apud
1786 5165 1957 5240 Igna-

2065 5166 2344 5223 Credner.
2371 5170 2622 5238 Beih'age
2650 5169 2694 5232 Ι,
2727 5185 2784 5238 p.
2818 5171 2944 5238 407,
2976 5173 3099 5225 408.

295 5233 451 5296 tium
471 5233 785 5307 leguntur,
817 5233 871 5295 οῖ
894 5255 952 5309 g.
977 5237 1037 5290 in
1062 5233 1734 5309 inscriptioneepistolaa
1757 5233 1834 5290 ad
1853 5238 1955 5292 Po-

293 5303 633 5384 lycarpuin,
668 5310 729 5384 in
761 5303 854 5384 ep.
887 5303 1159 5384 ad_Rom.
1186 5303 1323 5384 αξξ,
1357 5304 1431 5359 ad
1463 5303 1663 5384 Tranll.,
1692 5323 1742 5384 c.
1776 5309 1827 5384 Ei.

375 5376 488 5454 (ὃὸ)
521 5382 653 5436 Haec
682 5376 927 5454 laudant
958 5379 1193 5444 Euseb.,
1240 5376 1647 5454 H_.Ae.,_m_.__36_.
1682 5379 1958 5454 .etil‘heo-

299 5447 520 5522 doret'.,
552 5454 700 5509 Dial.
734 5453 804 5517 ll,
834 5452 870 5506 ι.
907 5468 984 5512 c..
1016 5467 1072 5520 p.
1107 5453 1229 5504 127.
1264 5447 1379 5503 Cfr.
1408 5447 1468 5500 C.
1493 5447 1578 5500 W.
1605 5448 1695 5522 Fr.
1720 5450 1958 5506 Walch:

294 5550 327 5578 ‹‹
367 5519 520 5581 Num
549 5525 810 5593 Ignatius
841 5519 1138 5578 Christum
1172 5525 1304 5593 post
1344 5519 1852 5593 resurrectionem
1900 5524 1963 5577 in

613 5541 810 5580 nauus
841 5541 1138 5578 unnsrum
1172 5541 1304 5593 post
1350 5541 1852 5576 resurrectionem
1900 5541 1961 5577 in

575 5541 750 5676 gerit.
783 5597 1166 5676 Prograrnma
1195 5591 1399 5665 pasch.
1432 5589 1768 5676 ii‘Gotting.,
1802 5596 1961 5676 1772.

375 5671 485 5740 (66)
518 5670 603 5724 Ex
646 5660 956 5738 Evangelio
1004 5660 1416 5722 Nazaréaorum
1468 5660 1596 5716 haec
1652 5660 1966 5737 desumpta

299 5614 488 5655 carne
518 5595 570 5651 vi

2137 5241 2250 5305 (67)
2282 5241 2368 5296 Cf.
2404 5243 2529 5294 Act.
2563 5257 2620 5305 x,
2653 5240 2741 5293 41.

2140 5311 2248 5386 ((58)
2283 5313 2414 5386 llaec
2443 5311 2648 5386 laudat
2677 5310 3048 5380 Theodoret.,
3082 5315 3226 5370 Dial.
3261 5315 3304 5381 Ι,
3345 5314 3385 5368 1.
3427 5331 3502 5385 c.,
3533 5331 3590 5386 p.
3625 5316 3713 5370 50.

2139 5381 2250 5450 (69)
2283 5382 2372 5436 Sc.
2404 5381 2466 5452 τὸ
2489 5384 2707 5452 παθεῖν.

2141 5454 2324 5577 (ῖοέἑ.
2360 5470 2416 5523 q.
2451 5451 2710 5524 ἐμαύτόν,
2760 5459 2826 5510 ut
2875 5471 3051 5527 saepe.
3105 5455 3188 5512 Cf.
3241 5455 3316 5511 ad
3345 5457 3546 5524 Trall.,
3579 5473 3631 5512 c.
3667 5458 3719 5526 3,

2141 5545 2148 5573 ι
2182 5565 2194 5577 .
2305 5565 2319 5577 ο

2072 5540 2194 5578 ηοι.
2228 5540 2319 5578 δι’.

2145 5595 2258 5666 (71)
2288 5595 2372 5650 Cf.
2407 5596 2572 5651 Rom.
2610 5613 2720 5666 vm,
2760 5600 2840 5652 17.
