4030 6212
685 21 3953 50 W

247 454 364 516 'H'l
1373 448 1758 512 EPISTOLA
1800 448 1899 511 AD
1944 447 2519 513 POLYCARPUM.
3536 455 3654 517 718

251 588 338 645 ὃτι
368 586 596 659 λιμὲνος
626 583 735 656 ἤδη
776 585 1065 661 ἒτῦγγανεν
1109 588 1178 660 τῇ
1229 586 1526 660 προσευχῇ
1567 581 1736 655 ὑμῶν.
1791 580 1894 639 Τέ-

2051 583 2364 651 uilitatem,
2390 599 2566 655 quam
2590 582 2762 656 juxta
2782 583 2881 640 Dei
2901 584 3265 643 voluntatem
3286 593 3424 644 sunt
3445 605 3657 646 conse-

252 677 394 733 λειοι
427 672 596 740 ὄντες,
634 674 814 730 τέλειά
854 675 945 728 καὶ
999 679 1265 752 φρονεῖτε.
1318 675 1430 748 (99)
1485 670 1742 728 Θὲλουσιν
1794 671 1898 746 γὰρ

2051 675 2151 739 uti,
2187 680 2243 726 et
2273 675 2429 744 quod
2459 674 2720 729 Ecclesia
2751 675 2856 728 illa
2885 692 2991 745 per
3021 676 3349 731 orationem
3404 686 3655 736 vestram

256 767 382 838 ὑμῖν
418 765 739 841 εὐπράσσειν
773 764 901 829 Θεὸς
925 763 1148 838 ’ὲτοιμος
1181 763 1256 825 εἰς
1288 764 1350 818 τὸ
1380 767 1704 842 παρασχεῖν.

2055 769 2188 817 ortu
2205 763 2330 833 jam
2359 763 2435 817 sit
2455 764 2659 834 potita.
2675 763 2820 818 Cum
2847 766 3091 835 perfecti
3124 766 3274 832 sitis,
3309 768 3488 822 etiam
3520 787 3658 840 per-

2010 852 2168 907 fecta
2188 854 2944 926 excogitetis.Cupientibus
2959 872 3116 911 enim
3134 857 3298 912 vobis
3319 857 3470 913 bene
3484 874 3659 931 agere

2016 942 2168 997 Deus
2199 943 2272 998 ad
2301 943 2674 1016 largiendum
2705 948 2946 1015 paratus
2979 949 3086 1000 est.

1678 1055 1798 1110 XII.
1832 1055 2226 1115 Salutationes.

331 1164 664 1232 Ἀσπάζεται
735 1163 875 1234 ὑμᾶς
914 1162 948 1229 ἡ
1000 1160 1185 1236 ἀγάπη
1246 1162 1355 1214 τῶν
1407 1157 1659 1238 ἀδελφῶν
1706 1163 1814 1214 τῶν
1863 1159 1917 1214 ἐν

255 1251 505 1327 Τρωάδι,
539 1251 655 1306 ὅθεν
693 1250 784 1305 καὶ
833 1250 1027 1329 γράφω
1077 1250 1207 1321 ὑμῖν
1261 1246 1349 1303 διὰ
1397 1253 1479 1322 (1)
1528 1248 1797 1322 Βούῤῥου,
1856 1250 1914 1303 δν

259 1342 622 1402 ἀπεστείλατε
655 1343 768 1415 μετ’
801 1339 937 1414 ἐμοῦ
995 1340 1107 1414 ἅμα
1157 1339 1445 1416 Ἐφεσίοίς,
1491 1344 1608 1400 τοῖς
1656 1335 1918 1417 ἀδελφοῖς

263 1435 446 1507 ὑμῶν,
477 1433 538 1496 ’ὸς
568 1431 704 1487 καιτά
732 1431 907 1486 πάντα
942 1450 1007 1502 με
1054 1429 1367 1483 ἀνέπαυσεν.
1425 1428 1521 1482 Καὶ
1549 1423 1746 1506 ὄφελον
1784 1427 1919 1482 πάν-

260 1543 354 1584 τες
382 1522 545 1577 αὐτὸν
587 1519 912 1592 ἐμιμοῦντο,
954 1517 1084 1572 ὄντα
1131 1515 1493 1591 ἐξεμπλάριον
1544 1519 1676 1571 Θεοῦ
1727 1514 1917 1570 διακο-

261 1611 410 1673 νίας.
464 1609 763 1685 Δμείψεται
827 1607 986 1662 αὐτὸν
1018 1609 1052 1676 ἡ
1084 1606 1246 1682 χάρις
1303 1605 1438 1660 κατὰ
1484 1605 1674 1658 πάντα.
1718 1605 1919 1660 Ἀσπά-

265 1707 441 1774 ζομειι
486 1699 578 1753 τὸν
637 1699 881 1769 ἀξιόθεον
939 1695 1252 1761 ἐπίσκοπον,
1308 1693 1399 1749 καὶ
1455 1695 1916 1768 θεοπρεπέστατον

260 1785 688 1865 πρεσϐυτέριον.
736 1787 866 1848 τοὺς
922 1783 1254 1846 συνδούλους
1318 1805 1421 1857 μου
1472 1781 1778 1846 διακόνους,
1828 1783 1918 1838 καὶ

2097 1165 2323 1221 Salutat
2351 1183 2454 1220 vus
2485 1166 2741 1221 charitas
2770 1165 3041 1233 fratrum,
3085 1168 3184 1239 qui
3233 1169 3458 1225 Troade
3505 1174 3665 1241 sunt,

2025 1255 2182 1310 unde
2216 1261 2274 1309 et
2302 1255 2496 1310 scribo
2528 1255 2691 1309 vobis
2721 1271 2827 1326 per
2857 1257 3170 1324 Burrhum,
3204 1273 3382 1328 quem
3432 1275 3665 1314 mecum

2027 1345 2272 1398 misistis
2302 1360 2422 1399 una
2451 1360 2585 1399 cum
2619 1344 2908 1415 Ephesiis,
2961 1345 3238 1400 fratribus
3284 1348 3515 1416 vestris,
3567 1348 3670 1418 qui

2028 1434 2189 1488 omni
2205 1433 2376 1488 modo
2400 1450 2494 1488 me
2515 1434 3021 1505 recreavit.Atque
3035 1435 3262 1489 utinam
3276 1451 3485 1491 omnes
3501 1437 3669 1492 illum

2029 1523 2357 1589 imitentur,
2388 1538 2521 1577 cum
2553 1522 2632 1575 sit
2659 1522 2963 1593 exemplar
2983 1522 3165 1577 divini
3191 1524 3536 1580 ministeriil
3568 1527 3674 1582 Re-

2030 1616 2379 1666 muneretur
2405 1610 2598 1682 ipsum
2628 1611 2815 1682 gratia
2845 1627 2950 1682 per
2981 1613 3201 1666 omnia.
3233 1613 3432 1668 Saluto
3451 1615 3676 1685 episco-

2029 1714 2171 1770 pum
2203 1699 2320 1753 Deo
2352 1697 2616 1769 dignum,
2651 1703 2708 1751 et
2735 1699 2853 1752 Deo
2884 1698 3337 1754 dilectissimum
3368 1701 3672 1772 presbyte-

2030 1787 2206 1852 rium,
2241 1804 2554 1842 conservos
2586 1803 2750 1842 meos
2779 1786 3083 1855 diaconos,
3117 1790 3583 1862 singillatimque
3606 1808 3674 1847 ac

263 1881 396 1941 τοὺς
427 1881 538 1934 κατ’
570 1875 738 1952 ἄνδρα
767 1877 856 1931 καὶ
895 1881 1051 1950 κοινῇ
1117 1873 1340 1939 πάντας,
1372 1872 1425 1928 ἐν
1460 1873 1688 1946 ὀνόματι
1741 1874 1920 1942 Ἰησοῦ

2054 1894 2090 1930 n
2124 1877 2470 1931 universum
2501 1892 2729 1941 omnes,
2772 1876 2832 1930 in
2860 1878 3102 1932 nomine
3118 1880 3254 1933 .Iesu
3276 1880 3511 1946 Christi,
3533 1885 3590 1933 et
3612 1881 3672 1934 in

263 1971 534 2045 Χριστοῦ,
567 1967 655 2021 καὶ
687 1970 755 2038 τῇ
804 1965 959 2039 σαρκὶ
1008 1964 1175 2019 αὐτοῦ
1220 1963 1308 2018 καὶ
1365 1967 1445 2034 τῷ
1503 1959 1712 2034 α’ἷματι,
1765 1962 1918 2016 πάθει

260 2080 332 2115 τε
363 2061 452 2113 καὶ
486 2057 789 2124 ἀναστάσει,
822 2056 1052 2128 σαρκικῇ
1094 2073 1153 2108 τε
1199 2053 1290 2106 καὶ
1329 2055 1688 2124 πνευματικῇ,
1737 2054 1810 2121 (2)
1865 2050 1916 2105 ἐν

268 2149 533 2220 ὀνόματι,
564 2144 617 2201 ἐν
661 2145 875 2214 ἑνότητι
906 2146 1041 2198 Θεοῦ
1070 2143 1157 2196 καὶ
1197 2142 1372 2215 ὑμῶν.
1395 2140 1563 2215 Χάρις
1587 2133 1919 2214 ὑμῖν,ἒ’λεος,

266 2239 489 2314 εἰρήνη,
522 2237 776 2309 ὑπομονὴ
809 2232 898 2289 διὰ
927 2234 1146 2294 παντός.

2030 1981 2208 2020 carne
2239 1964 2368 2035 ejus
2397 1970 2456 2018 et
2480 1966 2787 2036 sanguine,
2821 1966 3095 2036 passione
3137 1973 3195 2020 et
3241 1969 3674 2023 resurrectione

2031 2054 2319 2125 corporali
2348 2054 2524 2108 simul
2557 2059 2614 2108 et
2644 2054 2958 2125 spirituali,
2990 2055 3051 2109 in
3085 2057 3346 2122 nomine,
3372 2057 3432 2112 in
3454 2058 3674 2114 unione

2031 2143 2131 2198 Dei
2156 2143 2482 2200 vobiscum.
2513 2143 2711 2198 Gratia
2727 2143 2909 2211 vobis,
2945 2145 3374 2214 misericordia,
3408 2162 3544 2218 pax,
3567 2164 3676 2219 pa-

2032 2232 2242 2288 tientia
2272 2232 2350 2286 sit
2379 2247 2633 2304 semper.

1695 2342 1839 2397 XIII.
1872 2341 2262 2396 Salutationes.

348 2445 695 2517 ’Δσπάζομαι
723 2439 851 2504 τοῦς
881 2438 1064 2502 οἷ’κους
1094 2442 1202 2494 τῶν
1228 2435 1476 2516 ἀδελφῶν
1519 2457 1624 2511 μου
1687 2438 1778 2491 σὺν
1826 2458 1920 2511 γυ-

259 2535 412 2605 ναιξὶ
442 2535 529 2588 καὶ
564 2532 790 2596 τέκνοις,
823 2529 910 2584 καὶ
959 2530 1057 2588 τὰς
1116 2527 1434 2602 παρθένους,
1481 2527 1577 2588 τὰς
1622 2525 1918 2601 λεγομένας

260 2630 356 2698 (3)
389 2627 589 2699 χήρας.
621 2618 900 2695 Ἒρῥωσθέ
934 2640 1027 2691 μοι
1052 2617 1101 2672 ἐν
1130 2616 1351 2690 δυνάμει
1373 2615 1921 2688 11νεύματος.Ἀσπά-

257 2723 421 2787 tam:
460 2713 598 2784 ὑμᾶς
629 2714 704 2782 (4)
737 2709 947 2774 Φίλων,
989 2707 1080 2762 σὺν
1138 2706 1259 2778 ἐμοὶ
1313 2701 1407 2762 ὤν.
1462 2706 1797 2779 Ἀσπάζομάι
1827 2706 1917 2760 τὸν

257 2807 425 2861 οἷκον
454 2798 715 2864 Ταουΐας,
746 2800 811 2869 ἢν
846 2797 1088 2875 εὔχομαι
1117 2793 1370 2868 ἐόρᾶσθαι
1419 2795 1598 2849 πίστει
1646 2795 1736 2848 καὶ
1787 2795 1921 2868 ἀγά-

2107 2435 2304 2491 Saluto
2331 2435 2586 2491 familias
2606 2436 2854 2492 fratrum
2878 2454 3146 2493 meorum
3167 2455 3301 2494 cum
3321 2440 3606 2496 uxoribus
3618 2444 3678 2496 et

2033 2524 2259 2590 liberis,
2293 2531 2350 2579 et
2378 2525 2653 2596 virgines,
2686 2531 2922 2581 vocatas
2951 2527 3178 2581 viduas.
3211 2529 3413 2582 Fortes
3453 2529 3581 2584 sitis
3613 2530 3674 2584 in

2035 2615 2245 2668 virtute
2278 2614 2544 2685 Spiritus.
2579 2613 2802 2669 Salutat
2825 2631 2926 2668 vos
2954 2614 3138 2682 Philo,
3172 2616 3270 2686 qui
3325 2633 3555 2670 mecum
3590 2621 3678 2671 est

2033 2702 2234 2757 Saluto
2265 2702 2501 2757 Taviam
2533 2708 2590 2757 et
2622 2702 2862 2757 domum
2895 2703 3044 2774 ejus,
3078 2720 3254 2774 quam
3280 2709 3416 2775 opto
3452 2704 3674 2759 firmari

2035 2790 2150 2846 ﬂde
2182 2795 2240 2845 et
2270 2789 2555 2844 charitate
2586 2790 2875 2862 corporali
2917 2796 2976 2845 et
3006 2790 3316 2862 spirituali.
3352 2792 3549 2847 Saluto
3578 2792 3676 2847 Al-

249 2916 348 2969 πῃ
382 2893 615 2966 σαρκικῇ
644 2910 704 2944 τε
742 2888 831 2943 καὶ
877 2889 1242 2959 πνευματικῇ.
1297 2885 1638 2956 Ἀσπάζομαι
1685 2883 1917 2954 "AKan,

2051 2896 2164 2948 :en,
2193 2879 2586 2935 desiderabile
2607 2881 2686 2934 mi
2697 2881 2755 2934 hi
2776 2897 3016 2948 nomen,
3041 2887 3099 2936 et
3122 2881 3435 2953 Daphnum
3459 2882 3681 2938 incom-

249 2984 333 3039 τὸ
370 2978 612 3047 ποθ·τ,τόν
649 2997 752 3049 μου
791 2972 986 3047 ὄνομα,
1019 2974 1108 3028 καὶ
1141 2973 1350 3046 Δάφυον
1512 2975 1605 3028 τὸν
1659 2971 1923 3048 ἀσύγκρι-

2051 2969 2386 3040 sarabilem,
2420 2974 2478 3023 et
2514 2970 2866 3039 Euteenum,
2927 2987 3254 3041 omnesque
3302 2972 3678 3028 nominatim.

253 3093 384 3140 τον,
425 3068 518 3123 καὶ
556 3063 810 3124 Εῧτεκνον
857 3063 947 3118 καὶ
997 3063 1200 3124 πάντας
1239 3063 1354 3116 κατ’
1397 3057 1593 3134 ὄνομα.
1647 3060 1922 3138 Ἕῤῥωσθε

2051 3059 2238 3114 Valete
2270 3059 2330 3114 in
2350 3058 2538 3131 gratia
2568 3058 2694 3114 Dei.

259 3164 324 3220 ἒν
357 3161 546 3242 χάριτι
579 3161 736 3212 Θεοῦ.

1736 3252 1897 3309 Vetus
1925 3255 2216 3328 interpres.

264 3386 414 3444 quae
445 3363 771 3444 secundum
804 3365 1006 3444 Deum,
1038 3360 1182 3444 ipsis
1208 3359 1422 3444 factam
1442 3360 1985 3444 tranquillitatem;
2015 3369 2078 3444 _et
2107 3365 2389 3444 quoniam
2422 3369 2592 3444 po_rtu
2616 3364 2759 3444 jam_
2777 3365 2964 3435 potita
3001 3369 3108 3444 est,
3157 3366 3425 3444 oratione
3461 3372 3680 3444 vestra.

264 3432 529 3498 Perfecti
552 3436 928 3499 exsistentes,
958 3433 1218 3505 perfecta
1243 3436 1298 3485 et
1329 3432 1538 3502 sapite.
1571 3432 1912 3488 Volentibus
1934 3436 2095 3490 enim
2121 3432 2284 3490 vobis
2306 3432 2696 3502 benefacere,
2723 3432 2876 3491 Deus
2906 3432 3145 3506 paratus
3177 3443 3267 3492 est
3296 3438 3368 3493 ad
3401 3438 3682 3495 tribuere.

1788 3544 2018 3599 CAPUT
2056 3545 2181 3602 XII.

343 3655 570 3710 Salutat
599 3670 704 3707 vos
735 3651 989 3722 charitas
1019 3647 1290 3722 fratrum,
1324 3648 1422 3718 qui
1457 3648 1517 3722 in
1551 3647 1807 3722 Troade:
1832 3649 1988 3705 unde
2018 3656 2076 3704 et
2097 3650 2289 3705 scribo
2306 3651 2470 3705 vobis
2501 3667 2604 3722 per
2630 3651 2946 3719 Burrhum,
2969 3668 3147 3722 quem
3169 3652 3414 3708 misistis
3443 3670 3680 3708 mecum

262 3727 452 3784 simul
493 3722 760 3796 Ephesiis
793 3721 1072 3777 fratribus
1103 3720 1348 3783 vestris;
1381 3720 1484 3790 qui
1515 3720 1840 3775 secundum
1872 3722 2072 3776 omnia
2099 3738 2191 3775 me
2225 3720 2530 3791 quiescere
2561 3723 2717 3777 fecit.
2751 3724 2821 3776 Et
2842 3720 3065 3777 utinam
3094 3739 3301 3777 omnes
3325 3724 3520 3848 ipsum
3555 3724 3684 3778 imi-

262 3807 493 3848 tentur-
530 3797 912 3848 exsistentem
945 3791 1376 3848 exemplarium
1409 3791 1508 3846 Dei
1546 3791 1879 3845 ministerii.
1911 3795 2270 3847 Remuneret
2300 3794 2492 3848 ipsum
2524 3793 2711 3848 gratia
2743 3795 3068 3848 secundum
3095 3794 3318 3848 omnia.
3386 3794 3544 3848 aluto
3567 3796 3683 3848 Deo

260 3807 493 3862 tentur,
530 3791 912 3851 eXsistentem
945 3791 1376 3863 exemplarium
1409 3791 1508 3846 Dei
1546 3791 1879 3845 ministerii.
1911 3795 2270 3847 Remuneret
2300 3794 2492 3862 ipsum
2524 3793 2711 3863 gratia
2743 3795 3068 3848 secundum
3095 3794 3318 3848 omnia.
3347 3791 3544 3849 Saluto
3567 3796 3683 3848 Deo

261 3872 521 3944 dignum
556 3868 920 3944 episcopum,
955 3871 1012 3918 et
1043 3865 1158 3944 Deo
1192 3862 1417 3944 decens.
1439 3862 2328 3944 presbyterium._etponservos
2360 3862 2873 3944 meos’diaconos;
2917 3870 2975 3944 et
3017 3865 3362 3944 singillatim
3422 3870 3480 3920 et
3529 3882 3684 3944 com:

260 3934 539 3998 muniter
570 3934 800 4005 omnes,
836 3938 893 3990 in
924 3936 1166 3990 nomine
1194 3935 1330 3988 Jesu
1360 3934 1595 3988 Christi.
1623 3940 1679 4006 et
1701 3951 1876 3988 carne
1901 3935 2106 4006 ipsius,
2133 3941 2189 3989 et
2213 3935 2519 4005 sanguine,
2544 3941 2602 3989 et
2620 3935 2981 4006 passione.et
3002 3934 3439 3990 resurrectione
3459 3935 3681 3991 carnali

264 4022 335 4070 et
365 4011 683 4086 spirituali,
717 4009 776 4063 in
809 4008 1032 4063 unitate
1070 4006 1166 4061 Dei
1201 4011 1260 4060 et
1289 4005 1484 4060 vestri.
1519 4005 1715 4059 Gratia
1745 4005 1935 4068 vobis,
1963 4011 2023 4060 et
2055 4006 2482 4074 misericordia,
2516 4012 2574 4060 et
2606 4005 2739 4077 pax,
2775 4012 2833 4060 et
2862 4007 3218 4062 sustinentia
3249 4024 3503 4079 semper.

1781 4113 2011 4170 CAPUT
2043 4114 2190 4191 λιιι.

348 4220 549 4275 Saluto
581 4218 787 4273 domos
818 4215 1066 4270 fratrum
1099 4227 1389 4272 meorum,
1421 4225 1557 4265 cum
1589 4209 1872 4264 uxoribus
1903 4216 1959 4264 et
1990 4210 2168 4276 filiis;
2204 4215 2261 4264 et
2308 4210 2564 4280 virgines
2618 4215 2852 4266 vocatas
2904 4210 3128 4268 viduas.
3180 4210 3378 4267 Valete
3428 4212 3576 4267 mihi
3624 4211 3686 4267 in

261 4293 486 4348 virtute
517 4289 728 4344 Patris.
763 4289 989 4343 Salutat
1020 4301 1117 4338 vos
1150 4283 1381 4343 Philou.
1407 4297 1639 4336 mecum
1671 4282 1984 4337 exsistens.
2014 4282 2212 4338 Saluto
2245 4281 2490 4337 domum
2520 4282 2769 4349 Thaviaa,
2803 4299 2981 4352 quam
3039 4299 3142 4337 oro
3197 4283 3421 4339 firmari
3471 4283 3585 4339 fide
3631 4289 3689 4339 et

257 4365 558 4421 charitate
592 4359 818 4416 carnali
852 4364 909 4411 et
938 4355 1252 4428 spirituali.
1283 4353 1482 4408 Saluto
1508 4353 1722 4428 Alken.
1747 4352 2315 4428 des_ideratum_mi_hi
2343 4370 2564 4409 nomen
2590 4369 2604 4418 ;
2634 4360 2691 4408 et
2718 4355 3028 4425 Daphnum
3051 4354 3604 4427 incomparabilem,
3630 4360 3690 4411 et

260 4439 624 4500 Eutecnum,
660 4437 716 4486 et
747 4425 1314 4485 omnes—secundum
1345 4440 1582 4480 nomen.
1616 4425 1813 4480 Valete
1846 4425 1905 4479 in
1935 4427 2123 4497 gratia
2158 4425 2284 4480 Dei.

265 4559 3691 4586 Μ

558 4687 718 4780 AD
777 4681 1639 4779 POLYCARPUM.

263 4857 558 4927 Ignatius.
615 4850 714 4927 qui
764 4853 814 4901 et
875 4843 1257 4927 Theophorus,‘
1307 4841 1628 4927 Polycarpo,
1683 4843 1937 4923 episcopo

352 4919 1070 4988 EcclesizV’Smyrnzm-um,
1104 4919 1201 4984 qui
1238 4919 1354 4983 ipse
1392 4919 1579 4983 potius
1624 4919 1936 4984 episcopum

1963 4685 2013 4748 θ
2127 4705 2452 4802 ΠΡΟΣ
2536 4704 3408 4803 ΠΟΑΥΚΑΡΠΟΝ
3487 4684 3586 4792 (θ).

2041 4857 2324 4933 ἸγνάτιρΞ,
2381 4856 2418 4933 *ὁ
2476 4855 2564 4933 καὶ
2621 4852 2915 4933 Θεδφόρος.
2979 4855 3322 4933 Πολυκάρπῳ
3407 4856 3688 4933 ἐπισκόπῳ

2114 4933 2188 5000 (7)
2250 4925 2575 4996 Ἐκκλησῖας
2627 4925 2975 5001 Σμυρναίων,
3057 4925 3404 5001 μάλλὀν’(8)
3462 4925 3691 4984 ἐπεσκο-

359 5069 471 5140 (99)
505 5063 902 5140 Iiuncjocum
935 5060 1088 5140 male
1117 5056 1691 5140 Semipelagianismi
1731 5074 1939 5140 sPspe-

270 5129 653 5210 ctum'putat
685 5129 1380 5205 Baumgartem-Crusius,
1413 5129 1606 5183 Lehrb.
1654 5131 1708 5184 ἁ.
1745 5129 1936 5200 Dogm.

274 5217 381 5274 G..
411 5217 482 5278 ll,
518 5217 675 5265 H07.

358 5286 434 5353 (l)
465 5282 548 5337 Cf.
580 5279 923 5353 ad_Ephes.,
954 5279 1025 5339 2;
1059 5273 1140 5353 ad.
1163 5271 1414 5353 Philad.,
1448 5275 1614 5352 call.

359 5342 437 5424 32')
469 5355 558 5407 Ἐν
588 5342 818 5424 ὀνᾴμῖιτι
853 5364 975 5424 non
1009 5351 1098 5399 est
1123 5345 1188 5424 in
1218 5349 1328 5398 vet.
1364 5342 1654 5410 versione,
1711 5348 1768 5399 et
1811 5343 1943 5416 pla-

266 5444 367 5484 ne
399 5417 791 5496 omittendum
826 5419 1062 5496 videtur
1115 5417 1341 5496 (fagum
1505 5485 1516 5496 .

357 5499 436 5563 (3)
467 5496 550 5550 Cf.
587 5493 790 5556 Bothe,
829 5491 994 5557 Anf.,
1028 5505 1085 5559 p.
1119 5489 1244 5542 253.
1280 5487 1656 5563 Diaconissae.
1707 5488 1814 5563 etsi
1847 5503 1944 5563 es-

265 5557 430 5627 sent
452 5569 713 5635 virgines,
745 5565 918 5635 χῆραι
947 5557 1640 5635 tamenappellabantur,
1665 5559 1804 5635 quia
1824 5559 1941 5635 pri-

266 5641 408 5698 mis
429 5630 703 5695 Ecclesia:
726 5630 1093 5705 temporibus
1113 5631 1292 5686 vidua
1318 5631 1390 5685 ad
1414 5645 1630 5684 munus
1647 5630 1913 5687 diaconis
1930 5661 1946 5670 -

266 5728 495 5770 sarum
527 5709 664 5781 eligi
699 5706 992 5781 solebant.

369 5784 445 5852 (4)
474 5782 558 5838 Cf.
589 5780 767 5851 supra
801 5795 848 5831 c.
889 5780 973 5830 10.

2119 5065 2194 5136 (5)
2226 5066 2314 5119 Ita
2371 5081 2480 5139 ms.
2541 5063 2828 5119 Smithius
2887 5064 3131 5136 conjicit
3172 5063 3552 5139 Ἀσύγκριτον.
3603 5064 3685 5120 Cf.

2046 5141 2214 5194 Rom.
2247 5153 2363 5201 va,
2399 5137 2485 5190 14.

2119 5210 2196 5280 (6)
2229 5206 2613 5280 Authentiam
2643 5205 2822 5280 hujus
2853 5207 3118 5279 epistola
3138 5215 3352 5280 contra
3403 5207 3690 5280 speciales

2048 5277 2475 5336 nonnullorum
2509 5277 2874 5351 objectiones
2889 5277 3246 5350 nuperrime
3288 5277 3696 5353 propugnave-

3536 5357 3696 5409 runt.

2120 5460 2197 5523 (7)
2228 5458 2524 5514 Vocabulo
2554 5455 2886 5524 Ἐκκλησίας
2921 5456 3072 5512 nihil
3107 5458 3432 5529 respondet
3452 5458 3512 5513 in
3539 5464 3701 5514 utro-

2050 5546 2164 5602 que
2195 5529 2397 5602 codice
2426 5529 2683 5598 Syriaco.

2123 5603 2196 5668 (8)
2230 5601 2390 5655 Hanc
2422 5597 2902 5670 paronomasiam
2935 5599 3272 5656 Vairlenius
3303 5602 3385 5657 ita
3414 5602 3702 5660 reddidit:

2051 5670 2376 5742 Ius-pectori,
2409 5672 2519 5726 imo
2548 5673 2646 5741 qui
2671 5673 2945 5740 impactus
2974 5677 3050 5726 est
3081 5689 3116 5727 a
3145 5675 3273 5729 Deo.
3297 5675 3597 5732 Jacossou.
