4030 6212
239 357 344 421 721

1405 360 1792 424 EPISTULA
1834 365 1936 425 AD
1978 361 2512 426 POLYCARPUM
2524 406 2538 422 .

3543 365 3658 426 722

244 488 530 548 ὑπότασσε.
578 489 652 546 Οὐ
686 498 788 547 πᾶν
833 496 1049 567 τραῦμα
1096 500 1161 564 τῆ
1195 493 1332 568 αὐτῇ
1364 491 1700 566 ὲμπλάστρῳ
1732 494 1886 565 Οερα¹

2010 494 2144 550 dine
2177 494 2422 566 subjice.
2457 496 2581 549 Non
2613 510 2790 549 omne
2821 495 3033 552 vulnus
3093 496 3300 552 eodem
3335 497 3656 568 emplastro

239 577 480 635 πεῦεται.
540 581 682 643 Τοὺς
742 585 850 652 (23)
928 583 1311 656 παροξυσμοὺς
1371 577 1678 656 ἐμϐροχαῖς
1734 585 1890 635 παῦε.

241 669 670 743 (24)(Ρρόνιμος
728 670 886 745 γίνου
945 672 1018 734 ὡς
1073 673 1195 751 ’ὸφις
1255 671 1307 727 ἐν
1364 673 1583 740 ἅπασιν,
1640 670 1730 726 καὶ
1770 669 1896 724 ἐκέ-

242 777 394 830 ραιος
453 762 566 829 (25)
625 759 756 814 ὡσεὶ
810 763 1120 836 περιστερά.
1165 762 1261 817 Διὰ
1315 767 1476 816 τοῦτο
1532 761 1788 834 σαρκικὸς
1847 762 1900 815 εἴ

241 850 331 904 καὶ
357 852 752 922 πνευματικὸς,
807 849 898 907 ’ίνα
947 855 1013 910 τὰ
1072 854 1370 932 φαινόμενά
1424 874 1520 908 σου
1579 853 1654 915 εἰς
1685 853 1899 925 πρόσω-

241 959 342 994 πον
403 938 732 1014 κολακεύῃςο
790 941 858 996 τὰ
916 939 972 997 δὲ
1032 947 1143 1016 (26)
1199 943 1404 1018 ἀόρατα
1459 939 1618 1014 αἴτει,
1671 939 1763 996 ἳνα
1811 962 1898 996 σοι

242 1027 554 1106 φανερωθῇ,
596 1029 748 1091 ὅπως
807 1027 1039 1104 μηδενὸς
1092 1029 1275 1107 λείπῃ,
1334 1033 1420 1086 καὶ
1477 1031 1678 1093 παντὸς
1735 1029 1898 1105 χαρί-

238 1138 446 1189 σματος
479 1120 828 1194 περισσεύῃς.
879 1123 936 1172 Ὃ
988 1121 1176 1194 καιρὸς
1228 1121 1447 1175 ἀπαιτεῖ
1476 1141 1553 1186 σε,
1584 1119 1658 1181 ὼς
1703 1114 1896 1192 κυϐερ-

234 1213 394 1276 νῆται
427 1211 540 1279 (27)
569 1207 826 1280 ἀνέμους,
867 1209 957 1263 καὶ
1015 1210 1088 1270 ὡς
1140 1211 1542 1284 χειμαζόμενος
1574 1207 1788 1280 λιμένα,
1821 1207 1896 1270 εἷς

233 1295 297 1349 τὸ
329 1299 464 1350 Θεοῦ
495 1293 800 1375 ἒπιτυχεῖν,
833 1298 990 1373 Νῆφε
1038 1297 1114 1358 ὠς
1171 1301 1304 1352 Θεοῦ
1358 1296 1624 1367 ἀθλητής
1661 1297 1723 1350 τὸ
1757 1297 1895 1369 θὲμα

233 1383 508 1461 ἆφθαρσία
550 1385 637 1440 καὶ
673 1387 785 1454 ζωὴ
842 1386 1089 1448 αἶ’ώνιος,
1150 1387 1271 1461 περὶ
1302 1386 1368 1454 ἧς
1401 1387 1489 1441 καὶ
1527 1387 1587 1440 σὺ
1621 1384 1891 1444 πέπεισαι,

235 1475 386 1530 Κατᾶ
446 1474 621 1528 πάντα
679 1495 776 1528 σου
833 1479 945 1549 (28)
1002 1475 1296 1551 ἀντίψυχον
1348 1473 1455 1552 ἐγὼ
1502 1474 1691 1530 καὶτὰ
1722 1471 1895 1548 δεσμά

239 1583 367 1637 μου,
403 1563 436 1617 ἃ
469 1562 778 1637 ἠγάπησας.

2004 591 2268 640 curatur.
2312 586 2570 656 Impetus
2628 585 2870 640 febriles
2931 587 3446 656 superfusionibus
3493 589 3654 644 seda.

2002 674 2270 728 Prudens
2293 680 2439 735 esto,
2465 675 2615 728 sicut
2639 691 2907 745 serpens,
2933 675 2994 729 in
3019 675 3384 734 omnibuset
3401 677 3655 747 simplex

2009 767 2074 817 ut
2103 762 2398 817 columba.
2432 763 2655 818 Idcirco
2679 764 3005 833 corporalis
3024 780 3085 818 es
3112 770 3171 818 et
3199 764 3548 834 spiritualis,
3567 772 3653 835 ut,

2010 869 2140 922 quae
2167 869 2364 906 coram
2388 858 2443 906 te
2467 858 2773 923 apparent,
2795 853 3022 922 placide
3048 858 3261 908 tractes
3285 871 3298 918 ;
3334 853 3658 910 invisibilia

2007 945 2205 996 autem
2229 947 2394 1012 petas
2417 948 2482 995 ut
2499 941 2954 996 manifestentur
2977 942 3181 1008 tibi,ne
3206 941 3310 995 tibi
3329 942 3653 1012 quidquam

2007 1030 2161 1084 desit
2185 1036 2244 1084 et
2274 1030 2437 1085 omni
2461 1029 2614 1084 dono
2645 1029 2926 1084 abundes.
2955 1032 3209 1101 Tempus
3233 1032 3453 1102 expetit
3484 1038 3561 1095 te,
3590 1036 3656 1086 ut

2005 1119 2364 1191 gubernator
2392 1124 2616 1186 ventos,
2652 1123 2710 1173 et
2739 1124 2803 1173 ut
2836 1124 3183 1190 tempestate
3207 1121 3466 1189 jactatus
3516 1137 3656 1190 por-

2007 1214 2153 1274 tum,
2185 1214 2249 1262 ut
2280 1225 2414 1262 cum
2449 1207 2565 1262 tuis
2599 1207 2779 1261 Deum
2815 1208 3171 1278 assequaris.
3206 1207 3295 1261 Sis
3331 1207 3562 1262 sobrius
3591 1213 3657 1261 ut

2006 1296 2108 1351 Dei
2130 1296 2386 1361 athleta;
2412 1295 2719 1367 prmmium
2743 1296 3111 1367 propositum
3131 1302 3220 1350 est
3241 1295 3655 1350 immortalitas

2006 1391 2063 1440 et
2094 1386 2208 1440 vita
2239 1391 2482 1452 interna,
2515 1385 2586 1439 de
2618 1402 2735 1456 qua
2792 1390 2849 1438 et
2899 1384 3003 1438 tibi
3057 1402 3404 1456 persuasum
3445 1390 3554 1439 est.
3590 1386 3656 1440 Iu

2005 1474 2282 1530 omnibus
2313 1475 2572 1529 vicissim
2631 1474 2917 1529 recreeris
2975 1491 3067 1530 me
3111 1480 3170 1530 et
3208 1472 3454 1530 vinculis
3487 1473 3653 1543 meis,

2006 1581 2135 1635 qua)
2165 1563 2446 1620 dilexisti.

1685 1679 1783 1734 III.
1826 1678 2203 1736 Continuatio.

309 1799 423 1866 (29)
463 1795 532 1851 Οἱ
577 1793 864 1855 δοκοῦντες
917 1793 1195 1866 ἇξόπιστοι
1257 1795 1387 1849 εἶναι
1444 1794 1530 1849 καὶ
1565 1796 1680 1866 (30)
1710 1793 1886 1866 ἔτερο-

2073 1795 2182 1858 Qui
2207 1793 2481 1850 videntur
2510 1795 2624 1849 fide
2657 1795 2816 1867 digni
2850 1813 2998 1864 esse,
3036 1803 3093 1852 et
3122 1797 3318 1852 aliena
3347 1796 3651 1860 docent,te

237 1881 713 1952 διδασκαλοῦντες,

233 1973 453 2047 ἑδραῖος
508 1973 583 2034 ὡς
641 1977 754 2045 (31)
810 1972 1000 2046 ἄκμων
1056 1974 1415 2046 τυπτόμενος,
1458 1970 1715 2047 Μεγάλου
1745 1970 1888 2025 ἐστὶν

233 2060 480 2132 ἀθλητοῦ
537 2063 598 2117 τὸ
658 2059 904 2136 δέρεσθαι
959 2064 1049 2116 καὶ
1108 2067 1280 2132 νικᾷν.
1342 2060 1596 2118 Μάλιστα
1627 2057 1684 2114 δὶ
1712 2057 1887 2114 ἕνεκεν

235 2156 370 2206 Θεοῦ
401 2153 575 2206 πάντα
623 2149 912 2226 ὑπομένειν
959 2155 1107 2225 ἡμᾶς
1158 2149 1260 2220 δεῖ,
1297 2149 1390 2205 ’ἱνα
1424 2151 1515 2204 καὶ
1545 2151 1706 2211 αὐτὸς
1739 2151 1887 2220 ἡμᾶς

235 2240 530 2312 ὗμομείνῃ.
603 2244 720 2314 (32)
762 2240 935 2296 Πλὲον
996 2239 1292 2301 σπουδαῖος
1351 2239 1505 2314 γίνου
1536 2239 1600 2294 οὗ
1640 2240 1712 2294 εἴ.
1747 2239 1886 2298 Τοὺς

228 2330 456 2403 καιροὺς
517 2331 910 2404 καταμάνθανε.
965 2331 1072 2386 Τὸν
1125 2331 1240 2403 (33)
1291 2329 1424 2400 ὑπὲρ
1472 2328 1660 2401 καιρὸν
1720 2346 1886 2402 προσ-

231 2415 390 2487 δόκα,
416 2421 507 2474 τὸν
543 2417 806 2494 ἄχρονον,
848 2421 939 2474 τὸν
981 2420 1232 2494 ἀόρατον,
1263 2419 1353 2473 τὸν
1385 2416 1455 2472 δι’
1486 2419 1634 2490 ἡμᾶς
1666 2417 1885 2490 ὁρατὸν,

226 2507 324 2562 τὸν
349 2507 736 2582 ἀψηλάφτ,τον,
792 2509 884 2563 τὸν
938 2507 1144 2577 ἀπαθῆ,
1189 2508 1281 2562 τὸν
1343 2505 1412 2561 δι’
1443 2509 1592 2579 ἡμᾶς
1621 2506 1885 2576 παθητὸν,

227 2598 326 2652 τὸν
357 2597 493 2653 κατὰ
521 2597 696 2653 πάντα
723 2598 929 2669 τρόπον
961 2595 1028 2652 δι’
1059 2600 1208 2671 ἡμᾶς
1248 2597 1634 2671 ὑπομείναντα.

803 1885 878 1957 μή
966 1904 1025 1938 σε
1105 1882 1655 1953 καταπλησσὲτωσαν.
1718 1883 1888 1950 Στῆθι

2001 1899 2120 1937 non
2152 1883 2661 1954 perterrefaciant.
2698 1884 2796 1939 Sta
2828 1886 3034 1940 ﬂrmus
3065 1891 3131 1941 ut
3160 1886 3486 1955 incus,quaa
3516 1901 3649 1954 per-

1998 1973 2238 2026 cutitur.
2274 1972 2462 2043 Magni
2495 1972 2732 2028 athletas
2755 1979 2844 2028 est
2865 1975 3009 2028 caedi
3037 1980 3095 2029 et
3124 1974 3375 2028 vincere.
3402 1974 3651 2028 Maxime

1998 2078 2132 2116 vero
2172 2066 2416 2132 propter
2441 2062 2625 2116 Deum
2667 2063 2867 2118 omnia
2910 2063 3204 2118 sustinere
3256 2079 3364 2117 nos
3395 2066 3647 2132 oportet,

1997 2156 2064 2205 ut
2093 2156 2150 2206 et
2183 2151 2305 2221 ipse
2337 2167 2445 2205 nos
2477 2152 2788 2208 sustineat.
2821 2152 3153 2207 Studiosior
3191 2153 3320 2218 fias,
3353 2168 3526 2222 quam
3561 2168 3644 2206 es.

1997 2241 2285 2310 Tempora
2329 2239 2648 2310 perpende.
2698 2242 2867 2306 Eum,
2916 2242 3015 2312 qui
3063 2240 3218 2296 ultra
3262 2247 3494 2311 tempus
3539 2246 3650 2307 est,

1998 2334 2292 2400 exspecta,
2327 2328 2804 2400 intemporalem,
2858 2329 3236 2398 invisibilem,
3269 2334 3511 2401 propter
3539 2345 3648 2382 nos

1995 2417 2309 2485 visibilem,
2334 2417 2803 2489 impalpabilem,
2831 2418 3246 2489 impatibilem,
3271 2424 3512 2489 propter
3540 2432 3648 2470 nos

1997 2507 2329 2578 patibilem,
2363 2505 2463 2577 qui
2486 2506 2648 2561 omni
2698 2505 2876 2562 modo
2931 2512 3174 2580 propter
3202 2523 3311 2562 nos
3342 2505 3642 2562 sustinuit.

1677 2715 1769 2771 IV.
1811 2712 2187 2771 Conlinuatio.

304 2835 484 2906 Χῆραι
546 2833 620 2905 μή
677 2829 1108 2905 ἄμελείσθωσαν.
1168 2831 1277 2902 (34)
1333 2830 1481 2885 Μετὰ
1536 2829 1626 2883 τὸν
1684 2828 1880 2903 Κύριον

218 2921 296 2977 σὺ
357 2920 532 2976 αὐτῶν
593 2922 920 2999 φροντιστής
980 2917 1091 2977 ἔσο.
1156 2915 1341 2988 Μηδὲν
1373 2918 1495 2972 ἄνευ
1527 2918 1755 2994 γνώμης
1786 2937 1881 2972 σου

214 3009 476 3086 γινέσθω,
513 3007 654 3083 μηδέ
685 3011 746 3064 σὺ
779 3006 902 3066 ἄνευ
943 3012 1076 3064 Θεοῦ
1127 3009 1145 3082 [
1176 3009 1290 3081 (35)
1344 3007 1589 3082 γνώμης]
1622 3026 1673 3060 τι
1708 3011 1883 3081 πρᾶσ-

215 3119 298 3154 σε’
335 3099 470 3174 ὅπερ
527 3097 650 3154 οὐδὲ
707 3099 986 3173 πράσσεις,
1044 3101 1158 3170 (36)
1211 3095 1496 3157 εὐσταθής.
1528 3098 1642 3167 (37)
1675 3095 1878 3150 Ιίυκνό-

211 3208 376 3262 τερον
439 3186 746 3264 συναγωγαὶ
832 3188 1182 3264 γινὲσθωσαν.

1270 3186 1354 3256 Ἐξ
1425 3183 1692 3256 ὀνόματος
1750 3168 1952 3237 πάν-Ο

2066 2829 2268 2884 Vidua
2299 2845 2373 2885 ne
2400 2830 2790 2903 negligantur.
2823 2832 2960 2885 Post
2990 2830 3307 2886 Dominum
3339 2835 3402 2885 tu
3434 2847 3637 2888 earum

1993 2925 2233 2973 curator
2263 2920 2363 2974 sis.
2398 2919 2555 2974 Nihil
2587 2919 2715 2974 sine
2745 2925 2845 2974 tua
2873 2919 3172 2975 voluntate
3204 2920 3326 2985 fiat,
3351 2937 3544 2992 neque
3577 2926 3642 2977 tu

1992 3007 2314 3080 quidquam
2340 3009 2466 3063 sine
2492 3009 2592 3063 Dei
2617 3009 2913 3064 voluntate
2942 3025 3079 3081 agas
3104 3025 3117 3074 ;
3151 3009 3308 3080 quod
3330 3026 3441 3065 nec
3471 3011 3638 3080 facis,

1991 3113 2126 3152 cum
2158 3097 2238 3152 sis
2269 3104 2567 3154 constans.
2589 3097 2866 3153 Crebiius
2897 3105 3224 3153 conventus
3256 3098 3418 3154 ﬁant.
3438 3100 3640 3154 Nomi-

1989 3189 2178 3242 natim
2210 3204 2416 3243 omnes
2462 3205 2681 3259 qumre.
2737 3188 2940 3242 Servos
2989 3193 3048 3242 et
3107 3186 3355 3244 ancillas
3385 3206 3460 3244 ne
3492 3207 3640 3244 con-

1691 3291 1855 3346 Velus
1893 3293 2182 3363 interpres.

217 3403 438 3459 vulnus
470 3403 681 3459 eodem
715 3401 1038 3474 emplastro
1068 3405 1328 3474 curatur.
1362 3397 1855 3474 Exacerbationes
1889 3398 1959 3474 in_
1979 3397 2191 3474 pluviis
2223 3398 2442 3469 quieta.
2471 3400 2861 3474 PrudensﬁJs,
2885 3406 2947 3454 ut
2967 3415 3204 3474 segpens,
3229 3400 3288 3474 in
3313 3401 3632 3474 omnibus:

219 3484 275 3530 et
304 3477 563 3546 simplex,
597 3482 658 3529 ut
684 3471 953 3528 columba.
988 3476 1235 3546 PrOpter
1265 3473 1374 3525 boc
1403 3471 1663 3546 carnalis
1694 3487 1757 3524 es
1789 3478 1845 3524 et
1875 3471 2245 3546 spiritualisL
2270 3477 2334 3524 ut
2383 3472 2786 3546 manifestam
2820 3480 2981 3546 tuam
3014 3471 3223 3546 faciem
3243 3472 3630 3546 _blandiaris:

219 3541 552 3602 invisibilia
580 3553 774 3601 autem
810 3551 996 3616 petas,
1025 3541 1224 3598 ut'tibi
1257 3543 1749 3616 manifestentu_r_;
1781 3548 1847 3595 ut
1877 3541 2043 3616 nullo
2077 3542 2339 3607 deﬁcias,
2374 3546 2430 3594 et
2461 3543 3027 3616 omn_i_charismate
3059 3542 3347 3616 abundes.
3382 3545 3634 3613 Tempus

229 3621 454 3690 expetit
486 3626 565 3680 te.
597 3625 665 3674 ut
690 3612 1114 3690 gubernatores
1144 3620 1382 3690 ventos;
1416 3620 1474 3668 et
1503 3619 1567 3666 ut
1590 3613 1690 3682 qui
1718 3612 1783 3690 in
1815 3613 2077 3690 procella
2107 3619 2217 3680 est,
2249 3618 2486 3690 portum
2535 3613 2606 3690 ad
2638 3613 2758 3690 Deo
2789 3613 3157 3690 potiendum.
3192 3613 3397 3690 Vigila,
3430 3621 3496 3667 ut
3515 3612 3634 3690 _Dei

228 3682 493 3746 athleta:
529 3682 748 3754 thema,
781 3686 1145 3758 incorruptio
1173 3691 1242 3758 et
1259 3685 1374 3758 vita
1405 3691 1624 3740 aaterna
1650 3701 1664 3750 ;
1697 3682 1768 3738 de
1801 3682 1916 3753 qua
1947 3689 2004 3738 et
2034 3690 2096 3738 tu
2126 3682 2385 3738 confisus
2416 3700 2498 3739 es.
2533 3682 2868 3740 Secundum
2895 3685 3116 3751 omnia,
3148 3684 3229 3738 tui
3261 3682 3633 3755 refrigerium

227 3778 354 3834 ego,
391 3768 449 3817 et
482 3761 715 3816 vincula
749 3776 878 3816 mea
909 3757 1040 3831 quas
1071 3757 1350 3813 dilexisti.

1753 3842 1984 3897 CAPUT
2022 3843 2116 3897 IlI.

294 3939 405 4004 Qui
436 3939 714 3994 videntur
746 3937 859 3992 ﬁde
891 3937 1051 4003 digni
1085 3951 1213 3990 esse
1264 3938 1322 3989 et
1368 3933 1556 3990 altera
1601 3931 1840 3997 docent,
1884 3947 2006 3986 non
2054 3936 2109 3985 te
2159 3930 2574 4004 stupefaciant.
2628 3931 2726 3986 Sta
2769 3931 2997 4004 ﬁrmus,
3031 3936 3096 3985 ut
3126 3931 3296 3985 incus
3325 3947 3628 4002 percussa.

220 4002 412 4084 Magni
445 4017 538 4066 est
564 4010 802 4084 athleta:
831 4002 1085 4084 discerpi
1119 4006 1428 4084 etvincere
1453 4022 1467 4061 :
1500 4004 1755 4059 maxime
1786 4008 1984 4084 autem
2015 4009 2257 4074 propter
2286 4003 2472 4084 Deum
2495 4004 2698 4058 omnia
2728 4002 3018 4084 sustinere
3042 4019 3158 4084 nos
3179 4009 3448 4074 oportet;
3483 4010 3557 4084 ut
3576 4010 3636 4060 et

220 4073 349 4154 ipse
382 4100 495 4137 nos
526 4080 1010 4154 sustineatsPluAs
1030 4073 1341 4133 studiosus
1376 4077 1503 4140 fias,
1537 4090 1824 4154 quames.
1856 4073 2143 4154 Tempora
2171 4073 2517 4154 considera:
2543 4075 2801 4154 eum-qui
2829 4090 3007 4144 supra
3027 4073 3294 4154 tempus,
3328 4082 3625 4154 exspecta,

219 4145 685 4226 ihtemporalem
710 4169 724 4218 ;
750 4151 1127 4226 invisibilem,
1156 4155 1398 4220 propter
1418 4165 1526 4203 nos
1548 4145 1839 4226 visibilem
1863 4163 1877 4213 ;
1906 4145 2376 4218 impalpabilem,
2398 4145 2848 4218 impassibilem,
2870 4151 3112 4217 propter
3135 4163 3244 4200 nos
3265 4145 3631 4216 passibilem,

224 4221 561 4282 secundum
594 4241 833 4280 omnem
867 4221 1110 4279 modum
1141 4226 1382 4294 propter
1410 4237 1519 4276 nos
1547 4221 1961 4275 sustinentem.

1745 4324 1975 4380 CAPUT
2012 4325 2103 4381 IV.

295 4421 503 4478 Viduas
533 4436 656 4476 non
687 4418 1079 4492 negligantur.
1106 4417 1243 4471 Post
1267 4415 1580 4471 Dominum
1605 4420 1670 4471 ut
1689 4416 1951 4487 ipsarum
1975 4417 2212 4468 curator
2235 4419 2378 4468 esto.
2404 4411 2561 4468 Nihil
2588 4412 2715 4468 sine
2736 4413 3033 4468 sententia
3063 4418 3164 4468 tua
3185 4413 3322 4479 ﬁat;
3355 4429 3550 4482 neque
3573 4417 3636 4468 tu

294 4569 409 4640 (23)
443 4565 577 4640 Haec
610 4564 764 4620 male
797 4563 969 4640 vertit
1000 4562 1178 4640 Syrus
1205 4577 1216 4614 :
1246 4561 1310 4614 ld
1339 4561 1487 4640 quod
1533 4567 1776 4640 acutum
1800 4565 1878 4614 est
1910 4561 1954 4625 D

225 4645 274 4695 et
301 4631 476 4706 secat,
534 4638 760 4692 lenitate
816 4631 1179 4704 mitiga.’Pro
1232 4631 1616 4704 παροξυσμούς
1666 4631 1876 4704 legisse

224 4711 464 4766 videtur
488 4709 832 4778 παραξυσμα.

296 4785 409 4853 (24)
442 4777 794 4835 ΟἲΓζΜειῐιὶι.
827 4795 881 4839 x.
918 4778 1002 4831 16.

300 4845 410 4922 ἰ25)
443 4853 624 4923 Syrus
657 4853 806 4906 banc
838 4848 1197 4905 sententiam
1227 4845 1495 4918 pluribus
1542 4845 1733 4902 verbis
1773 4861 1876 4900 ex-

229 4926 491 5066 “Egit.
526 5011 569 5050 e.
611 5010 817 5049 arcana
871 4995 1013 5066 eilia)
1051 4989 1450 5066 quorumdam.‘
1491 4990 1632 5066 Jun;
1656 4990 1882 5043 Arcana

231 5060 496 5139 mysteria
531 5069 656 5134 Dei,
687 5071 809 5139 aut.
841 5080 962 5132 qua
994 5063 1051 5116 in
1077 5066 1268 5130 futuro
1299 5061 1564 5116 evenient.
1601 5060 1787 5114 erm.

303 5143 422 5210 (27)
455 5140 635 5210 Syrus
665 5137 857 5200 vertit,
891 5151 1103 5210 nauem.

301 5201 417 5281 (‘28)
447 5201 564 5266 Cir.
600 5211 784 5281 lgnat.
837 5205 915 5281 ad
976 5207 1233 5281 Symrn.,
1295 5206 1506 5281 c._10;
1539 5202 1611 5257 ad
1643 5201 1880 5281 Ephes,

234 5269 411 5337 c.‘2l.'
471 5269 658 5354 Syrus
703 5279 897 5341 vertit,
957 5269 1059 5332 siin
1116 5269 1231 5330 loco
1281 5275 1480 5330 animus
1532 5281 1644 5330 tua?
1675 5269 1882 5324 Lam

233 5356 439 5428 ψυχῆς·

308 5412 412 5494 ἆῤ)
447 5427 627 5496 Syrus
659 5421 870 5496 legisse
901 5419 1139 5496 videtur
1149 5435 1160 5471 :
1213 5417 1280 5473 Οἱ
1329 5412 1611 5476 δοκοῦντές
1641 5434 1695 5470 τι
1725 5413 1881 5469 εἶναι.

311 5489 420 5566 (30)
451 5489 570 5552 Οἷς.
598 5496 622 5548 I
650 5493 756 5548 Tin
785 5534 798 5547 .
827 5508 866 5566 ε,
899 5494 969 5566 ;
1006 5507 1075 5555 Vl,

337 5558 424 5640 31)
455 5568 658 5640 Syrus,
685 5562 1041 5640 vocabulum
1075 5561 1278 5640 _&_xpwv
1326 5558 1478 5640 male
1524 5558 1884 5640 intelligens,

243 5631 520 5700 exhibet?
551 5631 652 5694 star
675 5637 884 5693 ﬁrmus
912 5639 978 5690 ut
1006 5633 1235 5698 athleta,
1264 5631 1366 5703 qui
1395 5631 1742 5704 percutitur.

2208 4553 2377 4638 Illéqv
2411 4552 2704 4638 σποοδαῖος
2735 4575 2787 4612 κ.
2819 4576 2868 4609 τ.
2889 4553 2959 4638 ἡλ.
2995 4556 3125 4610 Huic
3145 4572 3332 4638 usque
3355 4556 3428 4638 ad
3451 4557 3632 4638 ﬁnem

1988 4627 2198 4700 capitis
2223 4630 2469 4700 Syriacei
2496 4629 2755 4683 citantur
2800 4645 2835 4682 a
2888 4627 3119 4700 Severo,
3152 4629 3486 4697 patriarcha
3515 4633 3635 4683 An-

1987 4699 2285 4765 tiocheno’,
2319 4699 2475 4769 apud
2502 4700 2886 4762 Curetonum,
2920 4699 2957 4752 l.
2993 4716 3068 4769 c.,
3100 4715 3156 4768 p.
3187 4700 3274 4769 28.

2061 4771 2172 4842 (33*
2200 4773 2284 4826 Ita
2314 4767 2496 4824 codex
2539 4787 2657 4842 ms._
2701 4771 2882 4824 divise
2933 4767 3030 4842 ὑπὲ
3111 4767 3318 4839 κιιρόν.
3351 4769 3485 4824 libri
3524 4771 3632 4824 im-

1988 4839 2175 4914 pressi
2208 4841 2533 4914 composite
2563 4839 2910 4912 ὐπὲρκαιρον,
2945 4840 3058 4895 alio
3091 4857 3332 4912 prorsus
3357 4858 3536 4896 sensu
3567 4871 3632 4882 --

1988 4913 2152 4969 nimis
2182 4920 2450 4967 maturus.
2482 4913 2582 4968 Jac

2082 4985 2170 5055 34)
2204 4985 2382 5055 Syrus
2414 4983 2610 5047 habet,
2630 4989 2860 5055 propter
2890 4983 3222 5037 Dominum.

2086 5053 2174 5124 35')
2209 5053 2370 5110 Adde
2402 5056 2652 5128 γνώμης,
2673 5054 2830 5128 quod
2854 5055 3030 5128 habet
3062 5053 3632 5128 interpolatnnquod

1990 5125 2133 5193 legit
2163 5128 2362 5196 Syrus.
2383 5125 2660 5196 quodque
2692 5127 2752 5180 in
2785 5126 3064 5180 citatione
3089 5126 3264 5193 hujus
3279 5125 3403 5196 loci
3428 5127 3508 5193 (in
3534 5127 3634 5180 ho-

1991 5144 2133 5193 iegit
2164 5144 2198 5182 δ
2245 5144 2362 5183 rus.
2383 5144 2660 5196 quoaque
2692 5144 2752 5180 ιιι
2785 5144 3064 5180 citatione
3090 5144 3264 5193 nllJuS
3291 5144 3403 5179 IOCI
3428 5144 3508 5193 (In
3534 5144 3630 5180 no-

1991 5199 2158 5253 milia
2187 5144 2260 5252 de
2305 5199 2480 5252 unico
2526 5198 2834 5266 utriusque
2872 5197 3229 5251 Testamenti
3275 5195 3630 5268 Iegislalore,

1991 5270 2159 5336 vulgo
2193 5271 2248 5323 S.
2280 5270 2696 5339 Chrysostomo
2729 5267 2969 5339 tributa)
2999 5268 3310 5339 reperitur.

2064 5333 2174 5409 (36)
2205 5333 2415 5410 Syrus'
2439 5357 2572 5394 cum
2630 5338 3048 5409 interpolatore
3072 5333 3281 5410 ‘legit:
3335 5337 3468 5391 ὅπεο
3514 5333 3637 5391 οὖδὲ

1993 5408 2268 5485 πρασσεχς.
2308 5408 2586 5485 Ερστάθιι.

2065 5485 2176 5552 (3Ί)
2209 5481 2564 5552 Ηυκνότερον.
2615 5482 2947 5536 Pearsonus
2995 5479 3068 5536 de
3114 5481 3396 5536 confertis
3426 5487 3483 5536 et
3515 5481 3639 5552 ple-

1995 5555 2109 5616 nis,
2142 5569 2280 5625 non_
2309 5552 2381 5608 de
2407 5552 2650 5625 crebris
2677 5552 3082 5625 (conventibus
3125 5554 3383 5625 exponit.
3417 5557 3492 5608 At
3529 5554 3633 5609 cfr.

1994 5629 2179 5698 Ignat.
2211 5623 2285 5680 ad
2317 5624 2552 5696 Ephes.,
2584 5640 2635 5679 ο.
2664 5624 2749 5678 13.
2771 5623 2888 5678 hc.
