4060 6206
394 362 512 424 ’123

1355 357 1637 420 SANCTI
1683 350 1981 417 IGNATII
2024 342 2432 411 EPISTOLE
2478 345 2880 411 GENUINE.

3657 355 3756 415 ἿΞᾸ

391 505 627 556 temnas
651 516 663 563 ;
689 496 794 552 sed
820 512 929 549 nec
961 493 1070 564 ipsi
1105 491 1677 562 superbiant,verum
1701 489 1773 545 ad
1795 486 2040 561 gloriam
2073 490 2104 554 Α

2187 501 2244 540 ας
2279 484 2390 548 (38)
2427 481 2596 548 ζήτει.
2649 481 2761 549 (39)
2811 477 3051 539 Δούλους
3111 479 3200 532 καὶ
3255 476 3447 541 δούλας
3489 483 3558 552 μὴ
3588 483 3759 558 ὑπερη-

391 591 495 646 Dei
530 589 662 660 plus
695 585 970 644 serviant,
1032 586 1097 634 ut
1153 581 1444 651 potiorem
1495 581 1830 634 libertatem
1864 594 1896 632 a
1928 577 2044 630 Deo

395 679 855 744 consequantur.
892 671 1016 723 Non
1047 667 1387 724 desiderent
1425 666 1843 724 communibus
1873 681 2046 720 sum-

390 765 588 837 ptibus
622 776 652 813 e
680 758 960 814 servitute
992 755 1230 826 redimi,
1255 773 1330 812 ne
1352 757 1503 813 servi
1537 755 1915 812 inveniantur
1946 767 2048 807 cu-

390 849 680 925 piditatis.

2155 571 2328 646 ιράνειο
2361 567 2506 623 ἀλλὰ
2539 565 2680 639 μηδὲ
2713 567 2867 621 αὐτοὶ
2915 567 3348 646 φυσιούσθωσαν,
3378 569 3498 625 ἀλλ’
3530 570 3599 633 εἷς
3627 571 3756 643 δόξαν

2156 663 2290 714 Θεοῦ
2318 656 2486 713 πλέον
2534 652 2960 724 δουλευέτωσαν,
3011 653 3101 710 ’ἱνα
3156 657 3457 729 κρείττονος
3489 659 3761 737 ἐλευθερίας

2157 748 2262 802 ἀπὸ
2319 749 2451 802 Θεοῦ
2505 744 2772 819 τύχωσιν.
2831 745 2922 812 Μὴ
2985 743 3256 817 ἑράτωσαν
3311 745 3415 802 ἀπὸ
3469 753 3560 803 τοῦ
3601 756 3761 806 κοινοῦ

2159 837 2595 912 ἐλευθεροῦσθαι,
2621 832 2714 888 ’ίνα
2749 835 2825 906 μὴ
2856 832 3049 888 δοῦλοι
3079 834 3368 910 εὑρεθῶσιν
3393 839 3686 913 ἓπιθυμίας.

1293 956 1353 1009 ν.
1389 954 1533 1020 Quid
1561 954 1836 1025 conjuges,
1865 949 2098 1018 caelibes,
2127 962 2348 1018 sponsos
2372 949 2590 999 moneat
2617 946 2919 1015 episCOpus.

464 1063 641 1120 Malas
672 1069 830 1119 artes
883 1061 1054 1134 fuge;
1115 1062 1302 1132 magis
1357 1067 1555 1117 autem
1595 1061 1667 1115 de
1699 1059 1817 1114 illis
1849 1073 2047 1113 coram

389 1153 611 1226 populo
645 1151 908 1221 loquere.
962 1149 1272 1204 Sororibus
1321 1150 1468 1206 meis
1513 1149 1712 1217 dicito,
1745 1154 1811 1202 ut
1837 1144 2047 1222 (Domi-

391 1259 536 1298 num
568 1245 790 1307 ament,
825 1245 883 1293 et
911 1239 1142 1294 maritis
1172 1245 1466 1294 contentae
1490 1239 1607 1292 sint
1629 1254 1805 1292 carne
1836 1253 1902 1290 ac
1935 1235 2048 1306 spi-

391 1333 530 1386 ritu.
568 1329 856 1383 Similiter
889 1333 945 1382 et
975 1327 1256 1382 fratribus
1291 1328 1435 1382 meis
1467 1327 1683 1381 manda
1715 1326 1774 1379 in
1803 1324 2046 1379 nomine

391 1420 531 1475 Jesu
561 1417 802 1486 Christi,
835 1421 899 1471 ut
929 1417 1179 1488 diligant
1200 1417 1482 1486 conjuges
1510 1431 1645 1469 suas
1675 1415 1826 1468 sicut
1860 1413 2049 1467 Domi-

393 1523 507 1563 nus
539 1506 863 1561 Ecclesiam
889 1503 1016 1560 “.Si
1043 1505 1174 1574 quis
1197 1510 1390 1574 potest
1411 1503 1468 1556 in
1489 1503 1758 1557 castitate
1783 1517 2044 1568 manere,

394 1597 466 1652 ad
502 1597 789 1650 honorem
823 1593 975 1664 ejus,
999 1592 1098 1662 qui
1125 1592 1410 1646 Dominus
1437 1597 1527 1645 est
1546 1590 1830 1646 carnis.in
1859 1589 2048 1644 humi-

2227 1054 2340 1124 (40)
2372 1050 2480 1112 Τὰς
2508 1051 2864 1126 κακοτεχνίας
2893 1055 3074 1128 φεῦγε·
3107 1049 3320 1122 μᾶλλον
3356 1049 3414 1106 δὲ
3441 1054 3557 1128 περῖ
3583 1053 3765 1110 τούτων

2157 1138 2523 1214 (41)ὁμιλίαν
2583 1143 2763 1195 ποιοῦ.
2819 1142 2953 1201 Ταῖς
3011 1137 3271 1216 ἀδελφαῖς
3333 1163 3436 1215 μου
3477 1140 3763 1217 προσλάλει,

2158 1233 2368 1304 ἀγαπᾷν
2399 1231 2488 1284 τὸν
2524 1229 2746 1304 Κύριον,
2777 1228 2866 1282 xui
2897 1234 3012 1289 τοῖς
3053 1224 3309 1302 συμϐίοις
3341 1230 3601 1303 ἀρκεῖσθαι
3633 1234 3764 1306 σαρκὶ

2155 1320 2244 1374 καὶ
2276 1318 2563 1392 πνεύματι.
2596 1318 2836 1390 Ὁμοίως
2866 1319 2952 1372 καὶ
3003 1324 3119 1378 τοῖς
3169 1317 3424 1398 ἀδελφοῖς
3459 1341 3558 1391 μου
3587 1325 3770 1398 παράγ-

2154 1407 2318 1484 γελλε
2366 1407 2416 1461 έν
2470 1408 2697 1480 ὀνόματι
2749 1409 2928 1476 Ἰησοῦ
2980 1408 3236 1482 Χριστοῦ,
3293 1409 3500 1485 ἀγαπᾷν
3543 1411 3630 1471 τὰς
3658 1433 3770 1483 συμ-

2157 1495 2307 1559 ϐίους
2365 1497 2439 1557 ὡς
2471 1497 2499 1551 ὁ
2538 1497 2730 1571 Κύριος
2784 1499 2882 1566 τήν
2933 1495 3282 1567 Ἐκκλησίαν.
3344 1496 3417 1554 Εἴ
3466 1519 3544 1559 τις
3584 1496 3769 1554 δύναται

2156 1587 2208 1642 ἐν
2239 1588 2426 1662 ἁγνείᾳ
2461 1586 2631 1659 μένειν
2667 1587 2742 1648 εἰς
2775 1588 2942 1658 τιμὴν
2997 1591 3096 1642 τοῦ
3154 1590 3262 1660 (42)
3320 1587 3520 1664 Κυρίου
3547 1597 3638 1658 τῆς
3668 1611 3772 1664 σαρ-

394 1685 565 1740 litate
596 1687 855 1738 maneat.
889 1683 944 1734 Si
979 1681 1283 1752 glorietur,
1315 1681 1528 1750 periit;
1576 1687 1635 1734 et
1681 1680 1727 1733 si
1761 1696 1823 1734 se
1857 1677 2048 1747 majo-

2179 1678 2268 1746 ιὸς,
2303 1677 2354 1731 έν
2417 1675 2725 1750 ἀκαυχησίᾳ
2788 1674 3010 1747 μενέτω.
3073 1676 3194 1730 Ἐὰν
3253 1679 3774 1751 καυχήσηταμάπώ,

396 1790 524 1830 rem
557 1773 834 1843 episcopo
852 1776 1112 1837 censeat,
1132 1768 1559 1823 interiit.Decet
1583 1784 1740 1833 vero,
1760 1772 1824 1821 ut
1845 1765 2044 1836 sponsi

401 1868 460 1918 et
477 1877 710 1933 sponsas
733 1859 804 1914 de
837 1857 1133 1912 sententia
1155 1857 1416 1928 epiSCOpi
1438 1857 1778 1928 conjugium
1807 1856 2049 1922 faciant,

403 1957 470 2006 ut
497 1949 719 2020 nuptias
751 1947 1081 2003 secundum
1102 1947 1416 2001 Dominum
1441 1947 1704 2011 sint,non
1724 1945 2051 2000 secundum

405 2039 810 2110 cupiditatem.
844 2037 1054 2093 Omnia
1082 2035 1157 2091 ad
1187 2036 1476 2090 honorem
1504 2035 1607 2090 Dei
1637 2034 1805 2091 ﬁant.

2081 1815 2128 1880 B

2160 1765 2304 1821 λετο·
2338 1765 2427 1820 καὶ
2486 1763 2574 1819 ἐὰν
2606 1769 2826 1838 γνωσθῇ
2883 1763 3050 1820 πλέον
3105 1769 3202 1819 τοῦ
3255 1762 3570 1835 ἐςισκόπου,
3601 1765 3768 1843 ἔφθαρ-

2157 1877 2268 1910 ται.
2297 1856 2406 1927 (43)
2442 1856 2638 1928 Πρέπει
2698 1851 2754 1908 δὲ
2807 1859 2922 1916 τοῖς
2980 1857 3220 1928 γαμοῦσι
3257 1855 3346 1908 καὶ
3379 1861 3495 1917 ταῖς
3525 1857 3774 1932 γαμουμέ-

2162 1962 2298 2004 ναις,
2336 1941 2468 2012 μετά
2525 1942 2748 2014 γνώμης
2799 1944 2897 1994 τοῦ
2953 1940 3252 1995 ἐπισκόπου
3293 1941 3394 2010 τήν
3423 1937 3602 1997 ἕνωσιν
3628 1950 3773 1998 ποιεῖ·

2170 2043 2314 2098 σθαι,
2340 2027 2429 2084 ’ἱνα
2483 2030 2511 2084 ὁ
2561 2029 2735 2104 γάμος
2792 2028 2829 2104 ᾗ
2882 2031 3016 2084 κατὰ
3066 2031 3214 2101 Θεὸν,
3247 2032 3336 2084 καὶ
3372 2033 3448 2103 μή
3479 2037 3587 2086 κατ’
3617 2031 3779 2088 ἐπιθυ·

2173 2121 2322 2193 μίαν.
2357 2121 2470 2192 (44)
2506 2118 2682 2174 ΙΙάντα
2713 2119 2788 2181 εἷς
2818 2120 2986 2192 τιμὴν
3021 2123 3155 2174 Θεοῦ
3185 2119 3441 2195 γινέσθω.

1652 2231 1743 2286 Vl.
1786 2231 1982 2299 Ofﬁcia
2030 2231 2212 2300 gregis
2244 2229 2567 2286 Christiani.

473 2341 762 2413 Episcopo
795 2338 1104 2405 attendite,
1163 2343 1229 2392 ut
1285 2342 1344 2392 et
1384 2338 1536 2392 Deus
1567 2336 1732 2391 vobis
1763 2337 2054 2397 attendat.

409 2431 645 2486 Utinam
677 2445 782 2502 ego
813 2428 1074 2483 vicissim
1105 2443 1376 2482 recreare
1406 2427 1628 2498 possim
1657 2443 1777 2492 eos,
1803 2427 1904 2497 qui
1933 2426 2066 2481 sub-

408 2522 516 2578 diti
547 2527 686 2577 sunt
707 2520 1004 2593 episcopo,
1024 2519 1408 2591 presbyteris,
1430 2519 1730 2585 diaconis;
1756 2525 1814 2574 et
1834 2519 2063 2574 utinam

406 2611 556 2668 mihi
601 2611 904 2681 contingat
947 2626 1082 2664 cum
1138 2609 1257 2663 illis
1299 2614 1526 2680 partem
1578 2608 1794 2663 habere
1826 2609 1888 2662 in
1919 2609 2061 2665 Deo.

406 2699 776 2756 Collaborate
808 2699 971 2754 vobis
994 2704 1200 2752 mutuo
1226 2715 1239 2765 ;
1271 2714 1390 2752 una
1411 2703 1652 2761 certate,
1677 2714 1797 2752 una
1820 2697 2060 2761 currite,

406 2788 838 2860 compatimini,
873 2804 992 2842 una
1025 2786 1298 2853 dormite,
1333 2802 1453 2841 una
1495 2785 1813 2857 exsurgite,
1845 2791 1908 2841 ut
1961 2786 2062 2840 Dei

402 2876 942 2941 administratores,
991 2873 1320 2930 familiares
1380 2879 1437 2928 et
1492 2873 1772 2928 ministri.
1827 2873 2062 2928 Placete

2245 2336 2359 2408 (45)
2417 2337 2508 2405 Τῷ
2562 2332 2844 2406 ἐπισκόπῳ
2901 2334 3222 2412 προσέχετε,
3299 2332 3391 2390 ’ίνα
3460 2335 3546 2389 καὶ
3601 2335 3627 2390 ὁ
3678 2336 3790 2399 Θεὸς

2174 2424 2324 2496 ὑμῖν.
2358 2425 2467 2495 (46)
2497 2423 2819 2498 Ἀντίψυχον
2847 2423 2952 2498 ἐγὼ
2976 2427 3082 2478 τῶν
3109 2423 3562 2497 ὑποτασσομένων
3589 2430 3661 2498 τῷ
3689 2423 3787 2479 ἐπι·

2172 2511 2379 2584 σκόπῳ,
2413 2507 2822 2586 πρεσϐυτέροις,
2883 2509 3176 2574 διακόνοις’
3208 2515 3296 2568 καὶ
3365 2517 3477 2587 μετ’
3516 2514 3679 2568 αὐτῶν
3709 2534 3787 2584 μοι

2169 2603 2232 2656 τὸ
2262 2600 2422 2675 μέρος
2459 2601 2668 2674 γένοιτο
2700 2605 2852 2675 σχεῖν
2886 2598 2936 2655 ἐν
2979 2606 3114 2672 Θεῷ.
3151 2607 3494 2678 Συγκοπιᾶτε
3522 2601 3786 2672 ἀλλήλοις.

2173 2688 2509 2755 συναθλεῖτε,
2587 2690 2922 2766 συντρέχετε.
2991 2690 3364 2764 συμπάσχετε,
3435 2691 3788 2764 συγκοιμᾶσθε,

2172 2778 2560 2854 συνεγείρεσθε,
2617 2777 2691 2838 ὡς
2750 2779 2883 2831 Θεοῦ
2942 2777 3227 2850 οἰκονόμοι
3285 2780 3380 2834 καὶ
3437 2777 3684 2854 πάρεδροι
3709 2778 3784 2833 καὶ

2172 2867 2458 2940 ὑπηρέται.
2487 2871 2599 2936 (47)
2633 2864 2913 2941 Ἀρέσκετε
2969 2865 3014 2938 ᾧ
3073 2868 3446 2942 στρατεύεσθε,
3487 2868 3576 2948 ἀφ’
3627 2867 3683 2921 οὗ
3709 2866 3783 2920 καὶ

405 2965 514 3032 illi,
549 2964 642 3020 cui
678 2963 969 3028 militatis,
1005 2979 1038 3017 a
1075 2979 1190 3032 quo
1243 2969 1300 3016 et
1331 2961 1629 3032 stipendia
1657 2961 1843 3018 fertis.
1880 2964 2061 3016 Nemo
2098 2990 2104 3039 η

2179 2957 2233 3010 τὰ
2296 2957 2410 3029 [48]
2467 2955 2676 3027 ὀψώνια
2733 2957 3044 3028 κομίζεσθε.
3106 2958 3285 3026 Μήτις
3351 2958 3503 3030 ὑμῶν
3549 2952 3783 3028 δεσέρτωρ

405 3059 666 3110 vestrum
691 3053 961 3108 desertor
988 3051 1341 3106 inveniatur.
1367 3050 1700 3122 Baptismus
1722 3056 1915 3105 vester
1935 3067 2059 3105 ma-

2174 3045 2386 3121 εὐρεθῇ.
2419 3046 2489 3100 Τὸ
2522 3045 2805 3120 βάπτισμα
2861 3045 3014 3120 ὑμῶν
3078 3046 3281 3120 μενέτω
3335 3053 3404 3105 49
3461 3047 3532 3110 ὡς
3578 3044 3782 3116 δπλα,ἡ

1874 3150 2039 3204 Vetus
2062 3151 2351 3218 interpres.

413 3241 540 3296 sine
565 3241 684 3294 Deo
715 3238 856 3309 quid
887 3254 1132 3310 Operare
1159 3254 1172 3292 :
1206 3237 1369 3310 quod,
1385 3244 1582 3310 autem
1610 3237 1900 3310 (operaris,
1933 3239 2020 3310 sit,
2038 3237 2188 3292 bene
2220 3235 2450 3310 stabile.
2478 3235 2708 3310 Smpius
2738 3238 3223 3310 congregationes
3254 3238 3440 3294 fiant:
3473 3256 3540 3294 ex
3571 3237 3784 3292 nomine

415 3328 626 3367 omnes
653 3306 878 3381 quiere.
911 3306 1119 3366 Servos
1142 3315 1200 3364 et
1219 3306 1468 3365 ancillas
1488 3325 1563 3364 ne
1588 3306 1900 3380 despicias,
1923 3309 2027 3381 sed
2050 3324 2243 3378 neque
2267 3307 2378 3378 ipsi
2401 3306 2719 3381 inflentur;
2742 3308 2844 3381 sed
2861 3306 2936 3362 in
2965 3306 3212 3380 gloriam
3242 3311 3348 3364 Dei
3384 3311 3510 3381 plus
3539 3310 3784 3365 serviant.

411 3389 478 3439 ut
505 3378 740 3438 meliori
769 3381 1042 3437 libertate
1067 3397 1102 3436 a
1130 3381 1248 3436 Deo
1282 3381 1604 3452 potiantur.
1638 3378 1762 3435 Non
1813 3380 2154 3435 desiderent
2192 3397 2225 3434 a
2273 3378 2575 3434 communi
2607 3378 2779 3432 liberi
2812 3380 2940 3434 ﬂeri
2963 3378 3075 3448 {ut
3102 3397 3222 3436 non
3257 3378 3412 3436 servi
3443 3382 3787 3437 inveniantur

415 3453 928 3526 concupiscentiae.

1953 3540 2177 3595 CAPUT
2218 3541 2278 3593 V.

489 3633 667 3689 Malas
698 3638 855 3688 artes
895 3632 1062 3704 fuge:
1099 3630 1290 3704 magis
1315 3636 1514 3704 autem
1535 3629 1743 3704 dehis
1771 3630 2108 3704 homiliamJ
2129 3628 2240 3684 fac.
2275 3629 2515 3704 Sorores
2565 3645 2726 3704 meas
2758 3628 3080 3704 alloquere,
3113 3630 3361 3703 diligere
3394 3632 3712 3704 Dominum.
3740 3631 3788 3681 et

419 3706 559 3760 viris
591 3706 862 3760 sufﬁcere
895 3700 1070 3758 carne
1103 3709 1161 3758 et
1203 3700 1440 3774 spiritu.
1484 3702 1778 3774 Similiter
1823 3708 1881 3758 et
1923 3700 2202 3774 fratribus
2254 3701 2402 3754 meis
2449 3701 2739 3774 annuntia
2767 3701 2828 3774 in
2859 3702 3099 3757 nomine
3129 3700 3265 3758 Jesu
3305 3705 3541 3766 Christi,
3573 3702 3784 3774 diligere

419 3795 656 3846 uxores,
686 3782 752 3831 ut
781 3776 1066 3831 Dominus
1098 3771 1440 3829 Ecclesiam.
1472 3773 1527 3846 Si
1560 3775 1693 3844 quis
1725 3779 1923 3846 potest
1944 3773 2006 3846 in
2041 3773 2308 3846 castitate
2331 3788 2614 3846 _manere,
2668 3773 2728 3846 in
2778 3773 3061 3846 honorem
3110 3775 3308 3830 carnis
3350 3775 3597 3837 Domini,
3630 3775 3684 3828 in
3711 3771 3786 3826 in-

418 3843 768 3924 gloriatione
800 3847 1030 3902 Domini
1064 3853 1322 3924 maneat.
1359 3846 1412 3900 Si
1447 3843 1759 3924 glorietur,
1787 3845 2055 3924 perditur
2076 3861 2105 3924 ε·
2125 3850 2182 3900 et
2213 3845 2265 3924 si.
2291 3843 2474 3898 videri
2503 3844 2641 3924 velit
2669 3844 2801 3916 plus
2825 3845 3129 3924 episcopo.
3162 3855 3479 3924 corruptus
3510 3854 3610 3901 est.
3636 3846 3788 3924 Decet

429 3915 628 3977 autem
662 3919 944 3974 ducentes
976 3925 1032 3974 et
1064 3919 1290 3985 ductas,
1323 3915 1472 3972 cum“
1507 3915 1803 3972 sententia
1849 3916 2109 3988 episcopi
2163 3915 2450 3988 unionem
2497 3915 2730 3982 facere;
2776 3921 2842 3970 ut
2875 3915 2966 3971 sit
3008 3915 3571 3984 secundum—Deum,
3604 3923 3658 3972 et
3685 3929 3786 3969 non

420 3992 747 4048 secundum
777 3991 1334 4060 concupiscentiam.
1368 3989 1580 4044 Omnia
1603 3989 1665 4043 in
1696 3987 1982 4044 honorem
2014 3987 2114 4042 Dei
2146 3987 2310 4042 fiant.

1932 4077 2159 4132 CAPUT
2211 4078 2299 4132 VI.

484 4169 772 4240 Episcopo
794 4165 1171 4240 attenidite,ut
1195 4172 1253 4220 et
1273 4166 1431 4240 Deus
1446 4166 1630 4240 vobis.
1652 4166 1958 4240 Dnanimis
1981 4181 2084 4240 ego
2106 4181 2238 4240 cum
2263 4165 2544 4238 subjectis
2568 4167 2866 4237 episcopo,
2884 4167 3246 4240 presbyteris
3275 4169 3542 4225 diaconis
3567 4185 3578 4223 :
3602 4173 3655 4223 et
3673 4179 3788 4240 cum

413 4237 560 4310 ipsis
592 4239 736 4292 mihi
768 4253 904 4311 pars
939 4239 1041 4290 ﬁat
1069 4253 1283 4311 capere
1308 4237 1368 4290 in
1405 4237 1538 4292 Deo.
1572 4238 1943 4292 Collaborate
1971 4237 2045 4291 ad
2069 4237 2339 4311 invicem,
2364 4237 2720 4311 concertate,
2747 4237 3100 4304 concurrite,
3130 4237 3790 4311 compatimini,condo_r-

415 4307 580 4383 mite,
613 4309 968 4383 consurgite,
1000 4313 1066 4362 ut
1096 4307 1196 4362 Dei
1225 4307 1690 4383 dispensatores,
1725 4316 2137 4383 etpassessores
2160 4315 2217 4363 et
2243 4309 2520 4365 ministri.
2544 4310 2778 4364 Placete
2805 4311 2898 4364 cui
2923 4311 3190 4383 militatis
3211 4329 3224 4377 ;
3249 4307 3284 4366 ά
3305 4329 3422 4383 quo
3448 4321 3504 4368 et
3527 4308 3791 4383 stipendia

413 4382 602 4437 fertis.
634 4379 839 4436 Nullus
870 4384 1130 4435 vestrum
1158 4379 1382 4434 otiosus
1407 4379 2073 4452 inveniatur.Baptisma
2097 4387 2356 4436 vestrum
2382 4387 2619 4436 maneat
2649 4387 2713 4436 ut
2743 4387 2997 4451 scutum,
3032 4382 3180 4438 ﬁdes
3227 4390 3294 4439 ut
3325 4379 3530 4457 'galea,
3563 4379 3788 4438 cbaritas

487 4498 534 4534 “
562 4499 776 4571 Ephes.
808 4515 861 4565 v,
884 4500 972 4552 25.

488 4623 602 4696 (38)
647 4624 689 4678 Ι.
737 4639 790 4678 e.
851 4622 1156 4698 universos
1215 4623 1570 4678 nominatim
1604 4622 1678 4678 ad
1709 4639 2061 4697 congressus
2091 4627 2144 4692 D
2246 4625 2358 4698 (43)
2393 4623 2672 4698 Yideatur
2701 4624 2992 4693 Neander,
3014 4626 3053 4683 l.
3077 4643 3152 4694 c.,
3176 4643 3233 4698 p.
3263 4627 3388 4683 321.

412 4694 610 4753 saeros
638 4709 912 4750 convoca.
943 4694 1063 4749 Jac.

508 4768 598 4839 39)
630 4765 746 4820 Cfr.
802 4764 1101 4839 Neangder,
1127 4787 1156 4816 «
1191 4765 1671 4839 Kirchengesch.,
1707 4789 1734 4817 »
1768 4768 1810 4836 ῐ,
1844 4785 1900 4839 p.
1934 4769 2057 4822 300.

505 4837 595 4898 40)
630 4839 671 4892 l.
707 4854 758 4891 e.
795 4860 823 4888 (ι
856 4837 1040 4891 malas
1071 4837 1390 4898 doctrinas.
1426 4837 1704 4894 haereses.
1739 4860 1766 4888 »

487 4911 597 4980 (41)
709 4925 814 4990 e._«
840 4909 1185 4990 frequenter
1206 4909 1723 4990 orationescoram
1751 4910 1968 4990 populo
1990 4909 2063 4990 de

413 4978 508 5038 his
534 4978 708 5036 malis
739 4980 1024 5052 doctrinis
1053 4978 1404 5052 habeantur.
1440 4982 1561 5052 )rIn
1588 4978 1883 5052 prioribus
1914 4983 2064 5036 meis

415 5053 780 5124 editionibus
825 5067 960 5107 cum
1011 5051 1435 5124 interpolatore
1480 5050 1629 5124 legi:
1679 5050 1932 5123 Ὀμιλίαν
1984 5052 2059 5124 μὴ

410 5123 597 5181 ποιοῦ.
632 5127 777 5179 Cum
807 5139 942 5177 vero
988 5122 1278 5192 particula
1321 5122 1587 5194 negativa
1617 5122 2062 5179 non'solum‘in

419 5197 620 5252 codice
652 5195 914 5251 Mediceo
937 5196 1151 5264 (textus
1173 5194 1401 5259 Graeci),
1425 5194 1528 5249 sed
1556 5195 1730 5249 etiam
1757 5195 1815 5248 in
1847 5196 2060 5250 veteri-

419 5269 530 5324 bus
559 5267 927 5323 versionibus
959 5267 1162 5338 Latina
1191 5271 1250 5318 et
1291 5265 1529 5338 Syriaca
1560 5283 1679 5320 non
1710 5266 2060 5338 reperiatur,

419 5355 580 5396 nunc
611 5355 740 5394 eam
773 5337 1160 5392 omittendam
1194 5336 1412 5406 putavi.

491 5413 602 5478 (42)
636 5413 677 5467 ῐ.
713 5426 762 5464 e.
799 5434 824 5460 ‹‹
861 5408 1010 5479 ejus,
1034 5408 1132 5479 qui
1166 5424 1415 5478 corpora
1436 5415 1637 5464 nostra
1665 5410 2062 5475 resuscitat,et

417 5485 589 5553 cujus
621 5481 888 5553 membra
913 5497 1161 5550 corpora
1181 5486 1384 5553 uastra
1405 5486 1561 5553 sunt.
1589 5503 1612 5528 η
1636 5481 1748 5536 Cfr.
1777 5483 1797 5535 l
1821 5481 1951 5537 Cor.
1984 5499 2057 5546 v1,

421 5552 506 5610 lli.
542 5555 623 5606 15.
658 5555 778 5607 ΙΑο.
801 5552 912 5606 Alii
938 5553 1214 5618 reddunt,
1249 5573 1278 5599 «
1305 5552 1378 5606 ad
1411 5552 1695 5607 honorem
1729 5555 1923 5608 carnis
1957 5555 2061 5607 Do-

414 5625 666 5679 minicaz.
706 5646 732 5671 ››
766 5624 894 5677 Pari
931 5623 1103 5676 modo
1154 5623 1332 5676 etiam
1363 5624 1542 5692 Syrus
1578 5625 1767 5692 vertit,
1801 5641 1868 5680 ac
1899 5625 1947 5680 si
1981 5624 2060 5680 le-

410 5695 627 5771 gisset:
661 5692 756 5754 Εἷς
785 5692 951 5764 τιμὴν
982 5697 1083 5761 τῆς
1114 5693 1309 5766 σαρκὸς
1335 5697 1432 5748 τοῦ
1461 5694 1691 5768 Κυρίου.

2246 4697 2356 4764 (44)
2385 4696 2501 4753 Cfr.
2536 4698 2558 4750 l
2589 4699 2719 4753 Cor.
2754 4714 2808 4761 x,
2845 4699 2936 4752 31.

2242 4769 2352 4838 (45)
2383 4768 2530 4832 Quia
2556 4769 2825 4843 epistola,
2861 4768 2934 4824 ad
2955 4768 3319 4843 episcopum,
3342 4766 3786 4843 Smyrnmdesti-

2175 4846 2334 4902 nata,
2361 4855 2429 4894 ex
2463 4856 2627 4894 more
2659 4841 2902 4910 antiquo
2955 4839 3202 4911 legenda
3247 4842 3424 4897 etiam
3448 4839 3581 4897 erat
3609 4841 3787 4908 Smyr-

2176 4911 2482 4979 nensibus,
2529 4911 2662 4984 ideo
2719 4911 3130 4984 sanctissimus
3177 4919 3404 4984 martyr
3453 4911 3791 4968 intermiscet

2173 4990 2467 5054 pracepta
2495 4981 2569 5036 ad
2602 4982 2906 5053 populum.
2941 4986 3070 5038 Cor.

2173 5046 2192 5054 ’
2245 5046 2501 5123 (46)Ὀῖι·.
2545 5046 2743 5125 supra,
2803 5069 2852 5108 c.
2905 5056 2985 5120 2;
3045 5053 3118 5109 ad
3175 5055 3434 5126 Smyrn..
3491 5072 3540 5111 c.
3598 5056 3687 5118 10;
3726 5046 3788 5104 ad

2173 5125 2409 5179 thes..
2445 5143 2494 5179 c.
2528 5128 2617 5178 2|.

2219 5130 2409 5196 phes.,
2445 5143 2494 5180 c.
2528 5130 2617 5178 2|.

2245 5199 2354 5265 (47)
2386 5197 2565 5268 Syrus
2596 5194 2805 5250 habet:
2837 5197 3052 5251 Placete
3083 5199 3134 5252 ei
3170 5203 3222 5253 et
3251 5197 3488 5254 militate
3509 5213 3608 5268 pro
3636 5196 3790 5268 eo,_ut

2171 5265 2448 5341 stipendia
2479 5269 2547 5322 ab
2576 5285 2638 5322 eo
2667 5269 2975 5341 accipiatis.
3011 5269 3241 5341 Legisse
3289 5265 3526 5326 videtur
3556 5284 3679 5324 cum
3711 5265 3792 5318 in-

2173 5337 2532 5410 terpolatore
2553 5337 2859 5410 κομίσεσθε.

2244 5404 2356 5481 (48)
2388 5404 2647 5482 Ignatius
2678 5410 3082 5481 compluribus
3110 5413 3298 5467 utitur
3324 5410 3616 5467 vocabulis
3661 5404 3786 5462 Lati-

2170 5483 2282 5550 nis,
2306 5499 2372 5536 ex
2406 5499 2468 5536 re
2490 5482 3110 5554 Amilitaridesumptis‘.
3144 5500 3177 5538 a
3210 5485 3420 5554 Graecis
3447 5496 3668 5554 quoque
3690 5493 3784 5533 usu

2169 5555 2444 5624 receptis.
2479 5552 2711 5624 ὀψώνια,
2744 5549 3034 5624 δεσέρτωρ,
3075 5549 3350 5623 δεπόσιτα,
3385 5549 3630 5606 hiem—1.

2241 5620 2352 5696 (49)
2386 5620 2622 5680 Μενέτω.
2658 5626 2775 5700 Hoc
2803 5620 3108 5700 _vo_cabul0
3137 5620 3346 5700 gutitur'
3369 5627 3637 5700 Ignatius,
3658 5620 3782 5695 quia

2169 5695 2500 5753 desertores
2531 5713 2697 5752 arma
2719 5695 3101 5769 abjiciebant.
3133 5697 3332 5756 Ριωιε.
