4060 6206
287 337 403 396 ’725

1394 343 1785 406 EPISTULA
1826 343 1928 403 AD
1971 343 2536 408 POLYCARPUM.

3583 353 3695 413 726

287 469 471 530 πίστις
499 469 580 558 ,ὡς
611 472 1028 550 περικεφαλαία,
1088 477 1122 544 ἡ
1177 475 1360 550 ἀγάπη
1419 476 1493 539 ὠς
1551 474 1702 552 δόρυ,
1729 479 1764 547 ἡ
1800 477 1918 533 ὑπο-

2049 487 2189 538 neat
2216 483 2374 539 velut
2403 483 2743 549 arma,ﬂdes
2772 491 2838 541 ut
2867 486 3058 557 galea,
3101 487 3357 543 charitas
3409 494 3476 544 ut
3507 489 3697 558 hasta,

290 564 435 629 μονή
478 557 553 619 ὡς
585 559 883 616 πανοπλία.
918 565 996 619 Τὰ
1028 559 1283 620 δεπόσιτα
1319 567 1470 640 ὑμῶν
1503 570 1568 622 τὰ
1598 562 1731 644 ἔργα
1762 567 1938 639 ὑμῶν,

283 646 376 700 ἳνα
405 649 474 703 τὰ
502 647 740 704 ἄκκεπτα
799 651 950 723 ὑμῶν
1012 651 1135 720 ἄξια
1190 655 1510 728 κομίσησθε.
1555 657 1939 731 Μακροθυμή-

285 755 415 791 σατε
473 737 566 791 οὗν
635 743 750 811 μετ’
811 737 1077 811 ἀλλήλων
1136 742 1187 798 ἐν
1241 743 1537 820 πραότητι,
1602 745 1675 800 ὡς
1736 745 1764 800 ὁ
1805 745 1935 804 Θεὸς

284 827 306 896 [
333 827 450 899 (50)
487 828 625 900 μεθ’]
661 828 813 901 ὑμῶν
845 832 986 903 (51).
1021 832 1283 906 Ὀναίμην
1337 835 1490 907 ὑμῶν
1520 831 1610 889 διὰ
1639 834 1859 896 παντός.

2049 572 2336 642 patientia
2361 579 2426 626 ut
2456 580 2578 628 tota
2632 582 2934 630 armatura
3009 577 3284 647 Deposita
3341 584 3532 632 vestra
3581 578 3701 632 sint

2051 675 2230 730 Opera
2252 669 2464 730 vestra,
2499 673 2562 716 ut
2591 670 2832 734 accepta
2889 671 3079 720 vestra
3144 664 3318 732 digne
3358 667 3695 737 reportetis.

2049 747 2441 822 Longanimes
2473 752 2650 823 igitur
2680 758 2867 807 estote
2889 754 3042 809 alter
3061 754 3132 809 ad
3163 756 3416 810 alterum
3453 756 3515 810 in
3540 771 3699 809 man-

2049 839 2384 907 suetudine,
2409 846 2474 896 ut
2504 847 2564 896 et
2582 843 2736 897 Deus
2763 857 2901 914 erga
2920 860 3040 899 vos.
3077 845 3311 900 Utinam
3339 845 3504 900 fruar
3531 844 3695 899 vobis

2045 934 2357 1000 perpetuo.

1089 1031 1207 1085 VII.
1238 1033 1443 1088 Mittite
1465 1033 1705 1103 legatum
1732 1035 1806 1089 ad
1835 1034 2201 1092 Antiochenos
2228 1039 2294 1092 ob
2317 1055 2510 1108 pacem
2538 1040 2874 1098 restitutam.

357 1139 474 1211 (52)
505 1137 727 1209 Ἐπειδή
760 1143 794 1209 ἡ
829 1140 1130 1212 Ἐκκλησία
1157 1147 1190 1213 ἡ
1225 1143 1275 1200 ἐν
1305 1150 1617 1222 Ἀντιοχείᾳ
1676 1154 1776 1216 τῆς
1839 1154 1942 1203 Συ-

285 1226 408 1302 ρίας
444 1227 732 1302 εἷρηνεύει,
766 1229 841 1294 ὡς
870 1227 1123 1303 ἐδηλώθη
1172 1255 1287 1306 μοι,
1348 1231 1436 1289 διὰ
1490 1237 1591 1304 τήν
1623 1239 1940 1312 προσευχὴν

288 1316 474 1389 ὑμῶν,
533 1318 687 1394 κάγὼ
741 1319 1099 1393 εὐθυμότερος
1184 1321 1448 1397 ἐγενόμην
1517 1323 1567 1380 ἐν
1647 1324 1945 1401 ἀμεριμνίᾳ

279 1411 444 1473 Θεοῦ,
477 1405 565 1460 ἐάν
595 1427 696 1482 περ
732 1405 820 1462 διὰ
850 1413 946 1464 τοῦ
978 1417 1164 1474 παθεῖν
1227 1417 1358 1467 Θεοῦ
1415 1411 1684 1489 ἐπιτύχω,
1745 1414 1822 1476 εἷς
1878 1417 1941 1470 τὸ

279 1495 570 1568 εὑρεθῆναί
605 1516 669 1567 με
698 1495 750 1551 ἐν
807 1501 875 1571 τῇ
931 1502 1040 1571 (53)
1097 1502 1374 1556 ἀναστάσει
1432 1503 1583 1576 ὑμῶν
1619 1507 1732 1576 (54)
1766 1515 1941 1575 μαθη-

273 1585 403 1654 τήν.
475 1587 590 1658 (55)
686 1587 906 1661 Πρέπει,
994 1588 1320 1665 Πολύκαρπε
1387 1593 1938 1667 θεομακαριστότατε,

280 1668 624 1745 συμϐούλιον
657 1676 868 1751 ἀγαγεῖν
927 1677 1408 1753 θεοπρεπέστατον,
1467 1682 1556 1735 καὶ
1610 1688 1936 1760 χειροτονῆ-

2125 1153 2270 1217 Quia
2299 1169 2435 1208 vero
2468 1155 2750 1223 Ecclesia,
2779 1173 2909 1226 quae.
2941 1160 3029 1211 est
3057 1157 3381 1211 Antiochiae
3421 1157 3480 1210 in
3503 1157 3689 1228 Syria,

2052 1247 2118 1295 ut
2149 1241 2292 1296 mihi
2324 1243 2576 1298 relatum
2609 1250 2716 1309 est,
2748 1261 2889 1315 pace
2920 1245 3138 1299 fruitur
3192 1261 3296 1315 per
3350 1261 3555 1315 preces
3597 1262 3695 1300 ve-

2053 1335 2242 1396 stras;
2275 1337 2332 1385 et
2362 1349 2467 1404 ego
2494 1349 2653 1387 nunc
2692 1333 3103 1404 tranquilliore
3133 1334 3328 1387 animo
3359 1350 3488 1388 sum
3521 1334 3579 1387 in
3603 1350 3694 1389 se-

2052 1420 2301 1475 curitate
2333 1421 2434 1475 Dei
2470 1439 2483 1487 ;
2517 1422 2564 1475 si
2597 1422 2772 1477 modo
2806 1439 2912 1493 per
2939 1423 3273 1493 passionem
3308 1422 3492 1477 Deum
3535 1439 3697 1476 asse-

2051 1524 2220 1579 quar,
2251 1514 2316 1564 ut
2346 1509 2405 1565 in
2439 1511 2871 1566 resurrectione
2915 1511 3237 1583 discipulus
3295 1517 3486 1566 vester
3542 1512 3696 1566 inve-

2049 1598 2201 1652 niar.
2236 1599 2430 1663 Decet,
2468 1599 2808 1670 Polycarpe,
2858 1599 2920 1654 in
2953 1601 3070 1654 Deo
3103 1601 3462 1663 beatissime,
3495 1599 3693 1654 conci-

2049 1685 2192 1741 lium
2214 1703 2420 1759 cogere
2454 1689 2569 1742 Deo
2588 1687 3162 1748 decentissimum.et
3178 1689 3392 1754 eligere
3409 1688 3692 1757 aliquem,

279 1763 374 1816 σαί
406 1785 550 1830 τινα,
585 1763 641 1818 ὅν
672 1765 953 1842 ἀγαπητὸν
993 1767 1113 1822 λίαν
1171 1763 1326 1843 ἔχετε
1375 1770 1465 1824 καὶ
1496 1769 1716 1837 ἄοκνον,
1748 1771 1807 1831 ὃς
1840 1767 1918 1825 δυ·

332 1854 346 1872 Ι
564 1866 583 1872 Α
634 1852 681 1872 18
1021 1855 1042 1872 κ
1088 1863 1110 1872 ν
1147 1860 1170 1872 Α
1388 1863 1410 1872 .-
1721 1863 1738 1872 μ
1775 1864 1801 1872 .-

2049 1792 2224 1846 quem
2256 1777 2422 1830 valde
2455 1777 2700 1830 charum
2732 1777 2999 1831 habeatis
3030 1785 3087 1831 et
3113 1777 3557 1848 impigrum,qui
3582 1794 3691 1847 po-

279 1854 504 1922 νήσεται
560 1852 859 1928 θεόδρομος
947 1855 1252 1912 καλεῖσθαιο
1317 1863 1510 1914 τοῦτον
1579 1863 1928 1932 καταξιῶσαι,

271 1938 368 1996 ἵνα
400 1945 684 2016 πορευθεὶς
719 1943 794 2006 εἰς
853 1945 1052 2020 Συρίαν
1111 1944 1306 2023 δοξάσῃ
1365 1949 1518 2021 ὑμῶν
1572 1952 1672 2019 τήν
1737 1948 1926 2006 ἄοκνον

271 2031 485 2107 ἀγάπην
519 2031 596 2094 εἰς
632 2030 788 2104 δόξαν
846 2037 1106 2110 Χριστοῦ.
1171 2039 1488 2111 Χριστιανὸς
1544 2039 1735 2094 ἑαυτοῦ
1776 2039 1925 2110 ἐξουο

279 2119 398 2174 σῐαν
432 2120 532 2176 οὐκ
561 2117 699 2197 ἔχει,
732 2122 880 2178 ἀλλὰ
919 2128 1034 2196 Θεῷ
1073 2123 1356 2195 σχολάζει.
1414 2129 1590 2183 Τοῦτο
1647 2129 1710 2183 τὸ
1767 2126 1926 2203 ἔργον

277 2213 413 2264 Θεοῦ
443 2208 585 2264 ἐστιν
624 2211 715 2266 καὶ
776 2213 951 2285 ὑμῶν,
1013 2215 1137 2269 ὅταν
1194 2216 1307 2288 (56)
1369 2215 1515 2288 αὐτῷ
1572 2217 1922 2292 ἀπαρτίσητε.

271 2299 518 2355 Πιστεύω
549 2302 654 2376 γὰρ
711 2305 818 2376 (57)
879 2308 946 2377 τῇ
1003 2306 1215 2382 χάριτι,
1277 2305 1360 2360 ὅτι
1407 2302 1622 2380 ἕτοιμοί
1675 2307 1792 2363 ἐστε
1849 2308 1924 2370 εἷς

266 2388 509 2445 εὐποιίαν
544 2397 659 2464 Θεῷ
687 2393 1016 2463 ἀνήκουσαν.
1061 2392 1236 2458 Εἰδὼς
1296 2394 1391 2450 οὖν
1436 2397 1588 2471 ὑμῶν
1639 2397 1702 2452 τὸ
1733 2398 1923 2453 σύντο-

261 2500 353 2533 νον
381 2487 481 2550 τῆς
516 2479 800 2552 ἀληθείας,
835 2481 904 2538 δι’
935 2483 1135 2560 ὀλίγων
1180 2486 1320 2558 ὑμᾶς
1352 2485 1692 2560 γραμμάτων
1743 2507 1918 2562 παρε-

257 2568 486 2625 ια’λεσα.

2042 1865 2180 1918 terit
2209 1864 2443 1920 divinus
2470 1882 2676 1920 cursor
2693 1865 2979 1936 appellari
3006 1883 3019 1931 ;
3054 1865 3340 1935 illumque
3372 1882 3440 1920 eo
3455 1865 3685 1936 dignari

2040 1954 2286 2021 honore,
2319 1961 2384 2008 ut
2414 1954 2474 2008 in
2507 1955 2736 2025 Syriam
2794 1956 3090 2026 profectus
3121 1956 3432 2025 impigram
3489 1954 3687 2008 chari-

2038 2049 2216 2098 tatem
2248 2051 2499 2098 vestram
2529 2043 2600 2098 ad
2625 2044 2725 2098 Dei
2756 2043 3004 2115 gloriam
3027 2043 3682 2098 celebret.Christianus

2037 2133 2126 2187 sui
2168 2138 2520 2204 potestatem
2551 2119 2675 2187 non
2706 2132 2902 2197 habet,
2937 2133 3038 2188 sed
3070 2134 3186 2188 Deo
3212 2138 3394 2187 vacat.
3446 2133 3563 2186 Hoc
3594 2138 3682 2186 est

2035 2238 2184 2292 opus
2217 2222 2315 2276 Dei
2348 2227 2406 2276 et
2434 2227 2716 2289 vestrum,
2747 2221 2986 2292 quando
3009 2221 3066 2276 id
3099 2222 3158 2276 in
3201 2221 3362 2276 illius
3391 2220 3680 2278 honorem

2033 2310 2421 2382 perfeceritis.
2457 2311 2698 2365 Confido
2732 2311 2889 2365 enim
2918 2311 3138 2382 gratim,
3161 2328 3260 2365 vos
3292 2316 3527 2382 paratos
3550 2327 3678 2365 esse

2032 2400 2106 2454 ad
2136 2417 2283 2471 opus
2315 2400 2424 2454 hoc
2445 2399 2686 2468 bonum,
2719 2399 2793 2454 ad
2824 2401 3005 2455 Deum
3039 2401 3363 2472 pertinens.
3394 2401 3537 2454 Cum
3570 2400 3680 2454 ita-

2031 2505 2144 2559 que
2172 2489 2383 2543 scirem
2416 2489 2732 2544 vehemens
2751 2494 3009 2544 vostrum
3043 2506 3180 2561 erga
3216 2490 3521 2544 veritatem
3554 2495 3679 2544 stu-

2030 2577 2216 2644 dium,
2245 2576 2408 2631 brevi
2445 2577 2696 2648 epistola
2734 2594 2832 2632 vos
2863 2579 3207 2632 adhortatus
3238 2594 3390 2633 sum.

762 2690 900 2744 VIII.
931 2691 1000 2745 Et
1029 2691 1154 2746 alia.v
1182 2691 1437 2747 Ecclesia:
1476 2692 1674 2762 legatos
1697 2692 1783 2746 vel
1813 2691 2072 2762 epistolas
2101 2691 2452 2747 Antiochiam
2501 2694 2748 2750 mittant.
2780 2691 3172 2748 Salutationes.

329 2795 444 2866 (58)
479 2795 624 2849 Ἐπεὶ
662 2797 774 2868 (59)
806 2795 1002 2859 πάσαις
1033 2802 1150 2859 ταῖς
1183 2795 1538 2868 Ἐκκλησίαις
1573 2798 1675 2852 οὐκ
1705 2793 1912 2868 ἡδονή-

2096 2801 2240 2854 Cum
2269 2799 2545 2855 omnibus
2577 2799 2854 2855 Ecclesiis
2883 2799 3141 2855 scribere
3198 2815 3318 2854 non
3376 2796 3673 2870 potuerim

1691 2912 1852 2966 Vetus
1884 2910 2176 2981 interpres.

251 3021 319 3091 ut
347 3015 970 3091 lancea,_sustinentia
988 3024 1054 3072 ut
1083 3017 1276 3072 omnis
1294 3018 1925 3091 _armatura.Deposita
1953 3024 2168 3091 vestra,
2193 3034 2373 3091 opera
2392 3022 2584 3072 vestra
2613 3033 2625 3083 ;
2653 3023 2719 3091 ut
2741 3022 2989 3091 accepta
3012 3016 3411 3089 vestra,digna
3433 3015 3659 3073 feratis.

259 3088 697 3161 Longanimiter
725 3089 871 3144 ferte
901 3090 1079 3161 igitur
1107 3106 1208 3144 vos
1239 3089 1311 3144 ad
1344 3091 1599 3145 invicem
1630 3090 1690 3144 in
1720 3088 2198 3156 mansuetudine,
2233 3088 2298 3144 ut
2325 3091 2478 3144 Deus
2505 3106 2622 3144 vos.
2653 3089 2836 3144 Fruar
2866 3088 3026 3144 vobis
3057 3088 3312 3160 semper.

1749 3197 1978 3252 CAPUT
2005 3199 2120 3253 VII.

321 3294 470 3358 Quia
490 3295 750 3350 Ecclesia
785 3313 914 3366 qum
947 3295 1007 3350 in
1037 3295 1349 3350 Antiochia
1382 3295 1583 3366 Syrim,

1615 3310 1822 3367 pacem
1855 3294 2052 3367 habet,
2094 3301 2158 3350 ut
2188 3300 2492 3350 ostensum
2526 3299 2618 3348 est
2645 3293 2812 3355 mihi,
2855 3311 2961 3365 per
2989 3295 3318 3350 orationem
3363 3299 3658 3367 vestram;

251 3373 310 3422 et
340 3383 444 3447 ego
475 3366 665 3448 lentior
695 3368 1037 3448 factussum
1073 3367 1132 3448 in
1162 3367 1560 3448 sollicitudine
1595 3366 1694 3448 Dei
1733 3383 1750 3448 :_
1779 3366 2115 3448 siquidem,
2145 3383 2254 3448 per
2285 3368 2401 3436 pati
2436 3367 2553 3420 Deo
2584 3367 2796 3448 potiar,
2822 3367 2880 3419 in
2905 3366 3154 3448 inveniri
3177 3382 3268 3447 me
3301 3367 3359 3420 in
3390 3366 3658 3448 oratione

248 3435 426 3492 vestri
461 3438 836 3518 discipulum.
869 3440 1062 3518 Decet,
1094 3439 1412 3518 Polycarpe
1445 3435 1962 3518 Deo-beatissime,
1990 3435 2309 3518 concilium
2342 3435 2698 3518 congregare
2731 3437 3395 3518 Deo-decentissimum,
3419 3435 3657 3518 etordi-

248 3525 394 3564 nare
427 3505 892 3580 aliquem,quem
925 3505 1214 3564 dilectum'
1242 3505 1408 3564 valde
1443 3510 1671 3564 habetis
1703 3516 1761 3562 et
1792 3509 2130 3580 impigrum,
2155 3509 2253 3577 qui
2287 3505 2503 3579 poterit
2535 3505 2872 3580 Dei-cursor
2897 3509 3086 3580 vocari
3126 3515 3220 3580 :et
3253 3511 3406 3562 hunc
3430 3505 3658 3580 dignili—

252 3581 472 3640 cari,ut
494 3578 711 3636 vadens
735 3578 801 3635 in
831 3582 1390 3650 Syriam,glorificet
1419 3587 1670 3636 vestram
1704 3578 2016 3650 impigram
2049 3578 2397 3634 charitatem
2427 3581 2486 3633 in
2519 3579 2767 3650 gloriam
2802 3580 2923 3634 Dei.
2959 3578 3325 3650 Christianus
3360 3579 3447 3632 sui
3473 3578 3657 3650 ipsius

249 3658 607 3723 potestatem
642 3670 757 3707 non
800 3647 996 3719 habet,
1033 3653 1136 3707 sed
1168 3654 1285 3707 Deo
1317 3659 1502 3706 vacat.
1539 3647 1834 3723 Hocopus
1857 3647 1966 3705 Dei
1998 3657 2087 3705 est
2118 3657 2174 3723 et
2204 3651 2401 3711 vestri,
2435 3647 2718 3723 quoniam
2779 3651 2891 3720 ipsi
2951 3649 3196 3720 perfecti
3257 3650 3419 3723 estis.
3480 3647 3666 3723 Credo

255 3718 415 3778 enim
438 3725 661 3795 gratiae,
695 3725 972 3795 quoniam
1008 3725 1193 3794 parati
1223 3724 1366 3778 estis
1387 3724 1460 3778 ad
1493 3718 1949 3778 beneficentiam
1967 3723 2085 3777 Deo
2118 3718 2672 3778 decentemeciens
2704 3718 2969 3775 vestrum
2990 3719 3414 3791 compendium
3448 3718 3668 3772 verita-

253 3795 354 3863 tis,
385 3811 494 3866 per
523 3812 738 3868 paucas
779 3812 880 3850 vos
913 3795 1140 3851 litteras
1171 3795 1508 3851 consolatus
1541 3809 1693 3850 sum.

2077 3893 2172 3947 III.

1751 3894 1790 3948 C
1839 3895 1880 3948 P
1933 3894 1974 3948 T
2030 3894 2172 3948 VIII.

325 3984 474 4050 Quia
501 3985 682 4058 igitur
710 3985 987 4040 omnibus
1017 3984 1297 4041 Ecclesiis
1329 4001 1449 4040 non
1479 3983 1641 4056 potui
1674 3894 2201 4054 scrigerlierpter
2229 3985 2474 4051 repente
2508 3979 2781 4052 navigare
2813 3996 2906 4036 me
2945 3997 2979 4035 a
3006 3978 3229 4035 Troade
3253 3978 3313 4034 in
3337 3978 3676 4050 Neapolim:

323 4157 434 4227 (50)
469 4157 803 4222 Legendum
840 4155 958 4228 μεθ’
989 4155 1158 4227 ὑμῶν,
1208 4161 1275 4210 ut
1331 4156 1487 4227 apud
1519 4155 1901 4226 interpolato-
1939 4129 2194 4223 C'addit,
2231 4151 2348 4205 loco
2388 4153 2513 4216 mei,
2537 4153 2686 4228 _sicut
2717 4153 3002 4228 “praemi
3030 4150 3152 4218 tibi,
3205 4151 3265 4205 in
3299 4151 3494 4206 Graeco
3529 4169 3666 4228 _n_on

254 4245 401 4286 rem.
439 4229 592 4299 apud
629 4229 838 4298 Syrum
871 4229 1450 4300 etinuFragmentis
1469 4228 1907 4283 Damascenicis

255 4299 764 4370 Rupefucaldinis.
804 4323 831 4348 υ

325 4373 443 4442 (51)
475 4371 588 4444 Cfr.
629 4374 808 4442 lgnat.
836 4371 908 4425 ad
939 4371 1177 4442 Ephes.,
1210 4389 1260 4426 c.
1297 4374 1328 4424 2
1363 4389 1376 4438 ;
1416 4371 1489 4426 ad
1524 4374 1735 4444 Magn,
1797 4388 1846 4425 c.
1877 4373 1909 4423 2

255 4447 313 4498 et
351 4446 413 4496 l2
447 4459 461 4508 ;
497 4443 569 4496 ad
600 4444 792 4498 Rom..
828 4459 858 4496 c
915 4446 965 4496 5.

323 4516 436 4584 (52)
466 4516 508 4567 E
540 4514 733 4584 capite
762 4514 1013 4584 septimo
1047 4514 1222 4585 Syrus
1254 4514 1348 4585 nil
1369 4515 1483 4568 nisi
1505 4515 1750 4585 unicam
1770 4530 1908 4585 sen-

253 4581 500 4640 tentiam
538 4581 889 4653 εΧριστιανός
923 4581 1113 4638 ἑαυτοῦ
1174 4583 1411 4650 ἐξουσίαν
1461 4583 1558 4637 ουκ
1588 4582 1729 4650 ἔχει,
1764 4581 1909 4637 ἀλλᾶ

252 4661 367 4727 Θεῷ
400 4655 687 4724 σκολάζει,
716 4663 1154 4728 mutuatusest.
1213 4658 1290 4710 De
1348 4657 1556 4728 legatis
1609 4656 1680 4711 ad
1715 4658 1910 4712 Antio-

252 4729 474 4784 chenos
498 4728 806 4783 mittendis
838 4729 943 4784 efr.
973 4727 1046 4783 ad
1077 4729 1333 4798 Smyrn.,
1357 4727 1498 4783 c.’ll
1525 4745 1538 4796 ;
1561 4728 1635 4783 ad
1651 4728 1904 4793 Philad.,

251 4804 432 4942 c'(i5(1)3.)
467 4872 588 4925 Vet.
625 4873 730 4926 int.
765 4873 823 4925 in
854 4873 1122 4926 oratione.
1159 4869 1486 4926 Cotelerius
1543 4870 1676 4926 ideo
1724 4870 1908 4942 conji-

250 4943 330 4998 cit
357 4941 656 5010 ἀναιτήσει.

322 5015 436 5087 (54)
472 5016 559 5070 Ita
592 5015 732 5087 legit
760 5021 926 5087 vetus
961 5014 1256 5087 interpres
1288 5015 1388 5087 Ms.
1423 5012 1578 5068 male
1630 5013 1904 5087 παρητῄν.

320 5083 433 5156 (55)
467 5087 602 5140 Haec
631 5083 814 5141 refert
840 5086 894 5140 S.
954 5085 1317 5156 Polycarpus
1376 5086 1436 5139 in
1494 5102 1584 5156 ep.
1618 5083 1691 5139 ad
1725 5083 1905 5152 Phil.,

247 5175 297 5214 c.
335 5159 423 5211 13.
459 5159 659 5213 ΡεΑῐιε.

319 5232 433 5294 (56)
476 5233 558 5284 lta
587 5245 724 5295 ms.,
749 5245 866 5283 non
900 5225 1052 5294 αὐτό,
1085 5228 1170 5282 uti
1205 5228 1264 5281 in
1299 5227 1401 5280 lib.
1436 5227 1610 5297 impr.
1638 5227 1758 5297 ΙΑΑα.

321 5303 432 5367 (57)
459 5293 804 5370 Transpdue
836 5293 1140 5365 verba,6u
1169 5301 1240 5369 τῇ
1273 5297 1484 5370 χάριτι,
1518 5293 1575 5352 li.
1604 5313 1654 5352 e.
1689 5293 1778 5350 διὰ
1805 5302 1904 5366 τῆς

248 5371 507 5450 χάριτος.
536 5373 724 5426 διίιτιι.
948 5442 980 5450 ,Δ
1142 5447 1148 5450 _
1285 5441 1298 5450 ι
1392 5441 1425 5450 Δ,
1463 5441 1472 5450 .

320 5441 434 5515 (⁷58)
467 5444 663 5514 Syrus.
689 5450 752 5498 ut
779 5459 809 5496 e
833 5442 1024 5512 capite
1055 5441 1540 5515 antecedentijta
1561 5441 1738 5515 etiam
1758 5456 1788 5494 e
1805 5457 1900 5515 ca-

2017 4228 2270 4288 exstant,
2305 4239 2500 4294 neque
2533 4222 2593 4276 in
2625 4222 2825 4276 codice
2858 4221 3357 4294 Mediceo,neque
3390 4224 3547 4294 apud
3577 4226 3664 4279 in-

2016 4293 2460 4365 terpolatorem.
2497 4295 2674 4363 Syrus
2707 4295 2831 4348 haec
2864 4310 2893 4347 e
2933 4295 3056 4348 suis
3086 4293 3382 4349 addidisse
3415 4293 3662 4351 videtur.

2015 4368 2308 4420 Praeterea
2320 4367 2647 4420 Curetonus
2662 4365 2884 4434 absque
2903 4365 3040 4420 ullis
3054 4366 3421 4429 argumentis
3440 4368 3662 4432 omnia,

2015 4455 2145 4508 qua:
2177 4439 2239 4491 in
2270 4437 2537 4491 versione
2569 4435 2807 4506 Syriaca
2856 4454 2974 4508 non
3025 4437 3321 4508 leguntur,
3357 4453 3390 4491 a
3422 4437 3660 4492 falsario

2014 4507 2272 4578 quodam
2305 4508 2698 4579 posteriorum
2732 4507 3079 4579 saeculorum
3112 4507 3313 4562 addita
3333 4509 3659 4562 contendit.

2015 4579 2126 4634 Sed
2157 4580 2283 4633 haec
2314 4578 2507 4649 Capita
2538 4582 2568 4631 7
2601 4585 2660 4632 et
2712 4579 2746 4630 8
2803 4578 2947 4634 adeo
3005 4579 3166 4632 omni
3227 4580 3664 4649 oppugnatione

2010 4652 2448 4713 haereticorum,
2485 4651 2768 4720 omnique
2802 4651 3064 4704 muneris
3096 4649 3452 4718 episcopalis
3495 4667 3656 4704 com-

2009 4721 2392 4777 mendatione
2422 4728 2645 4785 carent,
2685 4728 2750 4775 ut
2778 4737 2974 4781 causa,
3008 4720 3166 4790 quod
3225 4721 3499 4775 falsarius
3534 4722 3660 4775 hmo

2010 4793 2312 4864 adjecerit,
2348 4791 2536 4863 detegi
2567 4808 2686 4846 non
2721 4793 2922 4864 possit.
2961 4793 3209 4846 Maxima
3240 4808 3414 4864 porro
3439 4793 3659 4861 injuria

2009 4863 2340 4918 curetonus
2364 4864 2645 4927 afﬁrmat,
2679 4863 2854 4917 verba
2893 4863 3169 4931 genuina,
3203 4879 3333 4932 qum
3367 4863 3546 4934 Syrus
3573 4864 3659 4918 le-

2009 4936 2292 5008 gerit,nec
2315 4951 2432 4990 non
2469 4935 2875 5008 narrationem
2897 4934 3132 4989 Eusebii
3163 4934 3660 5008 (Ignatiumbeato

2007 5005 2331 5077 Polycarpo
2364 5005 2685 5077 Ecclesiam
2711 5076 2714 5077 ν
2745 5006 3128 5061 Antiochenae
3186 5005 3659 5069 commendasse,

2007 5076 2150 5133 Hist.
2193 5076 2346 5142 ecc1.,
2381 5095 2465 5142 Ill,
2499 5079 2610 5138 36),
2643 5076 2880 5132 falsario
2915 5079 2989 5132 ad
3049 5077 3414 5132 conficienda
3466 5077 3661 5146 capita

2010 5153 2040 5202 ‘7
2100 5155 2157 5204 et
2213 5151 2244 5202 8
2303 5165 2510 5204 ansam
2564 5147 2818 5202 dedisse.
2879 5149 2941 5203 Id
2999 5149 3165 5203 nullo
3232 5147 3406 5202 modo
3457 5147 3658 5201 verisi-

2009 5221 2151 5275 mile
2174 5227 2282 5275 est.
2302 5222 2632 5276 Curetonus
2663 5219 2920 5288 denique
2953 5225 3010 5274 et
3041 5221 3100 5274 in
3134 5237 3202 5274 eo
3235 5218 3470 5282 erravit,
3501 5218 3659 5288 quod

2009 5291 2302 5352 capitibus
2360 5295 2390 5344 ‘7
2448 5298 2503 5346 et
2561 5293 2591 5344 8
2651 5293 2724 5345 De
2769 5291 3028 5344 electione
3073 5293 3202 5344 novi
3255 5291 3494 5360 episcopi
3523 5293 3653 5344 An-

2009 5364 2422 5417 tiochenorum
2456 5362 2635 5417 verba
2666 5361 2792 5433 ﬁeri
2828 5368 3007 5432 putet.
3045 5362 3319 5433 lgnatius,
3350 5361 3507 5415 enim
3539 5377 3658 5415 non

2011 5433 2082 5488 de
2116 5449 2262 5504 novo
2296 5432 2708 5504 episcopo,sed
2740 5433 2812 5504 de
2845 5433 3050 5503 legatis
3083 5432 3138 5488 7a
3161 5432 3419 5502 pluribus
3478 5433 3661 5488 Eccle-

250 5503 375 5587 pite
417 5503 616 5570 octavo
648 5517 886 5592 unicam
907 5503 1170 5592 tantum
1194 5513 1550 5592 sententiam
1573 5511 1642 5592 in
1674 5513 1897 5566 versio-
1929 5525 1974 5592 ι)
2008 5503 2839 5592 sii'suénfiqchiam‘mittend‘is
2863 5504 3145 5592 loquitur.

245 5578 391 5644 nem
419 5603 582 5643 suam
608 5585 908 5642 transtulit
932 5601 944 5638 :
973 5585 1022 5655 Ἀ
1035 5582 1304 5655 σπάζομαι
1334 5581 1425 5636 τὸν
1463 5578 1738 5653 μέλλοντα
1767 5601 1898 5634 κατ-

245 5659 527 5733 αξιοῦσθαι
580 5661 677 5712 τοῦ
731 5655 806 5717 εἰς
858 5653 1057 5730 Συρίαν
1115 5652 1638 5730 πορεύεσθαιέριιω
1720 5655 1900 5728 Syrus

2078 5577 2187 5647 (59)
2223 5577 2616 5646 lnterpolator
2636 5575 2800 5630 addit
2829 5573 2941 5631 οὑν.
