  <div class='ocr_page' id='page_1' title='image "/cluster/home/n/w/nwhite01/storage/ocr_20150623/5/hvd.32044073501272/373.png"; bbox 0 0 4030 6212; ppageno 0'>
   <div class='ocr_carea' id='block_1_1' title="bbox 396 379 508 447">
    <p class='ocr_par' dir='ltr' id='par_1_1' title="bbox 396 379 508 447">
     <span class='ocr_line' id='line_1_1' title="bbox 396 379 508 447; baseline 0 -1"><span class='ocrx_word' id='word_1_1' title='bbox 396 379 508 447; x_wconf 73' lang='lat'><strong>727</strong></span> 
     </span>
    </p>
   </div>
   <div class='ocr_carea' id='block_1_2' title="bbox 1342 375 3758 449">
    <p class='ocr_par' dir='ltr' id='par_1_2' title="bbox 1342 375 3758 449">
     <span class='ocr_line' id='line_1_2' title="bbox 1342 375 3758 449; baseline 0.002 -6"><span class='ocrx_word' id='word_1_2' title='bbox 1342 379 1625 444; x_wconf 84' lang='lat' dir='ltr'><strong>SANC’I‘I</strong></span> <span class='ocrx_word' id='word_1_3' title='bbox 1671 375 1976 444; x_wconf 84' lang='lat' dir='ltr'><strong>IGNATII</strong></span> <span class='ocrx_word' id='word_1_4' title='bbox 2023 381 2427 445; x_wconf 67' lang='lat' dir='ltr'><strong>EPISTOLIE</strong></span> <span class='ocrx_word' id='word_1_5' title='bbox 2469 381 2885 449; x_wconf 64' lang='lat' dir='ltr'><strong>GENUINE.</strong></span> <span class='ocrx_word' id='word_1_6' title='bbox 3664 381 3758 448; x_wconf 68' lang='lat'><strong>128</strong></span> 
     </span>
    </p>
   </div>
   <div class='ocr_carea' id='block_1_3' title="bbox 397 517 2050 598">
    <p class='ocr_par' dir='ltr' id='par_1_3' title="bbox 397 520 2046 597">
     <span class='ocr_line' id='line_1_3' title="bbox 397 520 2046 597; baseline -0.004 -16"><span class='ocrx_word' id='word_1_7' title='bbox 397 526 556 597; x_wconf 88' lang='lat' dir='ltr'><strong>quod</strong></span> <span class='ocrx_word' id='word_1_8' title='bbox 590 527 832 596; x_wconf 89' lang='lat' dir='ltr'><strong>repente</strong></span> <span class='ocrx_word' id='word_1_9' title='bbox 864 538 898 577; x_wconf 86' lang='lat' dir='ltr'><strong>a</strong></span> <span class='ocrx_word' id='word_1_10' title='bbox 927 520 1149 577; x_wconf 84' lang='lat' dir='ltr'><strong>Troade</strong></span> <span class='ocrx_word' id='word_1_11' title='bbox 1182 520 1508 591; x_wconf 85' lang='lat' dir='ltr'><strong>Neapolim,</strong></span> <span class='ocrx_word' id='word_1_12' title='bbox 1535 522 1708 592; x_wconf 84' lang='lat' dir='ltr'><strong>jussu</strong></span> <span class='ocrx_word' id='word_1_13' title='bbox 1741 522 1821 577; x_wconf 85' lang='lat' dir='ltr'><strong>ita</strong></span> <span class='ocrx_word' id='word_1_14' title='bbox 1846 526 2046 593; x_wconf 85' lang='lat' dir='ltr'><strong>postu-</strong></span> 
     </span>
    </p>
   </div>
   <div class='ocr_carea' id='block_1_4' title="bbox 2165 517 3762 598">
    <p class='ocr_par' dir='ltr' id='par_1_4' title="bbox 2165 517 3762 598">
     <span class='ocr_line' id='line_1_4' title="bbox 2165 517 3762 598; baseline 0.003 -26"><span class='ocrx_word' id='word_1_15' title='bbox 2165 530 2259 588; x_wconf 74' lang='grc' dir='ltr'><strong>θην</strong></span> <span class='ocrx_word' id='word_1_16' title='bbox 2288 519 2511 595; x_wconf 74' lang='grc' dir='ltr'>γράψαι,</span> <span class='ocrx_word' id='word_1_17' title='bbox 2545 517 2632 575; x_wconf 73' lang='grc' dir='ltr'><strong>διὰ</strong></span> <span class='ocrx_word' id='word_1_18' title='bbox 2668 521 2731 574; x_wconf 88' lang='grc' dir='ltr'>τὸ</span> <span class='ocrx_word' id='word_1_19' title='bbox 2762 518 3008 598; x_wconf 75' lang='grc' dir='ltr'><strong>ἐξαίφνης</strong></span> <span class='ocrx_word' id='word_1_20' title='bbox 3055 519 3216 576; x_wconf 83' lang='grc' dir='ltr'>πλεῖν</span> <span class='ocrx_word' id='word_1_21' title='bbox 3279 539 3343 592; x_wconf 82' lang='grc' dir='ltr'><strong>με</strong></span> <span class='ocrx_word' id='word_1_22' title='bbox 3383 520 3486 574; x_wconf 81' lang='grc' dir='ltr'>ἀπὸ</span> <span class='ocrx_word' id='word_1_23' title='bbox 3541 517 3762 594; x_wconf 72' lang='grc' dir='ltr'><strong>Τρωίίἰοε</strong></span> 
     </span>
    </p>
   </div>
   <div class='ocr_carea' id='block_1_5' title="bbox 395 610 2044 682">
    <p class='ocr_par' dir='ltr' id='par_1_5' title="bbox 395 610 2044 682">
     <span class='ocr_line' id='line_1_5' title="bbox 395 610 2044 682; baseline -0.003 -11"><span class='ocrx_word' id='word_1_24' title='bbox 395 610 980 682; x_wconf 84' lang='lat' dir='ltr'><strong>lante,navigaverim</strong></span> <span class='ocrx_word' id='word_1_25' title='bbox 1015 627 1028 675; x_wconf 89' lang='lat'>;</span> <span class='ocrx_word' id='word_1_26' title='bbox 1063 614 1147 678; x_wconf 90' lang='lat' dir='ltr'><strong>tu,</strong></span> <span class='ocrx_word' id='word_1_27' title='bbox 1181 610 1278 680; x_wconf 89' lang='lat' dir='ltr'><strong>qui</strong></span> <span class='ocrx_word' id='word_1_28' title='bbox 1312 612 1621 665; x_wconf 67' lang='lat' dir='ltr'><strong>sententiae</strong></span> <span class='ocrx_word' id='word_1_29' title='bbox 1653 612 1752 666; x_wconf 86' lang='lat' dir='ltr'><strong>Dei</strong></span> <span class='ocrx_word' id='word_1_30' title='bbox 1786 612 1866 666; x_wconf 89' lang='lat' dir='ltr'><strong>sis</strong></span> <span class='ocrx_word' id='word_1_31' title='bbox 1883 628 2044 666; x_wconf 88' lang='lat' dir='ltr'><strong>com-</strong></span> 
     </span>
    </p>
   </div>
   <div class='ocr_carea' id='block_1_6' title="bbox 393 698 2047 776">
    <p class='ocr_par' dir='ltr' id='par_1_6' title="bbox 393 698 2047 776">
     <span class='ocr_line' id='line_1_6' title="bbox 393 698 2047 776; baseline -0.003 -17"><span class='ocrx_word' id='word_1_32' title='bbox 393 721 523 776; x_wconf 88' lang='lat' dir='ltr'><strong>pos,</strong></span> <span class='ocrx_word' id='word_1_33' title='bbox 557 701 778 756; x_wconf 82' lang='lat' dir='ltr'><strong>scribes</strong></span> <span class='ocrx_word' id='word_1_34' title='bbox 811 698 1020 752; x_wconf 82' lang='lat' dir='ltr'><strong>vicinis</strong></span> <span class='ocrx_word' id='word_1_35' title='bbox 1050 698 1350 766; x_wconf 83' lang='lat' dir='ltr'><strong>Ecclesiis,</strong></span> <span class='ocrx_word' id='word_1_36' title='bbox 1383 705 1448 754; x_wconf 90' lang='lat' dir='ltr'><strong>ut</strong></span> <span class='ocrx_word' id='word_1_37' title='bbox 1478 706 1535 754; x_wconf 92' lang='lat' dir='ltr'><strong>et</strong></span> <span class='ocrx_word' id='word_1_38' title='bbox 1594 700 1704 772; x_wconf 88' lang='lat' dir='ltr'>ipsi</span> <span class='ocrx_word' id='word_1_39' title='bbox 1756 701 1913 755; x_wconf 89' lang='lat' dir='ltr'><strong>idem</strong></span> <span class='ocrx_word' id='word_1_40' title='bbox 1964 700 2047 755; x_wconf 82' lang='lat' dir='ltr'><strong>fa-</strong></span> 
     </span>
    </p>
   </div>
   <div class='ocr_carea' id='block_1_7' title="bbox 395 787 2049 859">
    <p class='ocr_par' dir='ltr' id='par_1_7' title="bbox 395 787 2049 859">
     <span class='ocr_line' id='line_1_7' title="bbox 395 787 2049 859; baseline -0.001 -14"><span class='ocrx_word' id='word_1_41' title='bbox 395 792 568 858; x_wconf 81' lang='lat' dir='ltr'><strong>ciant,</strong></span> <span class='ocrx_word' id='word_1_42' title='bbox 630 787 731 858; x_wconf 88' lang='lat' dir='ltr'><strong>qui</strong></span> <span class='ocrx_word' id='word_1_43' title='bbox 792 787 1058 857; x_wconf 86' lang='lat' dir='ltr'><strong>possint,</strong></span> <span class='ocrx_word' id='word_1_44' title='bbox 1121 788 1351 859; x_wconf 76' lang='lat' dir='ltr'><strong>pedites</strong></span> <span class='ocrx_word' id='word_1_45' title='bbox 1435 789 1694 856; x_wconf 76' lang='lat' dir='ltr'><strong>mittant,</strong></span> <span class='ocrx_word' id='word_1_46' title='bbox 1754 789 1856 843; x_wconf 87' lang='lat' dir='ltr'>alii</span> <span class='ocrx_word' id='word_1_47' title='bbox 1914 805 2049 843; x_wconf 84' lang='lat' dir='ltr'><strong>vero</strong></span> 
     </span>
    </p>
   </div>
   <div class='ocr_carea' id='block_1_8' title="bbox 399 876 2049 950">
    <p class='ocr_par' dir='ltr' id='par_1_8' title="bbox 399 876 2049 950">
     <span class='ocr_line' id='line_1_8' title="bbox 399 876 2049 950; baseline -0.001 -16"><span class='ocrx_word' id='word_1_48' title='bbox 399 876 680 950; x_wconf 85' lang='lat' dir='ltr'><strong>epistolas</strong></span> <span class='ocrx_word' id='word_1_49' title='bbox 707 891 813 947; x_wconf 90' lang='lat' dir='ltr'><strong>per</strong></span> <span class='ocrx_word' id='word_1_50' title='bbox 843 892 966 942; x_wconf 89' lang='lat' dir='ltr'><strong>eos,</strong></span> <span class='ocrx_word' id='word_1_51' title='bbox 1001 877 1100 947; x_wconf 90' lang='lat' dir='ltr'><strong>qui</strong></span> <span class='ocrx_word' id='word_1_52' title='bbox 1133 894 1167 932; x_wconf 92' lang='lat' dir='ltr'><strong>a</strong></span> <span class='ocrx_word' id='word_1_53' title='bbox 1205 883 1262 932; x_wconf 90' lang='lat' dir='ltr'><strong>te</strong></span> <span class='ocrx_word' id='word_1_54' title='bbox 1294 877 1606 932; x_wconf 82' lang='lat' dir='ltr'><strong>mittentur</strong></span> <span class='ocrx_word' id='word_1_55' title='bbox 1635 898 1648 945; x_wconf 87' lang='lat'><strong>;</strong></span> <span class='ocrx_word' id='word_1_56' title='bbox 1681 883 1748 933; x_wconf 93' lang='lat' dir='ltr'><strong>ut</strong></span> <span class='ocrx_word' id='word_1_57' title='bbox 1768 878 2049 950; x_wconf 77' lang='lat' dir='ltr'><strong>gloriﬁce-</strong></span> 
     </span>
    </p>
   </div>
   <div class='ocr_carea' id='block_1_9' title="bbox 394 965 2050 1039">
    <p class='ocr_par' dir='ltr' id='par_1_9' title="bbox 394 965 2050 1039">
     <span class='ocr_line' id='line_1_9' title="bbox 394 965 2050 1039; baseline 0.001 -18"><span class='ocrx_word' id='word_1_58' title='bbox 394 967 479 1022; x_wconf 87' lang='lat' dir='ltr'><strong>ris</strong></span> <span class='ocrx_word' id='word_1_59' title='bbox 513 971 737 1021; x_wconf 58' lang='lat' dir='ltr'><strong>aeterno</strong></span> <span class='ocrx_word' id='word_1_60' title='bbox 765 965 1476 1036; x_wconf 88' lang='lat' dir='ltr'><strong>opere,quemadmodum</strong></span> <span class='ocrx_word' id='word_1_61' title='bbox 1503 966 1714 1039; x_wconf 83' lang='lat' dir='ltr'><strong>dignus</strong></span> <span class='ocrx_word' id='word_1_62' title='bbox 1736 984 1817 1022; x_wconf 89' lang='lat' dir='ltr'><strong>es.</strong></span> <span class='ocrx_word' id='word_1_63' title='bbox 1851 967 2050 1022; x_wconf 87' lang='lat' dir='ltr'><strong>Saluto</strong></span> 
     </span>
    </p>
   </div>
   <div class='ocr_carea' id='block_1_10' title="bbox 397 1055 2053 1126">
    <p class='ocr_par' dir='ltr' id='par_1_10' title="bbox 397 1055 2053 1126">
     <span class='ocr_line' id='line_1_10' title="bbox 397 1055 2053 1126; baseline -0.001 -15"><span class='ocrx_word' id='word_1_64' title='bbox 397 1071 608 1112; x_wconf 90' lang='lat' dir='ltr'><strong>omnes</strong></span> <span class='ocrx_word' id='word_1_65' title='bbox 640 1055 1020 1123; x_wconf 84' lang='lat' dir='ltr'><strong>nominatim,</strong></span> <span class='ocrx_word' id='word_1_66' title='bbox 1055 1060 1116 1108; x_wconf 92' lang='lat' dir='ltr'><strong>et</strong></span> <span class='ocrx_word' id='word_1_67' title='bbox 1164 1055 1427 1126; x_wconf 86' lang='lat' dir='ltr'><strong>Epitropi</strong></span> <span class='ocrx_word' id='word_1_68' title='bbox 1478 1072 1722 1112; x_wconf 82' lang='lat' dir='ltr'><strong>uxorem</strong></span> <span class='ocrx_word' id='word_1_69' title='bbox 1765 1073 1901 1111; x_wconf 86' lang='lat' dir='ltr'><strong>cum</strong></span> <span class='ocrx_word' id='word_1_70' title='bbox 1931 1061 2053 1110; x_wconf 89' lang='lat' dir='ltr'><strong>tota</strong></span> 
     </span>
    </p>
   </div>
   <div class='ocr_carea' id='block_1_11' title="bbox 396 1143 2048 1200">
    <p class='ocr_par' dir='ltr' id='par_1_11' title="bbox 396 1143 2048 1200">
     <span class='ocr_line' id='line_1_11' title="bbox 396 1143 2048 1200; baseline -0.001 0"><span class='ocrx_word' id='word_1_71' title='bbox 396 1144 574 1200; x_wconf 90' lang='lat' dir='ltr'><strong>domo</strong></span> <span class='ocrx_word' id='word_1_72' title='bbox 607 1160 712 1199; x_wconf 88' lang='lat' dir='ltr'><strong>sua</strong></span> <span class='ocrx_word' id='word_1_73' title='bbox 743 1150 800 1198; x_wconf 90' lang='lat' dir='ltr'><strong>et</strong></span> <span class='ocrx_word' id='word_1_74' title='bbox 830 1143 1054 1198; x_wconf 92' lang='lat' dir='ltr'><strong>liberis.</strong></span> <span class='ocrx_word' id='word_1_75' title='bbox 1087 1143 1286 1200; x_wconf 86' lang='lat' dir='ltr'><strong>Saluto</strong></span> <span class='ocrx_word' id='word_1_76' title='bbox 1317 1144 1575 1200; x_wconf 81' lang='lat' dir='ltr'><strong>Attalum</strong></span> <span class='ocrx_word' id='word_1_77' title='bbox 1604 1145 1750 1199; x_wconf 91' lang='lat' dir='ltr'><strong>mihi</strong></span> <span class='ocrx_word' id='word_1_78' title='bbox 1783 1146 2048 1200; x_wconf 87' lang='lat' dir='ltr'><strong>charum.</strong></span> 
     </span>
    </p>
   </div>
   <div class='ocr_carea' id='block_1_12' title="bbox 396 1232 2053 1306">
    <p class='ocr_par' dir='ltr' id='par_1_12' title="bbox 396 1232 2053 1306">
     <span class='ocr_line' id='line_1_12' title="bbox 396 1232 2053 1306; baseline 0.001 -18"><span class='ocrx_word' id='word_1_79' title='bbox 396 1234 597 1288; x_wconf 89' lang='lat' dir='ltr'><strong>Saluto</strong></span> <span class='ocrx_word' id='word_1_80' title='bbox 638 1248 795 1296; x_wconf 88' lang='lat' dir='ltr'><strong>eum,</strong></span> <span class='ocrx_word' id='word_1_81' title='bbox 833 1232 934 1303; x_wconf 87' lang='lat' dir='ltr'><strong>qui</strong></span> <span class='ocrx_word' id='word_1_82' title='bbox 975 1232 1339 1304; x_wconf 81' lang='lat' dir='ltr'><strong>profectione</strong></span> <span class='ocrx_word' id='word_1_83' title='bbox 1371 1234 1433 1288; x_wconf 93' lang='lat' dir='ltr'><strong>in</strong></span> <span class='ocrx_word' id='word_1_84' title='bbox 1465 1234 1689 1305; x_wconf 85' lang='lat' dir='ltr'><strong>Syriam</strong></span> <span class='ocrx_word' id='word_1_85' title='bbox 1720 1235 1932 1306; x_wconf 81' lang='lat' dir='ltr'><strong>dignus</strong></span> <span class='ocrx_word' id='word_1_86' title='bbox 1953 1234 2053 1289; x_wconf 88' lang='lat' dir='ltr'><strong>ba-</strong></span> 
     </span>
    </p>
   </div>
   <div class='ocr_carea' id='block_1_13' title="bbox 393 1321 2051 1393">
    <p class='ocr_par' dir='ltr' id='par_1_13' title="bbox 393 1321 2051 1393">
     <span class='ocr_line' id='line_1_13' title="bbox 393 1321 2051 1393; baseline 0.001 -17"><span class='ocrx_word' id='word_1_87' title='bbox 393 1321 867 1376; x_wconf 86' lang='lat' dir='ltr'><strong>bebitur.Gratia</strong></span> <span class='ocrx_word' id='word_1_88' title='bbox 897 1321 956 1375; x_wconf 90' lang='lat' dir='ltr'><strong>in</strong></span> <span class='ocrx_word' id='word_1_89' title='bbox 983 1328 1335 1393; x_wconf 90' lang='lat' dir='ltr'><strong>perpetuum</strong></span> <span class='ocrx_word' id='word_1_90' title='bbox 1365 1339 1501 1378; x_wconf 90' lang='lat' dir='ltr'><strong>cum</strong></span> <span class='ocrx_word' id='word_1_91' title='bbox 1531 1323 1630 1379; x_wconf 90' lang='lat' dir='ltr'><strong>illo</strong></span> <span class='ocrx_word' id='word_1_92' title='bbox 1663 1325 1795 1392; x_wconf 86' lang='lat' dir='ltr'><strong>erit,</strong></span> <span class='ocrx_word' id='word_1_93' title='bbox 1830 1330 1888 1378; x_wconf 91' lang='lat' dir='ltr'><strong>et</strong></span> <span class='ocrx_word' id='word_1_94' title='bbox 1916 1339 2051 1378; x_wconf 90' lang='lat' dir='ltr'><strong>cum</strong></span> 
     </span>
    </p>
   </div>
   <div class='ocr_carea' id='block_1_14' title="bbox 394 1410 2051 1484">
    <p class='ocr_par' dir='ltr' id='par_1_14' title="bbox 394 1410 2051 1484">
     <span class='ocr_line' id='line_1_14' title="bbox 394 1410 2051 1484; baseline 0.001 -18"><span class='ocrx_word' id='word_1_95' title='bbox 394 1411 668 1466; x_wconf 85' lang='lat' dir='ltr'><strong>mittente</strong></span> <span class='ocrx_word' id='word_1_96' title='bbox 702 1410 872 1465; x_wconf 90' lang='lat' dir='ltr'><strong>illum</strong></span> <span class='ocrx_word' id='word_1_97' title='bbox 903 1411 1247 1483; x_wconf 85' lang='lat' dir='ltr'><strong>Polycarpo.</strong></span> <span class='ocrx_word' id='word_1_98' title='bbox 1283 1413 1428 1483; x_wconf 92' lang='lat' dir='ltr'><strong>Opto</strong></span> <span class='ocrx_word' id='word_1_99' title='bbox 1461 1429 1560 1467; x_wconf 89' lang='lat' dir='ltr'><strong>vos</strong></span> <span class='ocrx_word' id='word_1_100' title='bbox 1595 1430 1830 1484; x_wconf 87' lang='lat' dir='ltr'><strong>semper</strong></span> <span class='ocrx_word' id='word_1_101' title='bbox 1859 1413 2051 1468; x_wconf 87' lang='lat' dir='ltr'><strong>valere</strong></span> 
     </span>
    </p>
   </div>
   <div class='ocr_carea' id='block_1_15' title="bbox 396 1500 2052 1572">
    <p class='ocr_par' dir='ltr' id='par_1_15' title="bbox 396 1500 2052 1572">
     <span class='ocr_line' id='line_1_15' title="bbox 396 1500 2052 1572; baseline 0.002 -18"><span class='ocrx_word' id='word_1_102' title='bbox 396 1501 459 1554; x_wconf 90' lang='lat' dir='ltr'><strong>in</strong></span> <span class='ocrx_word' id='word_1_103' title='bbox 490 1501 607 1555; x_wconf 88' lang='lat' dir='ltr'><strong>Deo</strong></span> <span class='ocrx_word' id='word_1_104' title='bbox 640 1505 842 1554; x_wconf 89' lang='lat' dir='ltr'><strong>nostro</strong></span> <span class='ocrx_word' id='word_1_105' title='bbox 872 1501 1008 1554; x_wconf 84' lang='lat' dir='ltr'><strong>Jesu</strong></span> <span class='ocrx_word' id='word_1_106' title='bbox 1034 1500 1287 1570; x_wconf 85' lang='lat' dir='ltr'><strong>Christo,</strong></span> <span class='ocrx_word' id='word_1_107' title='bbox 1346 1518 1453 1572; x_wconf 87' lang='lat' dir='ltr'><strong>per</strong></span> <span class='ocrx_word' id='word_1_108' title='bbox 1505 1519 1682 1572; x_wconf 86' lang='lat' dir='ltr'><strong>quem</strong></span> <span class='ocrx_word' id='word_1_109' title='bbox 1740 1503 1800 1557; x_wconf 89' lang='lat' dir='ltr'><strong>in</strong></span> <span class='ocrx_word' id='word_1_110' title='bbox 1832 1503 2052 1557; x_wconf 89' lang='lat' dir='ltr'><strong>unione</strong></span> 
     </span>
    </p>
   </div>
   <div class='ocr_carea' id='block_1_16' title="bbox 399 1590 2052 1663">
    <p class='ocr_par' dir='ltr' id='par_1_16' title="bbox 399 1590 2052 1663">
     <span class='ocr_line' id='line_1_16' title="bbox 399 1590 2052 1663; baseline 0.001 -19"><span class='ocrx_word' id='word_1_111' title='bbox 399 1606 535 1645; x_wconf 87' lang='lat' dir='ltr'><strong>cum</strong></span> <span class='ocrx_word' id='word_1_112' title='bbox 558 1590 675 1644; x_wconf 91' lang='lat' dir='ltr'><strong>Deo</strong></span> <span class='ocrx_word' id='word_1_113' title='bbox 717 1595 774 1644; x_wconf 89' lang='lat' dir='ltr'><strong>et</strong></span> <span class='ocrx_word' id='word_1_114' title='bbox 805 1590 1151 1661; x_wconf 86' lang='lat' dir='ltr'><strong>episcopatu</strong></span> <span class='ocrx_word' id='word_1_115' title='bbox 1184 1593 1602 1663; x_wconf 87' lang='lat' dir='ltr'><strong>permaneatis.</strong></span> <span class='ocrx_word' id='word_1_116' title='bbox 1623 1592 1822 1647; x_wconf 86' lang='lat' dir='ltr'><strong>Saluto</strong></span> <span class='ocrx_word' id='word_1_117' title='bbox 1845 1592 2052 1662; x_wconf 84' lang='lat' dir='ltr'><strong>Alcen,</strong></span> 
     </span>
    </p>
   </div>
   <div class='ocr_carea' id='block_1_17' title="bbox 399 1677 1907 1738">
    <p class='ocr_par' dir='ltr' id='par_1_17' title="bbox 399 1677 1907 1738">
     <span class='ocr_line' id='line_1_17' title="bbox 399 1677 1907 1738; baseline 0.003 -4"><span class='ocrx_word' id='word_1_118' title='bbox 399 1677 793 1735; x_wconf 85' lang='lat' dir='ltr'><strong>desiderabile</strong></span> <span class='ocrx_word' id='word_1_119' title='bbox 827 1679 972 1735; x_wconf 86' lang='lat' dir='ltr'><strong>mihi</strong></span> <span class='ocrx_word' id='word_1_120' title='bbox 1004 1696 1245 1736; x_wconf 89' lang='lat' dir='ltr'><strong>nomen.</strong></span> <span class='ocrx_word' id='word_1_121' title='bbox 1282 1681 1480 1738; x_wconf 82' lang='lat' dir='ltr'><strong>Valete</strong></span> <span class='ocrx_word' id='word_1_122' title='bbox 1539 1681 1601 1736; x_wconf 90' lang='lat' dir='ltr'><strong>in</strong></span> <span class='ocrx_word' id='word_1_123' title='bbox 1634 1683 1907 1738; x_wconf 90' lang='lat' dir='ltr'><strong>Domino.</strong></span> 
     </span>
    </p>
   </div>
   <div class='ocr_carea' id='block_1_18' title="bbox 2156 608 3764 684">
    <p class='ocr_par' dir='ltr' id='par_1_18' title="bbox 2156 608 3764 684">
     <span class='ocr_line' id='line_1_18' title="bbox 2156 608 3764 684; baseline -0.001 -20"><span class='ocrx_word' id='word_1_124' title='bbox 2156 609 2232 671; x_wconf 81' lang='grc' dir='ltr'>εἰς</span> <span class='ocrx_word' id='word_1_125' title='bbox 2254 609 2550 680; x_wconf 81' lang='grc' dir='ltr'>Νεάπολιν,</span> <span class='ocrx_word' id='word_1_126' title='bbox 2603 611 2678 672; x_wconf 78' lang='grc' dir='ltr'>ὡς</span> <span class='ocrx_word' id='word_1_127' title='bbox 2732 611 2794 665; x_wconf 84' lang='grc' dir='ltr'>τὸ</span> <span class='ocrx_word' id='word_1_128' title='bbox 2856 612 2971 684; x_wconf 89' lang='grc'><strong>(60)</strong></span> <span class='ocrx_word' id='word_1_129' title='bbox 3022 608 3240 683; x_wconf 77' lang='grc' dir='ltr'><strong>θέλημα</strong></span> <span class='ocrx_word' id='word_1_130' title='bbox 3270 611 3609 684; x_wconf 49' lang='grc' dir='ltr'>προστάσσει</span> <span class='ocrx_word' id='word_1_131' title='bbox 3657 611 3764 683; x_wconf 72' lang='grc' dir='ltr'>γρά-</span> 
     </span>
    </p>
   </div>
   <div class='ocr_carea' id='block_1_19' title="bbox 2159 698 3767 772">
    <p class='ocr_par' dir='ltr' id='par_1_19' title="bbox 2159 698 3767 772">
     <span class='ocr_line' id='line_1_19' title="bbox 2159 698 3767 772; baseline -0.002 -19"><span class='ocrx_word' id='word_1_132' title='bbox 2159 701 2278 772; x_wconf 79' lang='grc' dir='ltr'>ψεις</span> <span class='ocrx_word' id='word_1_133' title='bbox 2305 704 2424 760; x_wconf 82' lang='grc' dir='ltr'>ταῖς</span> <span class='ocrx_word' id='word_1_134' title='bbox 2463 698 2765 772; x_wconf 68' lang='grc' dir='ltr'>ἔμπροσθεν</span> <span class='ocrx_word' id='word_1_135' title='bbox 2817 699 3195 771; x_wconf 72' lang='grc' dir='ltr'>Ἐκκλησίαις,</span> <span class='ocrx_word' id='word_1_136' title='bbox 3247 700 3320 761; x_wconf 83' lang='grc' dir='ltr'><strong>ὡς</strong></span> <span class='ocrx_word' id='word_1_137' title='bbox 3388 703 3520 754; x_wconf 76' lang='grc' dir='ltr'>Θεοῦ</span> <span class='ocrx_word' id='word_1_138' title='bbox 3573 699 3767 771; x_wconf 77' lang='grc' dir='ltr'>γνώμην</span> 
     </span>
    </p>
   </div>
   <div class='ocr_carea' id='block_1_20' title="bbox 2158 787 3773 860">
    <p class='ocr_par' dir='ltr' id='par_1_20' title="bbox 2158 787 3773 860">
     <span class='ocr_line' id='line_1_20' title="bbox 2158 787 3773 860; baseline -0.001 -19"><span class='ocrx_word' id='word_1_139' title='bbox 2158 789 2512 860; x_wconf 70' lang='grc' dir='ltr'><strong>κεκτημένος,</strong></span> <span class='ocrx_word' id='word_1_140' title='bbox 2547 787 2624 850; x_wconf 68' lang='grc' dir='ltr'><strong>εἷς</strong></span> <span class='ocrx_word' id='word_1_141' title='bbox 2652 789 2714 842; x_wconf 78' lang='grc' dir='ltr'><strong>τὸ</strong></span> <span class='ocrx_word' id='word_1_142' title='bbox 2745 788 2835 842; x_wconf 83' lang='grc' dir='ltr'><strong>καὶ</strong></span> <span class='ocrx_word' id='word_1_143' title='bbox 2897 787 3094 850; x_wconf 79' lang='grc' dir='ltr'>αὐτοὺς</span> <span class='ocrx_word' id='word_1_144' title='bbox 3149 789 3211 844; x_wconf 82' lang='grc' dir='ltr'>τὸ</span> <span class='ocrx_word' id='word_1_145' title='bbox 3261 788 3393 843; x_wconf 83' lang='grc' dir='ltr'><strong>αὐτὸ</strong></span> <span class='ocrx_word' id='word_1_146' title='bbox 3451 793 3682 854; x_wconf 72' lang='grc' dir='ltr'>ποιῆσαι,</span> <span class='ocrx_word' id='word_1_147' title='bbox 3729 787 3773 840; x_wconf 75' lang='grc' dir='ltr'>οἱ</span> 
     </span>
    </p>
   </div>
   <div class='ocr_carea' id='block_1_21' title="bbox 2163 872 3773 952">
    <p class='ocr_par' dir='ltr' id='par_1_21' title="bbox 2163 872 3773 952">
     <span class='ocr_line' id='line_1_21' title="bbox 2163 872 3773 952; baseline -0.001 -21"><span class='ocrx_word' id='word_1_148' title='bbox 2163 877 2256 948; x_wconf 78' lang='grc' dir='ltr'>μὶν</span> <span class='ocrx_word' id='word_1_149' title='bbox 2292 874 2580 949; x_wconf 79' lang='grc' dir='ltr'>δυνάμενοι</span> <span class='ocrx_word' id='word_1_150' title='bbox 2611 876 2809 946; x_wconf 81' lang='grc' dir='ltr'>πεζοὺς</span> <span class='ocrx_word' id='word_1_151' title='bbox 2850 876 3086 952; x_wconf 68' lang='grc' dir='ltr'>πέμψαι,</span> <span class='ocrx_word' id='word_1_152' title='bbox 3147 878 3198 932; x_wconf 76' lang='grc' dir='ltr'>οἱ</span> <span class='ocrx_word' id='word_1_153' title='bbox 3259 874 3314 931; x_wconf 66' lang='grc' dir='ltr'><strong>δὲ</strong></span> <span class='ocrx_word' id='word_1_154' title='bbox 3374 875 3653 936; x_wconf 75' lang='grc' dir='ltr'>ἐπιστολὰς</span> <span class='ocrx_word' id='word_1_155' title='bbox 3701 872 3773 929; x_wconf 77' lang='grc' dir='ltr'>διὰ</span> 
     </span>
    </p>
   </div>
   <div class='ocr_carea' id='block_1_22' title="bbox 2158 963 3775 1040">
    <p class='ocr_par' dir='ltr' id='par_1_22' title="bbox 2158 963 3775 1040">
     <span class='ocr_line' id='line_1_22' title="bbox 2158 963 3775 1040; baseline -0.002 -19"><span class='ocrx_word' id='word_1_156' title='bbox 2158 970 2266 1021; x_wconf 83' lang='grc' dir='ltr'><strong>τῶν</strong></span> <span class='ocrx_word' id='word_1_157' title='bbox 2307 964 2411 1020; x_wconf 84' lang='grc' dir='ltr'><strong>ὑπὸ</strong></span> <span class='ocrx_word' id='word_1_158' title='bbox 2443 969 2538 1020; x_wconf 82' lang='grc' dir='ltr'>σοῦ</span> <span class='ocrx_word' id='word_1_159' title='bbox 2567 966 2958 1040; x_wconf 82' lang='grc' dir='ltr'><strong>πεμπομένων·</strong></span> <span class='ocrx_word' id='word_1_160' title='bbox 2991 963 3085 1021; x_wconf 70' lang='grc' dir='ltr'>’ίνα</span> <span class='ocrx_word' id='word_1_161' title='bbox 3111 969 3221 1039; x_wconf 86' lang='grc'><strong>(61)</strong></span> <span class='ocrx_word' id='word_1_162' title='bbox 3281 963 3572 1037; x_wconf 71' lang='grc' dir='ltr'><strong>δοξασθῆτε</strong></span> <span class='ocrx_word' id='word_1_163' title='bbox 3600 963 3775 1036; x_wconf 75' lang='grc' dir='ltr'>αἰωνίῳ</span> 
     </span>
    </p>
   </div>
   <div class='ocr_carea' id='block_1_23' title="bbox 2159 1052 3775 1129">
    <p class='ocr_par' dir='ltr' id='par_1_23' title="bbox 2159 1052 3775 1129">
     <span class='ocr_line' id='line_1_23' title="bbox 2159 1052 3775 1129; baseline -0.001 -21"><span class='ocrx_word' id='word_1_164' title='bbox 2159 1052 2319 1129; x_wconf 79' lang='grc' dir='ltr'>ἔργῳ,</span> <span class='ocrx_word' id='word_1_165' title='bbox 2353 1055 2426 1117; x_wconf 87' lang='grc' dir='ltr'><strong>ὡς</strong></span> <span class='ocrx_word' id='word_1_166' title='bbox 2454 1053 2601 1124; x_wconf 75' lang='grc' dir='ltr'>ἄξιος</span> <span class='ocrx_word' id='word_1_167' title='bbox 2624 1052 2720 1110; x_wconf 79' lang='grc' dir='ltr'><strong>ὢν.</strong></span> <span class='ocrx_word' id='word_1_168' title='bbox 2770 1056 3117 1128; x_wconf 82' lang='grc' dir='ltr'>Ἀσπάζομαι</span> <span class='ocrx_word' id='word_1_169' title='bbox 3175 1055 3377 1116; x_wconf 81' lang='grc' dir='ltr'><strong>πάντας</strong></span> <span class='ocrx_word' id='word_1_170' title='bbox 3436 1053 3487 1125; x_wconf 74' lang='grc' dir='ltr'><strong>ἐξ</strong></span> <span class='ocrx_word' id='word_1_171' title='bbox 3518 1054 3775 1125; x_wconf 81' lang='grc' dir='ltr'>ὀνόματος,</span> 
     </span>
    </p>
   </div>
   <div class='ocr_carea' id='block_1_24' title="bbox 2157 1141 3779 1219">
    <p class='ocr_par' dir='ltr' id='par_1_24' title="bbox 2157 1141 3779 1219">
     <span class='ocr_line' id='line_1_24' title="bbox 2157 1141 3779 1219; baseline -0.003 -21"><span class='ocrx_word' id='word_1_172' title='bbox 2157 1143 2248 1198; x_wconf 81' lang='grc' dir='ltr'><strong>καὶ</strong></span> <span class='ocrx_word' id='word_1_173' title='bbox 2278 1143 2377 1211; x_wconf 79' lang='grc' dir='ltr'><strong>τήν</strong></span> <span class='ocrx_word' id='word_1_174' title='bbox 2410 1146 2506 1198; x_wconf 75' lang='grc' dir='ltr'><em>τοὺ</em></span> <span class='ocrx_word' id='word_1_175' title='bbox 2529 1143 2859 1219; x_wconf 82' lang='grc' dir='ltr'><strong>Ἐπιτρόπου</strong></span> <span class='ocrx_word' id='word_1_176' title='bbox 2893 1143 2986 1198; x_wconf 80' lang='grc' dir='ltr'><strong>σὺν</strong></span> <span class='ocrx_word' id='word_1_177' title='bbox 3015 1141 3133 1216; x_wconf 80' lang='grc' dir='ltr'><strong>ὅλῳ</strong></span> <span class='ocrx_word' id='word_1_178' title='bbox 3189 1149 3268 1216; x_wconf 80' lang='grc' dir='ltr'><strong>τῷ</strong></span> <span class='ocrx_word' id='word_1_179' title='bbox 3320 1142 3462 1216; x_wconf 77' lang='grc' dir='ltr'><strong>οἷ’γῳ</strong></span> <span class='ocrx_word' id='word_1_180' title='bbox 3517 1141 3672 1211; x_wconf 80' lang='grc' dir='ltr'>αὐτῆς</span> <span class='ocrx_word' id='word_1_181' title='bbox 3704 1141 3779 1195; x_wconf 79' lang='grc' dir='ltr'>καὶ</span> 
     </span>
    </p>
   </div>
   <div class='ocr_carea' id='block_1_25' title="bbox 2161 1224 3780 1308">
    <p class='ocr_par' dir='ltr' id='par_1_25' title="bbox 2161 1224 3780 1308">
     <span class='ocr_line' id='line_1_25' title="bbox 2161 1224 3780 1308; baseline -0.002 -22"><span class='ocrx_word' id='word_1_182' title='bbox 2161 1237 2268 1286; x_wconf 81' lang='grc' dir='ltr'>τῶν</span> <span class='ocrx_word' id='word_1_183' title='bbox 2326 1231 2542 1286; x_wconf 76' lang='grc' dir='ltr'>τέκνων.</span> <span class='ocrx_word' id='word_1_184' title='bbox 2621 1233 2964 1305; x_wconf 72' lang='grc' dir='ltr'>’Λσπάζομαι</span> <span class='ocrx_word' id='word_1_185' title='bbox 3021 1231 3291 1290; x_wconf 72' lang='grc' dir='ltr'>’Ἄτταλον</span> <span class='ocrx_word' id='word_1_186' title='bbox 3377 1233 3471 1287; x_wconf 85' lang='grc' dir='ltr'><strong>τὸν</strong></span> <span class='ocrx_word' id='word_1_187' title='bbox 3533 1224 3780 1308; x_wconf 71' lang='grc' dir='ltr'>ἀγαπητόν</span> 
     </span>
    </p>
   </div>
   <div class='ocr_carea' id='block_1_26' title="bbox 2165 1318 3784 1395">
    <p class='ocr_par' dir='ltr' id='par_1_26' title="bbox 2165 1318 3784 1395">
     <span class='ocr_line' id='line_1_26' title="bbox 2165 1318 3784 1395; baseline -0.002 -19"><span class='ocrx_word' id='word_1_188' title='bbox 2165 1341 2290 1393; x_wconf 87' lang='grc' dir='ltr'>μου.</span> <span class='ocrx_word' id='word_1_189' title='bbox 2325 1321 2663 1395; x_wconf 76' lang='grc' dir='ltr'><strong>Ἀσπάζομαι</strong></span> <span class='ocrx_word' id='word_1_190' title='bbox 2691 1322 2785 1376; x_wconf 86' lang='grc' dir='ltr'>τὸν</span> <span class='ocrx_word' id='word_1_191' title='bbox 2821 1319 3097 1395; x_wconf 72' lang='grc' dir='ltr'>μέλλοντα</span> <span class='ocrx_word' id='word_1_192' title='bbox 3153 1322 3534 1392; x_wconf 76' lang='grc' dir='ltr'><strong>χαταξιοῦσθαι</strong></span> <span class='ocrx_word' id='word_1_193' title='bbox 3583 1324 3672 1374; x_wconf 75' lang='grc' dir='ltr'>τοῦ</span> <span class='ocrx_word' id='word_1_194' title='bbox 3722 1318 3784 1380; x_wconf 75' lang='grc' dir='ltr'><strong>εἷς</strong></span> 
     </span>
    </p>
   </div>
   <div class='ocr_carea' id='block_1_27' title="bbox 2163 1407 3787 1486">
    <p class='ocr_par' dir='ltr' id='par_1_27' title="bbox 2163 1407 3787 1486">
     <span class='ocr_line' id='line_1_27' title="bbox 2163 1407 3787 1486; baseline -0.002 -22"><span class='ocrx_word' id='word_1_195' title='bbox 2163 1412 2361 1484; x_wconf 85' lang='grc' dir='ltr'>Συρίαν</span> <span class='ocrx_word' id='word_1_196' title='bbox 2390 1412 2731 1485; x_wconf 75' lang='grc' dir='ltr'><strong>πορεύεσθαι.</strong></span> <span class='ocrx_word' id='word_1_197' title='bbox 2781 1417 2973 1470; x_wconf 67' lang='lat' dir='ltr'><strong>&quot;Eant</strong></span> <span class='ocrx_word' id='word_1_198' title='bbox 3005 1415 3040 1480; x_wconf 79' lang='grc' dir='ltr'>ἡ</span> <span class='ocrx_word' id='word_1_199' title='bbox 3111 1412 3273 1486; x_wconf 80' lang='grc' dir='ltr'>χάρις</span> <span class='ocrx_word' id='word_1_200' title='bbox 3333 1412 3450 1485; x_wconf 78' lang='grc' dir='ltr'><strong>μετ’</strong></span> <span class='ocrx_word' id='word_1_201' title='bbox 3507 1410 3664 1466; x_wconf 75' lang='grc' dir='ltr'>αὐτοῦ</span> <span class='ocrx_word' id='word_1_202' title='bbox 3715 1407 3787 1462; x_wconf 78' lang='grc' dir='ltr'><strong>διὰ</strong></span> 
     </span>
    </p>
   </div>
   <div class='ocr_carea' id='block_1_28' title="bbox 2161 1498 3787 1574">
    <p class='ocr_par' dir='ltr' id='par_1_28' title="bbox 2161 1498 3787 1574">
     <span class='ocr_line' id='line_1_28' title="bbox 2161 1498 3787 1574; baseline -0.001 -20"><span class='ocrx_word' id='word_1_203' title='bbox 2161 1499 2382 1571; x_wconf 84' lang='grc' dir='ltr'>παντὸς,</span> <span class='ocrx_word' id='word_1_204' title='bbox 2413 1500 2630 1554; x_wconf 81' lang='grc' dir='ltr'>καὶτοῦ</span> <span class='ocrx_word' id='word_1_205' title='bbox 2681 1499 2990 1572; x_wconf 83' lang='grc' dir='ltr'>πέμποντος</span> <span class='ocrx_word' id='word_1_206' title='bbox 3039 1501 3200 1556; x_wconf 81' lang='grc' dir='ltr'>αὐτὸν</span> <span class='ocrx_word' id='word_1_207' title='bbox 3257 1501 3640 1574; x_wconf 82' lang='grc' dir='ltr'>Πολυκάρπου.</span> <span class='ocrx_word' id='word_1_208' title='bbox 3685 1498 3787 1572; x_wconf 82' lang='grc' dir='ltr'><strong>⁷Ερ-</strong></span> 
     </span>
    </p>
   </div>
   <div class='ocr_carea' id='block_1_29' title="bbox 2163 1585 3790 1663">
    <p class='ocr_par' dir='ltr' id='par_1_29' title="bbox 2163 1585 3790 1663">
     <span class='ocr_line' id='line_1_29' title="bbox 2163 1585 3790 1663; baseline -0.002 -20"><span class='ocrx_word' id='word_1_209' title='bbox 2163 1588 2366 1662; x_wconf 79' lang='grc' dir='ltr'><strong>ῥῶσθαι</strong></span> <span class='ocrx_word' id='word_1_210' title='bbox 2403 1589 2543 1661; x_wconf 81' lang='grc' dir='ltr'><strong>ὑμᾶς</strong></span> <span class='ocrx_word' id='word_1_211' title='bbox 2603 1585 2694 1642; x_wconf 75' lang='grc' dir='ltr'><strong>διὰ</strong></span> <span class='ocrx_word' id='word_1_212' title='bbox 2757 1590 2960 1651; x_wconf 83' lang='grc' dir='ltr'>παντὸς</span> <span class='ocrx_word' id='word_1_213' title='bbox 3019 1587 3069 1642; x_wconf 79' lang='grc' dir='ltr'>ἐν</span> <span class='ocrx_word' id='word_1_214' title='bbox 3114 1593 3230 1661; x_wconf 85' lang='grc' dir='ltr'><strong>Θεῷ</strong></span> <span class='ocrx_word' id='word_1_215' title='bbox 3272 1590 3437 1663; x_wconf 72' lang='grc' dir='ltr'>ἡμῶν</span> <span class='ocrx_word' id='word_1_216' title='bbox 3468 1591 3649 1659; x_wconf 66' lang='grc' dir='ltr'>Ἰν,σοῦ</span> <span class='ocrx_word' id='word_1_217' title='bbox 3678 1593 3790 1662; x_wconf 79' lang='grc' dir='ltr'>Χρι-</span> 
     </span>
    </p>
   </div>
   <div class='ocr_carea' id='block_1_30' title="bbox 2163 1675 3792 1756">
    <p class='ocr_par' dir='ltr' id='par_1_30' title="bbox 2163 1675 3792 1756">
     <span class='ocr_line' id='line_1_30' title="bbox 2163 1675 3792 1756; baseline -0.002 -24"><span class='ocrx_word' id='word_1_218' title='bbox 2163 1681 2274 1751; x_wconf 78' lang='grc' dir='ltr'><strong>στῷ</strong></span> <span class='ocrx_word' id='word_1_219' title='bbox 2305 1675 2565 1756; x_wconf 68' lang='grc' dir='ltr'>εὔχομαι,</span> <span class='ocrx_word' id='word_1_220' title='bbox 2599 1675 2651 1733; x_wconf 82' lang='grc' dir='ltr'>ἐν</span> <span class='ocrx_word' id='word_1_221' title='bbox 2711 1679 2757 1750; x_wconf 81' lang='grc' dir='ltr'>ᾧ</span> <span class='ocrx_word' id='word_1_222' title='bbox 2815 1675 3138 1753; x_wconf 81' lang='grc' dir='ltr'>διαμείνητε</span> <span class='ocrx_word' id='word_1_223' title='bbox 3170 1679 3221 1735; x_wconf 72' lang='grc' dir='ltr'>ἰν</span> <span class='ocrx_word' id='word_1_224' title='bbox 3284 1680 3505 1750; x_wconf 70' lang='grc' dir='ltr'>ἓνότητι</span> <span class='ocrx_word' id='word_1_225' title='bbox 3539 1683 3668 1735; x_wconf 80' lang='grc' dir='ltr'><strong>Θεοῦ</strong></span> <span class='ocrx_word' id='word_1_226' title='bbox 3715 1677 3792 1730; x_wconf 76' lang='grc' dir='ltr'><strong>καὶ</strong></span> 
     </span>
    </p>
   </div>
   <div class='ocr_carea' id='block_1_31' title="bbox 2164 1766 3794 1843">
    <p class='ocr_par' dir='ltr' id='par_1_31' title="bbox 2164 1766 3794 1843">
     <span class='ocr_line' id='line_1_31' title="bbox 2164 1766 3794 1843; baseline -0.003 -19"><span class='ocrx_word' id='word_1_227' title='bbox 2164 1770 2281 1839; x_wconf 83' lang='lat'><strong>(62)</strong></span> <span class='ocrx_word' id='word_1_228' title='bbox 2315 1766 2609 1841; x_wconf 78' lang='grc' dir='ltr'>ἐπισκοπῇ.</span> <span class='ocrx_word' id='word_1_229' title='bbox 2648 1769 2997 1841; x_wconf 81' lang='grc' dir='ltr'>’Δσπάζομαι</span> <span class='ocrx_word' id='word_1_230' title='bbox 3032 1771 3147 1843; x_wconf 82' lang='grc'><strong>(63)</strong></span> <span class='ocrx_word' id='word_1_231' title='bbox 3176 1767 3416 1842; x_wconf 72' lang='grc' dir='ltr'>Ἀλκην,</span> <span class='ocrx_word' id='word_1_232' title='bbox 3472 1770 3538 1824; x_wconf 86' lang='grc' dir='ltr'>τὸ</span> <span class='ocrx_word' id='word_1_233' title='bbox 3582 1766 3794 1836; x_wconf 76' lang='grc' dir='ltr'>ποθητόν</span> 
     </span>
    </p>
   </div>
   <div class='ocr_carea' id='block_1_32' title="bbox 2169 1854 3135 1932">
    <p class='ocr_par' dir='ltr' id='par_1_32' title="bbox 2169 1854 3135 1932">
     <span class='ocr_line' id='line_1_32' title="bbox 2169 1854 3135 1932; baseline 0.005 -21"><span class='ocrx_word' id='word_1_234' title='bbox 2169 1877 2275 1930; x_wconf 84' lang='grc' dir='ltr'>μου</span> <span class='ocrx_word' id='word_1_235' title='bbox 2297 1855 2491 1931; x_wconf 80' lang='grc' dir='ltr'>ὄνομα.</span> <span class='ocrx_word' id='word_1_236' title='bbox 2521 1854 2800 1931; x_wconf 78' lang='grc' dir='ltr'><strong>Ἕῤῥωσθε</strong></span> <span class='ocrx_word' id='word_1_237' title='bbox 2829 1854 2880 1911; x_wconf 82' lang='grc' dir='ltr'>ἒν</span> <span class='ocrx_word' id='word_1_238' title='bbox 2921 1858 3135 1932; x_wconf 87' lang='grc' dir='ltr'>Κυρίῳ.</span> 
     </span>
    </p>
   </div>
   <div class='ocr_carea' id='block_1_33' title="bbox 1865 1977 2357 2046">
    <p class='ocr_par' dir='ltr' id='par_1_33' title="bbox 1865 1977 2357 2046">
     <span class='ocr_line' id='line_1_33' title="bbox 1865 1977 2357 2046; baseline -0.002 -14"><span class='ocrx_word' id='word_1_239' title='bbox 1865 1979 2029 2032; x_wconf 84' lang='lat' dir='ltr'><strong>Vetus</strong></span> <span class='ocrx_word' id='word_1_240' title='bbox 2068 1977 2357 2046; x_wconf 79' lang='lat' dir='ltr'><strong>interpres.</strong></span> 
     </span>
    </p>
   </div>
   <div class='ocr_carea' id='block_1_34' title="bbox 399 2083 756 2142">
    <p class='ocr_par' dir='ltr' id='par_1_34' title="bbox 399 2083 756 2142">
     <span class='ocr_line' id='line_1_34' title="bbox 399 2083 756 2142; baseline -0.006 0"><span class='ocrx_word' id='word_1_241' title='bbox 399 2090 467 2142; x_wconf 88' lang='lat' dir='ltr'><strong>ut</strong></span> <span class='ocrx_word' id='word_1_242' title='bbox 489 2083 756 2141; x_wconf 83' lang='lat' dir='ltr'><strong>voluntas</strong></span> 
     </span>
    </p>
   </div>
   <div class='ocr_carea' id='block_1_35' title="bbox 837 2082 3791 2157">
    <p class='ocr_par' dir='ltr' id='par_1_35' title="bbox 837 2082 3791 2157">
     <span class='ocr_line' id='line_1_35' title="bbox 837 2082 3791 2157; baseline -0 -19"><span class='ocrx_word' id='word_1_243' title='bbox 837 2085 1100 2156; x_wconf 69' lang='lat' dir='ltr'><strong>rmcipit;</strong></span> <span class='ocrx_word' id='word_1_244' title='bbox 1131 2083 1355 2139; x_wconf 90' lang='lat' dir='ltr'><strong>scribes</strong></span> <span class='ocrx_word' id='word_1_245' title='bbox 1379 2082 1506 2139; x_wconf 78' lang='lat' dir='ltr'><strong>aliis</strong></span> <span class='ocrx_word' id='word_1_246' title='bbox 1536 2083 1905 2157; x_wconf 24' lang='lat' dir='ltr'><strong>Ecclesi‘is,ut</strong></span> <span class='ocrx_word' id='word_1_247' title='bbox 1935 2084 2034 2138; x_wconf 92' lang='lat' dir='ltr'><strong>Dei</strong></span> <span class='ocrx_word' id='word_1_248' title='bbox 2068 2083 2423 2157; x_wconf 87' lang='lat' dir='ltr'><strong>sententiam</strong></span> <span class='ocrx_word' id='word_1_249' title='bbox 2454 2083 2958 2157; x_wconf 80' lang='lat' dir='ltr'><strong>possidens,idem</strong></span> <span class='ocrx_word' id='word_1_250' title='bbox 2975 2091 3032 2141; x_wconf 91' lang='lat' dir='ltr'><strong>et</strong></span> <span class='ocrx_word' id='word_1_251' title='bbox 3056 2086 3215 2157; x_wconf 90' lang='lat' dir='ltr'><strong>ipsos</strong></span> <span class='ocrx_word' id='word_1_252' title='bbox 3237 2086 3430 2141; x_wconf 81' lang='lat' dir='ltr'><strong>facere</strong></span> <span class='ocrx_word' id='word_1_253' title='bbox 3461 2103 3474 2140; x_wconf 89' lang='lat'>:</span> <span class='ocrx_word' id='word_1_254' title='bbox 3501 2083 3791 2157; x_wconf 77' lang='lat' dir='ltr'><strong>hiquidetn</strong></span> 
     </span>
    </p>
   </div>
   <div class='ocr_carea' id='block_1_36' title="bbox 400 2154 3796 2230">
    <p class='ocr_par' dir='ltr' id='par_1_36' title="bbox 400 2154 3796 2230">
     <span class='ocr_line' id='line_1_36' title="bbox 400 2154 3796 2230; baseline -0.001 -18"><span class='ocrx_word' id='word_1_255' title='bbox 400 2163 674 2229; x_wconf 89' lang='lat' dir='ltr'><strong>potentes</strong></span> <span class='ocrx_word' id='word_1_256' title='bbox 697 2154 932 2230; x_wconf 85' lang='lat' dir='ltr'><strong>pedites</strong></span> <span class='ocrx_word' id='word_1_257' title='bbox 963 2154 1218 2219; x_wconf 83' lang='lat' dir='ltr'><strong>mittere,</strong></span> <span class='ocrx_word' id='word_1_258' title='bbox 1239 2157 1295 2210; x_wconf 88' lang='lat' dir='ltr'><strong>bi</strong></span> <span class='ocrx_word' id='word_1_259' title='bbox 1331 2162 1528 2230; x_wconf 82' lang='lat' dir='ltr'><strong>autem</strong></span> <span class='ocrx_word' id='word_1_260' title='bbox 1562 2155 1841 2226; x_wconf 84' lang='lat' dir='ltr'><strong>epistolas</strong></span> <span class='ocrx_word' id='word_1_261' title='bbox 1879 2171 1986 2230; x_wconf 80' lang='lat' dir='ltr'><strong>per</strong></span> <span class='ocrx_word' id='word_1_262' title='bbox 2014 2172 2048 2209; x_wconf 89' lang='lat' dir='ltr'><strong>a</strong></span> <span class='ocrx_word' id='word_1_263' title='bbox 2076 2159 2145 2230; x_wconf 90' lang='lat' dir='ltr'><strong>te_</strong></span> <span class='ocrx_word' id='word_1_264' title='bbox 2164 2155 2397 2230; x_wconf 75' lang='lat' dir='ltr'><strong>missos,</strong></span> <span class='ocrx_word' id='word_1_265' title='bbox 2421 2161 2486 2209; x_wconf 89' lang='lat' dir='ltr'><strong>ut</strong></span> <span class='ocrx_word' id='word_1_266' title='bbox 2515 2155 2859 2230; x_wconf 78' lang='lat' dir='ltr'><strong>gloriﬁceris</strong></span> <span class='ocrx_word' id='word_1_267' title='bbox 2887 2154 3110 2212; x_wconf 66' lang='lat' dir='ltr'><strong>aeterno</strong></span> <span class='ocrx_word' id='word_1_268' title='bbox 3132 2163 3399 2228; x_wconf 84' lang='lat' dir='ltr'><strong>opere.ut</strong></span> <span class='ocrx_word' id='word_1_269' title='bbox 3414 2154 3637 2230; x_wconf 78' lang='lat' dir='ltr'><strong>dignus</strong></span> <span class='ocrx_word' id='word_1_270' title='bbox 3659 2154 3796 2230; x_wconf 79' lang='lat' dir='ltr'><strong>exsi-</strong></span> 
     </span>
    </p>
   </div>
   <div class='ocr_carea' id='block_1_37' title="bbox 399 2227 3798 2308">
    <p class='ocr_par' dir='ltr' id='par_1_37' title="bbox 399 2227 3798 2308">
     <span class='ocr_line' id='line_1_37' title="bbox 399 2227 3798 2308; baseline -0.001 -25"><span class='ocrx_word' id='word_1_271' title='bbox 399 2227 584 2308; x_wconf 64' lang='lat' dir='ltr'><strong>stens.</strong></span> <span class='ocrx_word' id='word_1_272' title='bbox 617 2229 816 2283; x_wconf 85' lang='lat' dir='ltr'><strong>Saluto</strong></span> <span class='ocrx_word' id='word_1_273' title='bbox 847 2245 1062 2308; x_wconf 53' lang='lat' dir='ltr'><strong>omnes</strong></span> <span class='ocrx_word' id='word_1_274' title='bbox 1088 2244 1159 2308; x_wconf 79' lang='lat' dir='ltr'><strong>ex</strong></span> <span class='ocrx_word' id='word_1_275' title='bbox 1189 2227 1430 2308; x_wconf 73' lang='lat' dir='ltr'><strong>nomine</strong></span> <span class='ocrx_word' id='word_1_276' title='bbox 1455 2246 1469 2292; x_wconf 89' lang='lat'><strong>;</strong></span> <span class='ocrx_word' id='word_1_277' title='bbox 1493 2233 1720 2308; x_wconf 47' lang='lat' dir='ltr'><strong>etueaui</strong></span> <span class='ocrx_word' id='word_1_278' title='bbox 1734 2244 1864 2308; x_wconf 61' lang='lat' dir='ltr'><strong>quas</strong></span> <span class='ocrx_word' id='word_1_279' title='bbox 1887 2227 2170 2308; x_wconf 43' lang='lat' dir='ltr'><strong>Epitropi‘,</strong></span> <span class='ocrx_word' id='word_1_280' title='bbox 2197 2243 2331 2307; x_wconf 80' lang='lat' dir='ltr'><strong>cum</strong></span> <span class='ocrx_word' id='word_1_281' title='bbox 2363 2228 2538 2308; x_wconf 77' lang='lat' dir='ltr'><strong>d_omo</strong></span> <span class='ocrx_word' id='word_1_282' title='bbox 2570 2228 2911 2308; x_wconf 83' lang='lat' dir='ltr'><strong>tota_ip_sius</strong></span> <span class='ocrx_word' id='word_1_283' title='bbox 2942 2235 2999 2308; x_wconf 75' lang='lat' dir='ltr'><strong>et</strong></span> <span class='ocrx_word' id='word_1_284' title='bbox 3028 2227 3306 2308; x_wconf 56' lang='lat' dir='ltr'><strong>ﬁliorum.</strong></span> <span class='ocrx_word' id='word_1_285' title='bbox 3333 2227 3540 2284; x_wconf 57' lang='lat' dir='ltr'><strong>Salut&#39;o</strong></span> <span class='ocrx_word' id='word_1_286' title='bbox 3567 2227 3798 2308; x_wconf 72' lang='lat' dir='ltr'><strong>Attalum</strong></span> 
     </span>
    </p>
   </div>
   <div class='ocr_carea' id='block_1_38' title="bbox 402 2297 3800 2371">
    <p class='ocr_par' dir='ltr' id='par_1_38' title="bbox 402 2297 3800 2371">
     <span class='ocr_line' id='line_1_38' title="bbox 402 2297 3800 2371; baseline -0.001 -17"><span class='ocrx_word' id='word_1_287' title='bbox 402 2299 686 2354; x_wconf 88' lang='lat' dir='ltr'><strong>dilectum</strong></span> <span class='ocrx_word' id='word_1_288' title='bbox 713 2316 941 2371; x_wconf 88' lang='lat' dir='ltr'><strong>meum.</strong></span> <span class='ocrx_word' id='word_1_289' title='bbox 974 2298 1172 2371; x_wconf 79' lang='lat' dir='ltr'><strong>saluto</strong></span> <span class='ocrx_word' id='word_1_290' title='bbox 1221 2299 1486 2371; x_wconf 82' lang='lat' dir='ltr'><strong>futurum</strong></span> <span class='ocrx_word' id='word_1_291' title='bbox 1521 2299 1850 2364; x_wconf 68' lang='lat' dir='ltr'><strong>digniﬁcari</strong></span> <span class='ocrx_word' id='word_1_292' title='bbox 1897 2297 1972 2371; x_wconf 82' lang='lat' dir='ltr'><strong>ad</strong></span> <span class='ocrx_word' id='word_1_293' title='bbox 2004 2297 2265 2352; x_wconf 88' lang='lat' dir='ltr'><strong>eundum</strong></span> <span class='ocrx_word' id='word_1_294' title='bbox 2297 2297 2357 2351; x_wconf 89' lang='lat' dir='ltr'><strong>in</strong></span> <span class='ocrx_word' id='word_1_295' title='bbox 2389 2298 2639 2371; x_wconf 82' lang='lat' dir='ltr'><strong>Syriam.</strong></span> <span class='ocrx_word' id='word_1_296' title='bbox 2678 2297 2801 2352; x_wconf 81' lang='lat' dir='ltr'><strong>Erit</strong></span> <span class='ocrx_word' id='word_1_297' title='bbox 2842 2301 3030 2371; x_wconf 80' lang='lat' dir='ltr'><strong>gratia</strong></span> <span class='ocrx_word' id='word_1_298' title='bbox 3086 2317 3223 2356; x_wconf 89' lang='lat' dir='ltr'><strong>cum</strong></span> <span class='ocrx_word' id='word_1_299' title='bbox 3293 2301 3419 2371; x_wconf 88' lang='lat' dir='ltr'><strong>ipso</strong></span> <span class='ocrx_word' id='word_1_300' title='bbox 3477 2315 3723 2371; x_wconf 87' lang='lat' dir='ltr'><strong>semper,</strong></span> <span class='ocrx_word' id='word_1_301' title='bbox 3750 2302 3800 2371; x_wconf 80' lang='lat' dir='ltr'><strong>et</strong></span> 
     </span>
    </p>
   </div>
   <div class='ocr_carea' id='block_1_39' title="bbox 400 2369 3799 2444">
    <p class='ocr_par' dir='ltr' id='par_1_39' title="bbox 400 2369 3799 2444">
     <span class='ocr_line' id='line_1_39' title="bbox 400 2369 3799 2444; baseline -0.001 -18"><span class='ocrx_word' id='word_1_302' title='bbox 400 2370 901 2444; x_wconf 25' lang='lat' dir='ltr'><strong>mittenteiipsum</strong></span> <span class='ocrx_word' id='word_1_303' title='bbox 932 2369 1504 2444; x_wconf 24' lang='lat' dir='ltr'><strong>Polycarpouvalere</strong></span> <span class='ocrx_word' id='word_1_304' title='bbox 1534 2388 1632 2444; x_wconf 76' lang='lat' dir='ltr'><strong>vos</strong></span> <span class='ocrx_word' id='word_1_305' title='bbox 1664 2369 1989 2444; x_wconf 62' lang='lat' dir='ltr'><strong>semperin</strong></span> <span class='ocrx_word' id='word_1_306' title='bbox 2025 2375 2140 2423; x_wconf 91' lang='lat' dir='ltr'><strong>Deo</strong></span> <span class='ocrx_word' id='word_1_307' title='bbox 2173 2375 2374 2444; x_wconf 78' lang='lat' dir='ltr'><strong>nostro</strong></span> <span class='ocrx_word' id='word_1_308' title='bbox 2404 2370 2538 2424; x_wconf 88' lang='lat' dir='ltr'><strong>Jesu</strong></span> <span class='ocrx_word' id='word_1_309' title='bbox 2569 2369 2798 2444; x_wconf 70' lang='lat' dir='ltr'><strong>Christo</strong></span> <span class='ocrx_word' id='word_1_310' title='bbox 2830 2369 2932 2444; x_wconf 84' lang='lat' dir='ltr'><strong>oro</strong></span> <span class='ocrx_word' id='word_1_311' title='bbox 2962 2387 2975 2436; x_wconf 88' lang='lat'><strong>;</strong></span> <span class='ocrx_word' id='word_1_312' title='bbox 3011 2373 3067 2426; x_wconf 89' lang='lat' dir='ltr'><strong>in</strong></span> <span class='ocrx_word' id='word_1_313' title='bbox 3124 2388 3239 2443; x_wconf 89' lang='lat' dir='ltr'><strong>quo</strong></span> <span class='ocrx_word' id='word_1_314' title='bbox 3299 2369 3700 2444; x_wconf 75' lang='lat' dir='ltr'><strong>permaneatis</strong></span> <span class='ocrx_word' id='word_1_315' title='bbox 3747 2369 3799 2422; x_wconf 88' lang='lat' dir='ltr'><strong>in</strong></span> 
     </span>
    </p>
   </div>
   <div class='ocr_carea' id='block_1_40' title="bbox 407 2440 3231 2510">
    <p class='ocr_par' dir='ltr' id='par_1_40' title="bbox 407 2440 3231 2510">
     <span class='ocr_line' id='line_1_40' title="bbox 407 2440 3231 2510; baseline 0 -13"><span class='ocrx_word' id='word_1_316' title='bbox 407 2443 638 2497; x_wconf 87' lang='lat' dir='ltr'><strong>unitate</strong></span> <span class='ocrx_word' id='word_1_317' title='bbox 672 2440 772 2496; x_wconf 89' lang='lat' dir='ltr'><strong>Dei</strong></span> <span class='ocrx_word' id='word_1_318' title='bbox 806 2447 864 2496; x_wconf 91' lang='lat' dir='ltr'><strong>et</strong></span> <span class='ocrx_word' id='word_1_319' title='bbox 893 2440 1247 2496; x_wconf 84' lang='lat' dir='ltr'><strong>visitatione.</strong></span> <span class='ocrx_word' id='word_1_320' title='bbox 1279 2441 1480 2497; x_wconf 86' lang='lat' dir='ltr'><strong>Saluto</strong></span> <span class='ocrx_word' id='word_1_321' title='bbox 1515 2441 1722 2510; x_wconf 80' lang='lat' dir='ltr'><strong>Alken,</strong></span> <span class='ocrx_word' id='word_1_322' title='bbox 1755 2440 2158 2496; x_wconf 87' lang='lat' dir='ltr'><strong>desideratum</strong></span> <span class='ocrx_word' id='word_1_323' title='bbox 2190 2441 2336 2494; x_wconf 89' lang='lat' dir='ltr'><strong>mihi</strong></span> <span class='ocrx_word' id='word_1_324' title='bbox 2370 2457 2610 2496; x_wconf 89' lang='lat' dir='ltr'><strong>nomen.</strong></span> <span class='ocrx_word' id='word_1_325' title='bbox 2646 2440 2841 2497; x_wconf 84' lang='lat' dir='ltr'><strong>Valete</strong></span> <span class='ocrx_word' id='word_1_326' title='bbox 2868 2443 2930 2498; x_wconf 91' lang='lat' dir='ltr'><strong>in</strong></span> <span class='ocrx_word' id='word_1_327' title='bbox 2962 2440 3231 2499; x_wconf 80' lang='lat' dir='ltr'><strong>Domino.</strong></span> 
     </span>
    </p>
   </div>
   <div class='ocr_carea' id='block_1_41' title="bbox 474 2585 2054 2658">
    <p class='ocr_par' dir='ltr' id='par_1_41' title="bbox 474 2585 2054 2658">
     <span class='ocr_line' id='line_1_41' title="bbox 474 2585 2054 2658; baseline 0 -19"><span class='ocrx_word' id='word_1_328' title='bbox 474 2585 588 2658; x_wconf 83' lang='lat'><strong>(60)</strong></span> <span class='ocrx_word' id='word_1_329' title='bbox 619 2586 662 2640; x_wconf 89' lang='grc' dir='ltr'><strong>Ι.</strong></span> <span class='ocrx_word' id='word_1_330' title='bbox 696 2586 1102 2658; x_wconf 71' lang='lat' dir='ltr'><strong>e._mandatum</strong></span> <span class='ocrx_word' id='word_1_331' title='bbox 1123 2585 1490 2656; x_wconf 74' lang='lat' dir='ltr'><strong>imperatoris,</strong></span> <span class='ocrx_word' id='word_1_332' title='bbox 1524 2601 1629 2641; x_wconf 82' lang='lat' dir='ltr'><strong>seu</strong></span> <span class='ocrx_word' id='word_1_333' title='bbox 1657 2585 2054 2658; x_wconf 13' lang='lat' dir='ltr'><strong>militum,iqui</strong></span> 
     </span>
    </p>
   </div>
   <div class='ocr_carea' id='block_1_42' title="bbox 402 2655 2057 2730">
    <p class='ocr_par' dir='ltr' id='par_1_42' title="bbox 402 2655 2057 2730">
     <span class='ocr_line' id='line_1_42' title="bbox 402 2655 2057 2730; baseline 0.001 -19"><span class='ocrx_word' id='word_1_334' title='bbox 402 2655 699 2730; x_wconf 68' lang='lat' dir='ltr'><strong>lgnatium</strong></span> <span class='ocrx_word' id='word_1_335' title='bbox 736 2655 1050 2730; x_wconf 82' lang='lat' dir='ltr'><strong>ducebant,</strong></span> <span class='ocrx_word' id='word_1_336' title='bbox 1075 2673 1190 2730; x_wconf 77' lang='lat' dir='ltr'><strong>seu</strong></span> <span class='ocrx_word' id='word_1_337' title='bbox 1209 2655 1471 2713; x_wconf 28' lang='lat' dir='ltr'><strong>’voluntas</strong></span> <span class='ocrx_word' id='word_1_338' title='bbox 1495 2659 1607 2730; x_wconf 71' lang='lat' dir='ltr'><strong>Dei.</strong></span> <span class='ocrx_word' id='word_1_339' title='bbox 1641 2655 1783 2726; x_wconf 78' lang='grc' dir='ltr'><strong>Θὲλη</strong></span> <span class='ocrx_word' id='word_1_340' title='bbox 1795 2677 1871 2730; x_wconf 83' lang='grc' dir='ltr'><strong>μα</strong></span> <span class='ocrx_word' id='word_1_341' title='bbox 1891 2655 2057 2712; x_wconf 83' lang='lat' dir='ltr'><strong>abso-</strong></span> 
     </span>
    </p>
   </div>
   <div class='ocr_carea' id='block_1_43' title="bbox 404 2726 1665 2801">
    <p class='ocr_par' dir='ltr' id='par_1_43' title="bbox 404 2726 1665 2801">
     <span class='ocr_line' id='line_1_43' title="bbox 404 2726 1665 2801; baseline -0.001 -18"><span class='ocrx_word' id='word_1_342' title='bbox 404 2726 524 2785; x_wconf 76' lang='lat' dir='ltr'><strong>lute</strong></span> <span class='ocrx_word' id='word_1_343' title='bbox 552 2729 794 2801; x_wconf 80' lang='lat' dir='ltr'><strong>ponitur</strong></span> <span class='ocrx_word' id='word_1_344' title='bbox 823 2745 894 2800; x_wconf 88' lang='lat' dir='ltr'><strong>ep</strong></span> <span class='ocrx_word' id='word_1_345' title='bbox 909 2770 931 2801; x_wconf 85' lang='lat'><strong>._</strong></span> <span class='ocrx_word' id='word_1_346' title='bbox 958 2729 1035 2784; x_wconf 78' lang='lat' dir='ltr'><strong>ad</strong></span> <span class='ocrx_word' id='word_1_347' title='bbox 1066 2729 1404 2801; x_wconf 78' lang='lat' dir='ltr'><strong>smyrn.,c.</strong></span> <span class='ocrx_word' id='word_1_348' title='bbox 1441 2733 1523 2783; x_wconf 81' lang='lat' dir='ltr'><strong>H.</strong></span> <span class='ocrx_word' id='word_1_349' title='bbox 1545 2729 1665 2784; x_wconf 67' lang='lat' dir='ltr'><strong>hc.</strong></span> 
     </span>
    </p>
   </div>
   <div class='ocr_carea' id='block_1_44' title="bbox 475 2797 1772 2873">
    <p class='ocr_par' dir='ltr' id='par_1_44' title="bbox 475 2797 1772 2873">
     <span class='ocr_line' id='line_1_44' title="bbox 475 2797 1772 2873; baseline 0.002 -19"><span class='ocrx_word' id='word_1_350' title='bbox 475 2797 588 2870; x_wconf 70' lang='lat' dir='ltr'><strong>(6f)</strong></span> <span class='ocrx_word' id='word_1_351' title='bbox 618 2797 888 2856; x_wconf 66' lang='lat' dir='ltr'><strong>Fortassé</strong></span> <span class='ocrx_word' id='word_1_352' title='bbox 917 2797 1234 2872; x_wconf 66' lang='lat' dir='ltr'><strong>legendum</strong></span> <span class='ocrx_word' id='word_1_353' title='bbox 1266 2797 1557 2873; x_wconf 79' lang='grc' dir='ltr'><strong>δοξασθῇς.</strong></span> <span class='ocrx_word' id='word_1_354' title='bbox 1585 2801 1772 2857; x_wconf 75' lang='lat' dir='ltr'><strong>Slm&#39;n.</strong></span> 
     </span>
    </p>
   </div>
   <div class='ocr_carea' id='block_1_45' title="bbox 2237 2581 3802 2658">
    <p class='ocr_par' dir='ltr' id='par_1_45' title="bbox 2237 2581 3802 2658">
     <span class='ocr_line' id='line_1_45' title="bbox 2237 2581 3802 2658; baseline -0.001 -20"><span class='ocrx_word' id='word_1_355' title='bbox 2237 2587 2345 2651; x_wconf 72' lang='lat'><strong>(62)</strong></span> <span class='ocrx_word' id='word_1_356' title='bbox 2380 2584 2524 2658; x_wconf 57' lang='lat' dir='ltr'><strong>Lege</strong></span> <span class='ocrx_word' id='word_1_357' title='bbox 2557 2581 2878 2658; x_wconf 77' lang='grc' dir='ltr'>ἐπισκόπου,</span> <span class='ocrx_word' id='word_1_358' title='bbox 2910 2592 2975 2641; x_wconf 90' lang='lat' dir='ltr'><strong>ut</strong></span> <span class='ocrx_word' id='word_1_359' title='bbox 3009 2587 3232 2642; x_wconf 83' lang='lat' dir='ltr'><strong>habent</strong></span> <span class='ocrx_word' id='word_1_360' title='bbox 3272 2587 3511 2643; x_wconf 91' lang='lat' dir='ltr'><strong>codices</strong></span> <span class='ocrx_word' id='word_1_361' title='bbox 3544 2589 3802 2658; x_wconf 80' lang='lat' dir='ltr'><strong>Augusta-</strong></span> 
     </span>
    </p>
   </div>
   <div class='ocr_carea' id='block_1_46' title="bbox 2167 2657 3799 2732">
    <p class='ocr_par' dir='ltr' id='par_1_46' title="bbox 2167 2657 3799 2732">
     <span class='ocr_line' id='line_1_46' title="bbox 2167 2657 3799 2732; baseline -0.002 -21"><span class='ocrx_word' id='word_1_362' title='bbox 2167 2673 2284 2732; x_wconf 74' lang='lat' dir='ltr'><strong>nus</strong></span> <span class='ocrx_word' id='word_1_363' title='bbox 2303 2661 2372 2732; x_wconf 72' lang='lat' dir='ltr'><strong>et</strong></span> <span class='ocrx_word' id='word_1_364' title='bbox 2395 2657 2819 2732; x_wconf 78' lang='lat' dir='ltr'><strong>_L_eicestrensis</strong></span> <span class='ocrx_word' id='word_1_365' title='bbox 2848 2658 3138 2732; x_wconf 61' lang='lat' dir='ltr'><strong>(epistola;</strong></span> <span class='ocrx_word' id='word_1_366' title='bbox 3170 2659 3590 2732; x_wconf 61' lang='lat' dir='ltr'><strong>interpolata).</strong></span> <span class='ocrx_word' id='word_1_367' title='bbox 3631 2657 3799 2713; x_wconf 75' lang='lat' dir='ltr'><strong>SIITH.</strong></span> 
     </span>
    </p>
   </div>
   <div class='ocr_carea' id='block_1_47' title="bbox 2239 2727 3316 2802">
    <p class='ocr_par' dir='ltr' id='par_1_47' title="bbox 2239 2727 3316 2802">
     <span class='ocr_line' id='line_1_47' title="bbox 2239 2727 3316 2802; baseline 0.004 -20"><span class='ocrx_word' id='word_1_368' title='bbox 2239 2727 2351 2800; x_wconf 87' lang='lat'><strong>(63)</strong></span> <span class='ocrx_word' id='word_1_369' title='bbox 2381 2727 2496 2784; x_wconf 87' lang='lat' dir='ltr'><strong>Cfr.</strong></span> <span class='ocrx_word' id='word_1_370' title='bbox 2533 2728 2716 2800; x_wconf 80' lang='lat' dir='ltr'><strong>lgnat.</strong></span> <span class='ocrx_word' id='word_1_371' title='bbox 2749 2727 2822 2784; x_wconf 83' lang='lat' dir='ltr'><strong>ad</strong></span> <span class='ocrx_word' id='word_1_372' title='bbox 2854 2727 3111 2802; x_wconf 73' lang='lat' dir='ltr'><strong>Sinyrn.,</strong></span> <span class='ocrx_word' id='word_1_373' title='bbox 3144 2745 3194 2788; x_wconf 90' lang='lat' dir='ltr'><strong>c.</strong></span> <span class='ocrx_word' id='word_1_374' title='bbox 3232 2731 3316 2786; x_wconf 88' lang='grc'><strong>13.</strong></span> 
     </span>
    </p>
   </div>
  </div>
