4030 6212
274 417 392 480 733

1048 402 1504 478 'EPIsTow
1545 409 2156 476 mrsnpomrzs.
2205 447 2280 461 --
2324 416 2429 478 AD
2475 415 2881 483 EPHESIOS.

3565 423 3682 486 73!

284 571 372 622 μῳ
423 549 503 619 τῷ
572 546 658 604 ἐπ’
715 547 904 624 ἀγάπῃ
965 546 1248 624 ἀδιηγήτῳ
1303 551 1439 621 (43),
1496 549 1645 620 ὑμῶν
1703 543 1760 602 δὲ
1815 545 1910 601 ἐπι·

2040 547 2240 606 dinem
2261 551 2320 607 in
2352 554 2594 609 nomine
2621 555 2717 609 Dei
2746 555 2975 626 suscepi
3003 557 3063 609 in
3087 555 3514 624 Onesimo,viro
3539 575 3686 613 nun-

276 638 490 710 σκόπῳ,
521 636 578 691 ὃν
611 634 850 710 aii/ppu):
882 639 1017 692 καιια
1043 639 1274 707 Χριστὸν
1329 639 1540 707 Ἰησοῦν
1602 638 1741 710 ὑμᾶς
1794 635 1931 708 ἁγα-

274 730 408 797 πᾷν,
439 726 528 780 καὶ
561 726 766 786 πάντας
800 726 938 800 ὑμᾶς
971 725 1023 781 ἐν
1055 728 1373 799 ὁμοιώματι
1402 726 1568 780 αὑτοῦ
1612 725 1746 781 εἶναι
1797 728 1928 798 (14).

281 814 611 894 Εὐλογητὸς
642 816 745 890 γὰρ
779 815 807 869 6
838 816 988 885 Θεὸς,
1022 817 1050 870 6
1082 817 1450 890 χαρισάμενος
1482 816 1611 890 ὑμῖν
1659 815 1931 875 τοιούτοις

274 905 418 972 οῦσι,
448 909 696 959 τοιοῦτον
725 902 1018 958 ἐπίσκοπον
1050 906 1341 974 κεκτῆσθαι
1382 902 1433 958 ἐν
1465 905 1702 978 Χριστῷ.

343 1096 414 1152 ΙΙ.
441 1095 572 1169 Περί
597 1091 654 1148 δὲ
673 1095 771 1148 τοῦ
795 1090 1092 1148 συνδούλου
1110 1096 1270 1166 ἡμῶν
1289 1091 1765 1168 Βίρῥου¹(15),τοῦ
1797 1093 1932 1147 κατᾶ

270 1183 400 1238 Θεὸν
437 1179 695 1236 διακόνου
730 1181 905 1254 ὑμῶν,
957 1184 1046 1236 καὶ
1098 1181 1150 1236 ἐν
1201 1186 1360 1235 πᾶσιν
1399 1181 1792 1257 εὑλογημὲνου,
1842 1178 1932 1234 εῦ-

268 1294 450 1352 χομαι
481 1277 816 1343 παραμεῖναι
849 1271 1012 1325 αὑτὸν
1056 1268 1313 1344 ἄμωμον,
1348 1270 1424 1333 sic
1450 1272 1619 1342 τιμὴν
1677 1277 1775 1338 τῆς
1809 1271 1932 1326 Ἑκ-

271 1361 504 1430 κλησίας
538 1365 674 1431 (16),
705 1361 792 1414 καὶ
821 1364 917 1414 τοῦ
958 1359 1256 1415 ἐπισκόπου
1291 1361 1443 1432 ὑμῶν
1489 1364 1585 1414 τοῦ
1642 1378 1930 1432 μακαριω-

267 1451 455 1506 τάτου.
540 1451 753 1520 Κρόκος
807 1446 882 1515 δὲ,
918 1450 945 1504 6
977 1454 1110 1505 Θεοῦ
1159 1447 1304 1518 ἃξιος
1357 1449 1450 1503 καὶ
1511 1450 1687 1520 ὑμῶν,
1738 1448 1794 1502 δν
1856 1449 1929 1510 ὡς

275 1537 642 1613 ἐξεμπλάριον
727 1536 823 1602 τῆς
903 1538 992 1614 ἀφ’
1077 1537 1226 1611 ὑμῶν
1293 1537 1506 1613 ἀγάπης
1562 1531 1930 1610 ἀπελαϐομεν,

270 1628 406 1681 κατὰ
435 1632 606 1683 πάντα
655 1647 720 1699 με
769 1626 1056 1692 ἀνέπαυσε,
1105 1627 1192 1680 καὶ
1252 1627 1352 1694 τὴν
1409 1624 1599 1681 ἅλυσιν
1664 1647 1769 1698 μου
1831 1627 1932 1680 οὐκ

275 1716 621 1792 ἐπῃσχύνθη,
665 1721 738 1778 ὡς
794 1716 884 1770 καὶ
934 1715 1093 1770 αὑτὸν
1129 1716 1156 1769 ὁ
1193 1717 1378 1789 Πατὴρ
1405 1718 1426 1752 ⁷
1469 1717 1648 1785 Ἰησοῦ
1697 1720 1930 1789 Χριστοῦ

280 1804 535 1877 ἀναψὺξει
580 1805 695 1876 ἅμα
751 1805 1055 1875 Ὀνησίμῳ,
1100 1803 1189 1856 καὶ
1241 1802 1424 1877 Βίρέῳ
1453 1805 1496 1869 ⁸,
1544 1803 1632 1857 καὶ
1693 1801 1926 1868 Εὕπλοῖ,

273 1894 360 1946 καὶ
387 1893 692 1963 Φρόντωνι,
727 1889 796 1946 δι’
829 1893 904 1945 ὧν
937 1893 1139 1953 πάντας
1168 1894 1305 1962 ὑμᾶς
1335 1895 1469 1945 κατᾶ
1500 1892 1718 1967 ἀγάπην
1754 1887 1923 1946 ςῖδον·

275 1982 542 2054 Ὀναίμην
573 1981 726 2054 ὑμῶν
758 1977 846 2034 διὰ
878 1982 1098 2049 παντὸς,
1155 1979 1348 2054 ἐάνπερ
1400 1978 1544 2050 ἄξιος
1593 1981 1654 2037 ὦ,
1708 1985 1917 2054 Πρὲπον

266 2068 358 2125 οῦν
396 2071 540 2142 ὑμᾶς
582 2069 693 2124 ἐστι
723 2071 859 2124 κατὰ
916 2070 1089 2124 πάντα
1143 2071 1344 2145 τρόπον
1410 2066 1646 2140 δοξάζειν
1705 2071 1914 2141 Ἰησοῦν

265 2162 500 2235 Χριστὸν
528 2162 619 2215 τὸν
655 2158 947 2233 δοξάσαντα
976 2161 1114 2232 ὑμᾶς
1142 2160 1229 2214 ita
1261 2161 1310 2216 ἐν
1350 2165 1449 2234 μιᾷ
1503 2160 1751 2234 ὑποταγῇ
1801 2163 1916 2232 (17)

265 2249 363 2320 ἦτε
391 2250 816 2323 κατηρτισμένοι
847 2253 924 2322 τῷ
973 2250 1121 2322 αὐτῷ
1172 2250 1258 2304 νοῒ
1307 2250 1396 2304 καὶ
1449 2252 1518 2323 τῇ
1571 2250 1713 2323 αὐτῇ
1767 2250 1913 2324 γνώ-

269 2361 372 2413 μῃ,
426 2339 516 2393 καὶ
576 2338 638 2394 τὸ
701 2338 830 2394 αὐτὸ
887 2336 1088 2416 λέγητε
1145 2339 1332 2401 πάντες
1387 2337 1510 2414 περὶ
1565 2343 1662 2393 τοῦ
1721 2339 1910 2407 αὐτοῦ,

257 2426 349 2482 ἵνα
383 2428 822 2501 ὑποτασσόμενοι
851 2432 930 2499 τῷ
963 2425 1244 2500 ἐπισκόπῳ
1273 2429 1364 2483 καὶ
1393 2432 1472 2500 τῷ
1513 2422 1908 2503 πρεσϐυτερίῳ,

259 2519 397 2572 κατὰ
425 2517 598 2572 πάντα
628 2519 724 2585 ἦτε
755 2515 1098 2592 ἡγιασμένοι.

326 2609 425 2662 Ill.
463 2605 538 2663 Οῦ
573 2604 939 2680 διατάσσομαι
974 2607 1126 2679 ὑμῖν,
1159 2607 1233 2663 ὡς
1268 2603 1342 2659 ὢν
1389 2625 1461 2660 τι·
1495 2606 1541 2660 εἰ
1570 2607 1673 2682 γὰρ
1702 2607 1792 2661 ναὶ
1824 2603 1908 2661 δέ-

259 2692 546 2770 δεμαιδια
574 2697 636 2749 τὸ
693 2690 864 2768 ὄνομα
923 2696 967 2731 ¹⁰
1025 2695 1187 2750 αὑτοῦ
1241 2692 1394 2750 οῦπω
1452 2695 1797 2770 ἆπήρτισμαι
1852 2697 1908 2751 ἒν

255 2787 444 2856 Ἰησοῦ
475 2789 702 2858 Χριστῷ
740 2789 827 2838 νῦν
879 2785 982 2861 γὰρ
1041 2785 1220 2858 ἀρχὴν
1278 2780 1393 2858 ἔχω
1456 2789 1555 2840 τοῦ
1615 2787 1909 2858 μαθητεύε-

250 2889 402 2941 σθαι,
462 2879 549 2930 καὶ
606 2874 908 2950 προσλαλῶ
951 2876 1077 2950 ὑμῖν
1120 2878 1194 2940 ὡς
1238 2875 1590 2950 ὁμοδούλοις·
1650 2877 1747 2950 ἐμὲ
1801 2879 1903 2953 γὰρ

245 2962 358 3023 ἔδει
391 2969 520 3042 παρ’
555 2968 705 3039 ὑμῶν
736 2968 1145 3039 ὑπομνησθῆναι
1199 2967 1397 3031 πίστει,
1448 2968 1710 3040 νουθεσίᾳ,
1764 2969 1902 3023 ὑπο-

247 3061 417 3131 μονῇ,
475 3057 840 3131 μακροθυμίᾳ·
883 3055 1012 3111 ἀλλ’
1058 3054 1245 3126 ἐπειδὴ
1281 3059 1314 3126 ἡ
1346 3057 1528 3133 ἀγάπη
1582 3057 1678 3112 οὑγ
1727 3058 1786 3128 ἐᾷ
1837 3079 1904 3130 με

245 3152 465 3217 σιωπᾷν
497 3147 617 3220 περὶ
653 3147 828 3217 ὑμῶν,
863 3143 952 3200 διὰ
998 3150 1161 3200 τοῦτο
1209 3143 1516 3218 προέλαϐον
1565 3145 1899 3219 παρακαλεῖν

249 3237 419 3309 ὑμᾶς,
482 3234 631 3298 ὅπως
684 3237 1016 3309 συντρέχητε
1070 3238 1138 3308 τῇ
1198 3236 1396 3310 γνώμῃ
1426 3240 1527 3290 τοῦ
1585 3240 1737 3291 Θεοῦ.
1803 3236 1899 3291 Καὶ

2039 656 2217 708 quam
2248 644 2391 696 satis
2421 643 2494 697 ob
2527 645 2874 700 charitatem
2906 644 3244 716 przrdicato,
3269 652 3458 701 vestro
3482 654 3682 703 autem

2040 728 2350 800 episcOpo;
2385 748 2560 801 quem
2593 735 2838 788 obsecro
2871 739 2934 787 ut
2965 732 3254 803 vosjuxta
3291 735 3488 790 Jesum
3511 736 3682 790 Chri-

2039 823 2196 872 stum
2219 821 2451 889 ametis,
2477 827 2661 892 utque
2678 839 2888 877 omnes
2907 822 3066 876 illius
3084 821 3309 876 similes
3332 823 3482 879 sitis.
3509 825 3684 879 Bene-

2039 907 2233 964 dictus
2251 911 2412 965 enim
2433 913 2713 983 Deus,qui
2737 911 2977 967 donavit
2998 913 3181 981 vobis,
3215 913 3314 982 qui
3337 913 3487 968 tales
3519 914 3685 980 estis,

2040 995 2219 1052 talem
2249 1000 2554 1069 possidere
2586 1001 2646 1055 in
2676 1001 2910 1057 Christo
2943 1001 3310 1074 episcopum.

2112 1087 2180 1141 Il.
2216 1087 2297 1142 De
2333 1089 2559 1144 Burrho
2591 1096 2788 1145 autem
2823 1107 3107 1146 conservo
3137 1096 3364 1157 nostro,
3398 1096 3456 1146 et
3477 1107 3691 1147 secun-

2040 1175 2178 1231 dum
2213 1178 2397 1233 Deum
2441 1179 2690 1235 diacono
2721 1187 2934 1244 vestro,
2970 1196 3037 1235 ac
3068 1181 3129 1234 in
3153 1180 3431 1236 omnibus
3454 1181 3692 1236 benedi-

2038 1272 2152 1328 cto,
2177 1283 2279 1321 oro
2312 1274 2377 1321 ut
2398 1267 2735 1340 inculpatus
2758 1275 3106 1340 permaneat
3127 1269 3198 1324 ad
3213 1269 3488 1324 Ecclesia:
3507 1269 3689 1324 hono-

2038 1372 2186 1425 rem,
2221 1364 2278 1412 et
2309 1357 2635 1414 beatissimi
2679 1361 2938 1431 episcopi
2966 1360 3163 1415 vestri.
3197 1361 3414 1414 Crucus
3462 1367 3685 1425 autem,

2039 1451 2097 1498 et
2118 1447 2234 1501 Deo
2266 1454 2325 1501 et
2348 1448 2506 1502 vobis
2531 1448 2744 1521 dignus
2774 1466 2949 1520 quem
2973 1450 3124 1504 velut
3153 1450 3455 1520 exemplar
3480 1457 3683 1504 vestras

2039 1535 2345 1591 charitatis
2376 1538 2736 1609 accepimus,
2769 1556 2875 1610 per
2901 1539 3101 1594 omnia
3134 1555 3230 1594 me
3277 1539 3580 1596 recreavit.
3635 1545 3686 1593 et

2037 1632 2284 1679 catenam
2315 1643 2488 1681 meam
2520 1644 2626 1681 non
2661 1628 2882 1682 erubuit
2913 1629 2954 1693 ⁸,
2991 1645 3106 1698 quo
3158 1628 3336 1682 modo
3387 1635 3445 1682 et
3493 1629 3687 1698 ipsum

2037 1715 2347 1786 refrigeret
2371 1718 2545 1771 Pater
2573 1719 2708 1771 Jesu
2747 1717 2987 1778 Christi,
3035 1735 3156 1772 una
3204 1735 3337 1773 cum
3387 1718 3686 1784 Onesimo,

2038 1804 2288 1869 Burrho,
2321 1806 2522 1876 Euplo.
2558 1811 2615 1860 et
2649 1807 2962 1867 Frontone.
2991 1823 3098 1876 per
3128 1823 3296 1876 quos,
3347 1823 3556 1860 omnes
3587 1824 3686 1861 vos

2036 1892 2226 1961 quoad
2262 1893 2611 1948 charitatem
2645 1895 2778 1948 vidi.
2833 1895 3017 1948 Fruar
3062 1894 3226 1948 vobis
3275 1901 3580 1965 perpetuo,
3633 1895 3682 1949 si

2034 1981 2247 2052 dignus
2280 1984 2468 2039 fuero.
2501 1985 2681 2039 Decet
2703 1985 2902 2055 itaque
2924 2001 3025 2038 vos
3047 1983 3322 2038 omnibus
3345 1984 3537 2038 modis
3561 1985 3679 2056 glo-

2033 2071 2263 2127 riﬁcare
2295 2074 2493 2128 Jesum
2525 2074 2821 2128 Christum
2854 2075 2953 2144 qui
2981 2072 3332 2143 glorificavit
3360 2089 3480 2138 vos,
3523 2080 3589 2126 ut
3617 2073 3679 2128 in

2031 2160 2371 2218 obedientia
2433 2179 2553 2218 una
2611 2186 2638 2212 ‹‹
2700 2162 2828 2217 sitis
2871 2162 3138 2234 perfecti.
3198 2162 3404 2216 eadem
3455 2167 3678 2227 mente,

2031 2250 2358 2322 eademque
2390 2252 2724 2317 sententia;
2757 2251 3035 2322 idemque
3083 2250 3293 2305 dicatis
3345 2250 3416 2305 de
3465 2251 3675 2306 eodem

2027 2356 2234 2395 omnes
2266 2341 2320 2407 9;
2355 2362 2384 2390 »
2425 2347 2489 2396 ut
2537 2341 2789 2412 subjecti
2840 2341 3117 2412 episcopo
3169 2346 3226 2395 et
3277 2340 3676 2411 presbyterio,

2025 2447 2133 2501 per
2163 2430 2364 2486 omnia
2395 2431 2745 2486 sanctiﬁcati
2779 2431 2929 2498 sitis,

2094 2614 2192 2668 IIl.
2212 2616 2338 2669 Non
2363 2614 2642 2686 praecipio
2657 2615 2818 2670 vobis
2841 2615 3007 2686 quasi
3041 2615 3152 2670 sim
3177 2614 3421 2686 aliquid.
3456 2616 3670 2679 Quam-

2019 2703 2105 2757 vis
2125 2704 2280 2757 enim
2305 2704 2535 2758 vinctus
2554 2705 2662 2759 sim
2686 2709 2924 2775 propter
2945 2704 3443 2766 nomen,necdum
3464 2710 3664 2758 tamen

2017 2793 2315 2862 perfectus
2346 2809 2477 2848 sum
2509 2794 2570 2847 in
2603 2793 2831 2848 Christo
2863 2795 3019 2848 Jesu.
3052 2795 3214 2848 Nunc
3246 2793 3405 2848 enim
3445 2791 3665 2861 incipio

2019 2881 2344 2951 discipulus
2376 2897 2505 2937 esse
2535 2899 2548 2949 ;
2582 2890 2639 2936 et
2661 2882 2934 2952 alloquor
2953 2899 3052 2937 vos
3074 2888 3138 2936 ut
3155 2897 3496 2945 conservos;
3524 2895 3664 2934 nam

2017 2969 2329 3041 oportebat
2360 2987 2453 3025 me
2477 2987 2510 3026 a
2532 2970 2694 3025 vobis
2717 2971 3082 3026 commoneri
3110 2970 3242 3032 ﬁde,
3271 2968 3663 3034 institutione,

2016 3061 2322 3131 patientia,
2357 3061 2804 3132 longanimitate
2831 3079 2844 3115 :
2877 3068 2933 3117 at
2965 3061 3201 3132 quando
3255 3061 3513 3115 Charitas
3544 3075 3663 3113 non

2016 3149 2159 3204 sinit
2190 3166 2283 3204 me
2317 3157 2510 3205 tacere
2542 3151 2613 3205 de
2648 3151 2829 3217 vobis,
2863 3157 3181 3222 propterea
3229 3148 3514 3205 anteverti
3564 3165 3664 3202 vos

2013 3237 2356 3307 admonere,
2381 3245 2444 3294 ut
2466 3240 2788 3295 cocurratis
2811 3240 2870 3294 in
2895 3241 2993 3294 Dei
3020 3240 3398 3294 sententiam.
3432 3239 3665 3292 Etenim

253 3289 419 3309 “Γ“”’ν
496 3289 499 3290 ⁷
613 3289 630 3298 ⁷
815 3289 824 3309 I
880 3289 950 3309 η’
1116 3289 1138 3308 δ’
1212 3289 1222 3310 Ι
1321 3289 1330 3308 ι
1371 3289 1396 3309 1⁸
1444 3289 1448 3290 ⁷
1596 3289 1735 3291 “ῨῨῨ⁷
1809 3289 1894 3291 ﬂin

243 3327 348 3402 γὰρ
402 3326 614 3394 Ἰησοῦς
669 3324 920 3399 Χριστὸς,
978 3323 1151 3378 πάντα
1205 3325 1341 3378 κατᾶ
1395 3325 1622 3398 γνώμην
1677 3328 1902 3400 πράττει

2030 3328 2180 3382 Iesus
2209 3289 2476 3383 Christus
2499 3329 2700 3384 omnia
2723 3329 2859 3384 facit
2880 3328 3051 3399 juxta
3074 3329 3431 3384 sententiam
3450 3326 3659 3390 Patris,

238 3420 340 3470 τοῦ
377 3415 614 3488 Πατρὸς,
665 3413 740 3474 ὡς
795 3412 954 3475 αὐτός
1008 3433 1115 3467 που
1160 3411 1338 3489 λέγει·
1399 3414 1542 3488 Ἐγὼ
1601 3415 1667 3470 τὰ
1707 3413 1904 3489 ἀρεστὰ

246 3506 406 3576 αὐτῷ
436 3507 583 3557 ποιῶ
613 3502 866 3557 πάντοτε.
902 3500 1112 3558 Οὐκοῦν
1144 3502 1233 3556 καὶ
1267 3505 1414 3574 ἡμᾶς
1456 3505 1568 3578 χρή
1622 3509 1717 3579 ζῇν
1768 3505 1906 3559 κατὰ

245 3595 488 3668 γνώμην
517 3596 652 3646 Θεοῦ
710 3591 761 3645 ἐν
823 3591 1060 3666 Χριστῷ,
1120 3591 1208 3645 καὶ
1271 3589 1473 3662 ζηλοῦν
1529 3592 1604 3653 ὡς
1663 3591 1902 3655 Παῦλος·

244 3682 507 3754 Μιμηταὶ
575 3681 675 3756 γάρ
741 3701 867 3754 μου,
935 3680 1090 3758 φησὶ,
1160 3682 1399 3758 φὶνεσθε,
1491 3682 1671 3746 καθὼς
1750 3683 1905 3758 κάγὼ

246 3774 525 3846 Χριστοῦ.

321 3861 414 3916 ιν.
448 3860 608 3922 Ὅθεν
639 3858 727 3912 καὶ
761 3858 886 3930 ὑμῖν
933 3859 1124 3932 πρέπει
1169 3859 1480 3933 συντρέχειν
1529 3863 1597 3933 τῇ
1645 3863 1742 3914 τοῦ
1791 3858 1911 3913 ἐπι-

246 3949 462 4004 σκόπου
516 3947 712 4022 γνώμῃ
774 3949 909 4019 (l8),
969 3951 1066 4001 τοῦ
1123 3948 1258 4002 κατὰ
1314 3948 1443 4003 Θεὸν
1521 3951 1909 4022 ποιμαίνοντος

2011 3423 2077 3472 ιιι
2107 3417 2234 3488 ipse
2267 3418 2523 3488 quodam
2558 3418 2686 3473 loco
2718 3418 2862 3473 dicit
2891 3435 2902 3471 :
2930 3421 3043 3487 Ego
3066 3435 3187 3489 qua
3203 3417 3410 3487 placita
3435 3423 3561 3471 sunt
3591 3417 3662 3481 ei,

2010 3505 2162 3572 facio
2183 3521 2396 3574 semper
2419 3506 2457 3539 ¹¹
2473 3505 2675 3576 .lgitur
2695 3512 2753 3559 et
2771 3521 2878 3560 nos
2897 3511 3129 3575 oportet
3151 3505 3341 3559 vivere
3355 3505 3523 3573 juxta
3539 3518 3666 3556 sen-

2013 3593 2257 3646 tentiam
2286 3593 2386 3647 Dei
2419 3593 2480 3646 in
2511 3594 2830 3654 Christo,et
2859 3593 3124 3647 aemulari
3157 3599 3221 3646 ut
3252 3593 3501 3646 Paulus:
3526 3592 3664 3645 lmi-

2015 3687 2215 3735 tatores
2230 3681 2390 3735 enim
2416 3685 2539 3746 mei,
2564 3681 2779 3751 inquit,
2800 3687 2988 3746 estote,
3011 3683 3151 3735 sicut
3177 3687 3228 3734 et
3251 3695 3349 3748 ego
3370 3680 3577 3733 (.hristi
3595 3680 3660 3731 ⁸³.

2031 3889 2036 3894 -
2087 3860 2179 3914 IV.
2215 3859 2379 3914 Unde
2410 3871 2458 3913 et
2491 3858 2660 3914 decet
2689 3875 2789 3913 vos
2820 3873 3174 3914 concurrere
3214 3858 3274 3912 in
3302 3855 3660 3911 sententiam

2019 3949 2301 4020 episc0pi,
2335 3947 2436 4019 qui
2467 3948 2794 4003 secundum
2828 3953 3009 4002 Deum
3043 3964 3142 4001 vos
3172 3946 3358 4018 pascit
3385 3961 3397 4010 ;
3423 3945 3580 4015 quod
3605 3948 3664 3997 et

324 4080 346 4114 ιι
380 4067 421 4140 f.
455 4057 688 4140 esseea.
765 4064 789 4098 ⁸
820 4066 867 4120 ΙΙ
897 4064 1042 4120 Tim.
1077 4068 1264 4140 i,_l6._
1313 4064 1336 4099 ⁷
1366 4067 1426 4121 in
1459 4083 1566 4122 ms.
1601 4085 1864 4140 prmpon.
1894 4085 1910 4120 ι

2030 4063 2228 4139 Κυρίου
2259 4066 2442 4136 ἡμῶν,
2519 4065 2540 4100 ⁸
2568 4066 2610 4120 f.
2645 4063 2854 4139 Βῦῥρῳ.
2932 4066 2954 4100 ⁹
2979 4067 3002 4119 Ι
3031 4065 3158 4120 Cor.
3197 4081 3234 4132 ι,
3265 4067 3345 4119 l0.
3427 4062 3472 4096 ¹⁰
3492 4062 3660 4118 deest

249 4142 315 4199 in
348 4139 431 4195 al.
511 4137 553 4172 “
585 4138 750 4192 Joan.
785 4153 901 4202 vnn,
933 4140 1022 4192 29.
1104 4137 1196 4193 "1
1237 4138 1367 4195 Cor.
1401 4155 1479 4205 ιι,
1515 4144 1564 4197 1.

249 4245 838 4329 similiterlegimus.
873 4242 1038 4329 Quod
1070 4244 1115 4298 si
1133 4260 1342 4329 verum
1369 4261 1383 4329 ξ
1407 4262 1528 4329 non
1551 4246 1702 4301 alius
1723 4247 1910 4329 Ephei'

247 4322 404 4376 Sina)
434 4319 714 4372 Ecclesia:
746 4315 1098 4388 quaerendus
1128 4317 1306 4371 fuerit
1347 4318 1592 4388 Angelus
1647 4320 1741 4373 cui
1773 4315 1836 4374 in
1870 4336 1905 4374 ιι

246 4390 646 4464 Apocalpseos
676 4387 934 4455 capitulo
958 4388 1309 4464 scribendae
1358 4405 1393 4464 a_
1440 4389 1702 4464 Domino,
1735 4407 1907 4445 man-

245 4458 733 4524 dantur—littera},
758 4475 936 4529 quam
958 4458 1053 4512 hic
1076 4459 1203 4530 ipse
1224 4461 1552 4516 Onesimus.
1589 4463 1653 4516 In
1678 4463 1905 4517 ϐιωσο-

243 4551 386 4590 rum
421 4549 559 4587 vero
622 4530 985 4604 Menreis,_et
1023 4530 1314 4604 ‘Simeone
1367 4532 1763 4604 Metaphrasta
1812 4533 1905 4588 die

241 4604 631 4678 prmcedente
665 4601 955 4678 memoria
985 4601 1114 4678 ejus
1165 4601 1538 4678 celebratur,—
1572 4604 1674 4658 sed
1715 4605 1903 4676 Ephe-

245 4673 422 4734 sinus
446 4677 635 4747 ipsius
663 4673 1037 4748 episcopatus
1060 4673 1131 4727 ab
1165 4673 1282 4748 illis
1313 4675 1555 4730 omnino
1576 4692 1697 4730 non
1721 4673 1905 4748 agno-

248 4743 584 4805 sciturfEt
636 4743 771 4801 vero
828 4743 890 4798 in
951 4743 1334 4800 Clementinis
1393 4743 1900 4812 Constitutioni‘bus,

243 4823 340 4878 lic.
381 4837 480 4875 vn.
516 4835 642 4888 cap.
677 4818 767 4872 48.
801 4815 902 4870 ille
934 4816 1298 4872 Philemonis
1329 4817 1643 4872 Onesimus
1692 4819 1906 4875 Berosus

241 4894 304 4948 in
339 4887 692 4947 Macedonia
723 4887 794 4944 ab
827 4888 1112 4958 apostolis
1144 4890 1498 4943 constitutus
1547 4890 1726 4944 fuisse
1759 4889 1907 4946 dici-

241 4973 345 5020 tur
377 4964 697 5032 episcopus
719 4978 732 5026 ;
757 4968 814 5014 et
832 4959 1058 5032 Gaium,
1083 4961 1259 5032 cujus
1278 4960 1591 5030 Apostolus
1609 4961 1904 5026 meminit,

235 5043 383 5112 post
410 5030 788 5112 Timotheum
821 5030 1206 5112 Ephesiorum
1240 5031 1421 5112 fuisse
1440 5032 1809 5112 episcopum,
1843 5033 1905 5112 in

235 5102 530 5178 Synopsi_
554 5103 1043 5178 s_ua_l)_orotheus_
1103 5104 1377 5157 afﬁrmat.
1415 5102 1512 5178 ‘Ut
1568 5102 1706 5178 Caio
1766 5103 1904 5178 huic

242 5173 462 5256 [tinet—9
490 5174 704 5256 Ερῑιθεί
738 5174 918 5256 fuisse
952 5174 1314 5256 episcOpum:
1349 5173 1527 5256 etiam
1568 5175 1638 5256 in_
1678 5174 1902 5230 inedito

240 5244 554 5320 Hippolyti
586 5249 661 5301 De
690 5244 1117 5320 erﬂiscipulis
1149 5244 1350 5320 libello
1371 5245 1642 5320 legimus)
1675 5262 1906 5301 succes-

242 5315 404 5376 sisse
424 5315 692 5373 videatur
712 5315 784 5370 ab
807 5315 1030 5386 Ignatio
1046 5323 1245 5370 nostro
1267 5315 1541 5371 laudatur
1552 5318 1864 5372 Onesimus
1885 5335 1900 5385 ;

240 5393 490 5448 seniore
522 5390 644 5454 illo,
676 5394 813 5443 ante
842 5389 996 5442 hanc
1025 5386 1096 5442 ab
1140 5404 1206 5441 eo
1234 5389 1510 5458 scriptam
1563 5389 1901 5459 epistolam,

234 5466 354 5519 sub
399 5460 730 5517 Homitiano
763 5461 1047 5530 martyrio
1070 5460 1196 5528 jam
1230 5466 1511 5514 coronato
1537 5479 1551 5527 ;
1576 5466 1641 5514 ut
1663 5461 1722 5514 in
1748 5460 1899 5516 libro

228 5553 288 5590 ιιι
346 5537 602 5590 Historiae
677 5546 813 5599 suae,
869 5545 996 5600 cap.
1056 5532 1106 5599 2,
1169 5531 1529 5602 Nicephorus
1583 5531 1896 5604 signiﬁcat.

235 5608 441 5663 Usssn.

308 5679 425 5748 (l3)
458 5675 550 5742 Τῷ
604 5673 688 5727 ἐπ’
730 5667 1272 5748 ἆγᾶπῃᾲάδιηγήτῳ.
1338 5671 1623 5748 Similiter
1650 5679 1740 5748 _e_t
1785 5676 1900 5727 An-

275 5745 516 5805 li'canus
547 5753 788 5802 noster:
840 5745 946 5809 Qui
992 5746 1050 5798 in
1081 5745 1353 5798 charitate
1379 5745 1767 5798 inenarrabilis
1799 5752 1896 5800 est.

275 5768 516 5805 "canus
547 5768 788 5802 UOSLBI'S
840 5768 945 5809 ναι
992 5768 1050 5798 ἰιι
1081 5768 1353 5798 cuuruuw
1380 5768 1767 5798 ιηυιιιιτγαυιιιδ
1799 5768 1896 5800 εδι.

227 5768 352 5880 ἕ]ὴὶ
367 5819 642 5894 vulgatus
664 5818 958 5890 interpres
981 5814 1160 5871 habet
1178 5816 1379 5872 dilecto
1398 5816 1668 5888 scriptore
1687 5821 1897 5888 nostro,

2015 4247 2102 4302 vel
2121 4253 2187 4303 ut
2206 4263 2315 4303 nos
2332 4249 2471 4316 (non
2494 4246 2685 4302 solum
2715 4263 2780 4301 ex
2804 4246 3240 4319 Magdalenensi
3265 4250 3322 4300 et
3342 4243 3658 4319 Petaviano

2014 4336 2150 4395 ms..
2183 4321 2286 4375 sed
2316 4321 2492 4395 etiam
2528 4336 2595 4372 ex
2626 4319 2851 4382 Adone,
2884 4315 2942 4373 iii
2975 4320 3242 4390 locojam
3264 4315 3464 4395 citato)
3487 4317 3662 4395 resti:

2018 4392 2258 4457 tuimus,
2292 4391 2490 4447 dilecto
2516 4399 2847 4462 praeceptore
2894 4389 3132 4458 nostro,"
3157 4408 3224 4446 ac
3269 4389 3318 4444 si
3362 4389 3654 4462 καθηγητῇ

2016 4463 2278 4534 legisset,
2313 4463 2383 4529 is,
2413 4457 2530 4534 proi
2549 4457 2853 4534 ἀδιηγήτῳ.
2892 4464 2966 4518 ID.

2085 4530 2192 4603 (14)
2259 4533 2346 4588 Ἐν
2403 4530 2719 4602 ὅμοιώματι
2787 4530 2952 4586 αὑτοῦ
3009 4533 3167 4589 εἶναι.
3248 4530 3655 4604 Anglicanus:

2014 4600 2122 4675 ipsi
2151 4600 2209 4658 in
2238 4600 2608 4660 similitudine
2637 4621 2767 4661 esse.
2809 4605 2926 4659 Vet.
2966 4605 3205 4676 vulgat,
3254 4606 3312 4657 in
3347 4600 3660 4658 'concordia

2013 4677 2131 4745 ejus
2165 4678 2220 4728 in
2255 4678 2374 4744 ipso
2404 4693 2530 4732 esse.
2567 4678 2643 4731 ID.

2082 4748 2193 4815 (15)
2227 4742 2444 4821 Βῖῥρου.
2482 4745 2682 4821 Βίρἷῳ,
2719 4746 2923 4821 Melius
2973 4744 3184 4821 8256560
3231 4751 3290 4801 et
3332 4742 3519 4819 Βὺῤῥῳ
3569 4745 3656 4821 le-

2013 4822 2252 4890 geretur
2280 4817 2302 4872 :'
2326 4817 2400 4872 οι)
2427 4817 2634 4890 verum
2666 4818 2976 4888 lgnatium.
3011 4817 3084 4874 ob
3118 4817 3472 4890 interpretes
3502 4817 3657 4870 anti-

2014 4888 2182 4959 quos,
2237 4895 2360 4943 tum
2409 4888 2668 4960 denique
2714 4891 2852 4959 quia
2897 4890 3108 4960 By-rrus
3165 4896 3223 4943 et
3268 4888 3478 4943 Burrus
3525 4903 3654 4943 esse

2012 4975 2199 5031 unum
2232 4976 2451 5016 nomen
2480 4968 2642 5031 patet
2673 4976 2744 5014 ex
2766 4962 3010 5015 Historia
3038 4966 3291 5031 Augusta
3333 4963 3378 5014 A
3403 4960 3658 5015 transla-

2013 5037 2138 5086 tore
2158 5030 2492 5098 Onesimus,
2519 5033 2616 5103 qui
2638 5032 3004 5102 prwcedit,in
3024 5030 3659 5103 Onesiphorumtrans-

2010 5102 2298 5158 formatus
2328 5107 2417 5158 est
2446 5120 2458 5168 ;
2494 5101 2916 5174 quia'(0pinor)
2950 5105 3123 5160 verba
3177 5101 3314 5157 ante
3359 5101 3652 5174 adducta:

2011 5182 2062 5229 et
2094 5182 2342 5231 catenam
2381 5171 2556 5230 meam
2604 5171 3001 5242 non—erubuit,
3041 5176 3112 5230 de
3162 5173 3529 5244 Onesiphoro
3581 5171 3654 5226 ab

2007 5247 2289 5317 Apostolo
2320 5247 2678 5302 scribuntur.
2716 5246 2846 5300 Cor.

2079 5321 2186 5383 (161
2219 5324 2331 5387 Τῆς
2365 5317 3049 5389 ἘκκλησῖαςεΑῐιεζιίοᾶο.
3086 5318 3269 5372 vestri.
3304 5315 3499 5389 USSEB.

2083 5392 2196 5459 (17)
2253 5390 2546 5461 ’1“ποταγῇ.
2595 5387 2900 5461 Anglican.
2949 5390 3303 5461 subjectione.
3357 5388 3478 5461 νει,
3511 5387 3653 5461 _vul-

2008 5466 2104 5530 gat
2151 5458 2530 5530 perfectione;
2562 5459 2668 5526 vel,
2693 5458 2767 5531 ut
2797 5461 2855 5514 in
2893 5477 2980 5514 ms
3045 5458 3478 5531 Magdalanensi
3511 5458 3656 5531 legi-

2009 5529 2122 5587 tur.
2152 5529 2535 5599 braeceptione.
2574 5529 2750 5585 Paulo
2783 5536 2934 5601 post,
2977 5533 3033 5584 in
3062 5529 3250 5585 eadem
3296 5533 3548 5599 scientia,
3577 5529 3653 5586 ex

2008 5602 2194 5656 tribus
2224 5618 2372 5656 mss.
2431 5603 2848 5671 reposuimus:
2882 5601 2979 5654 ubi
3028 5602 3278 5657 Iacobus
3324 5603 3512 5658 Faber
3560 5608 3655 5670 (ex

2006 5673 2263 5798 n‘iiejliori1
2287 5673 2534 5726 fortasse
2593 5672 2939 5743 exemplari)
2997 5673 3056 5727 in
3114 5676 3302 5729 eadem
3357 5677 3651 5744 sententia,

2007 5760 2036 5798 e
2086 5763 2098 5798 ι
2147 5751 2208 5798 it.
2268 5761 2319 5798 D.

2007 5745 2208 5799 edidit.
2241 5745 2319 5798 ID.

2076 5817 2186 5889 (l8)
2233 5810 2552 5889 Συντρὲχειν
2612 5814 2681 5888 τῇ
2730 5815 2828 5868 τοῦ
2886 5811 3186 5871 ὶπισκόπου
3241 5816 3464 5894 γνώμῃ,
3527 5821 3649 5875 Λιι-
