4030 6212
267 493 383 555 737

1019 544 1021 546 .
1115 485 1524 550 EPISTOLE
1565 477 2170 545 IN'I‘ERPOLATB.
2215 511 2295 524 —
2337 475 2446 538 AD
2491 474 2896 538 EPHESIOI.

3562 473 3681 537 738

272 626 738 704 νοιπαρηνόμουν
787 621 894 688 ’ἕως
953 620 1177 705 σφόδρα,
1233 619 1384 698 Δὲγει
1437 616 1494 675 δὲ
1546 617 1636 673 καῖ
1667 618 1695 672 6
1725 614 1928 705 Κύριος

2055 631 2135 669 rne
2166 613 2350 683 audit,
2383 618 2442 668 et
2469 613 2572 684 qui
2604 629 2699 667 me
2739 611 2905 668 audit
2937 613 3192 680 Patrem,
3225 611 3324 681 qui
3360 611 3524 666 misit
3567 627 3685 666 me.

272 721 411 794 πρὸς
459 701 589 780 τούς
648 717 832 790 ἱερεῖς·
893 714 952 768 Ὀ
999 701 1168 786 ’ὑμῶν
1227 709 1462 782 ἀκούων,
1520 707 1657 781 ἐμοῦ
1721 701 1932 794 ἀκούει·

277 793 371 864 καὶ
429 807 458 862 6
517 805 653 879 ἐμοῦ
720 803 954 870 ἀκούων,
1038 800 1225 856 ἀκούει
1297 803 1392 854 ιοῦ
1473 793 1790 870 πέμψαντός
1868 813 1935 864 με

285 897 518 972 Πατρός·
569 896 597 950 6
651 895 790 966 ὑμᾶς
840 891 1070 959 ἀθετῶν,
1126 889 1224 962 ὶμὶ
1272 890 1468 943 ἀθετεῖο
1501 887 1530 941 6
1562 882 1620 940 δὶ
1666 883 1765 958 ἐμὲ
1814 883 1934 946 ἄθε-

275 990 411 1057 τῶν,
444 987 624 1040 ἀθεσεῖ
659 983 752 1038 τὸν
782 979 1074 1056 πέμψαντά
1107 1000 1194 1053 με.

351 1079 422 1134 VI
477 1077 632 1147 ’Ὁσῳ
684 1073 775 1127 οὗν
833 1069 1066 1146 βλέπετε
1123 1072 1414 1124 σιωπῶντα
1470 1067 1562 1121 τὸν
1619 1062 1932 1132 ἐπίσκοπον,

278 1163 474 1219 πλεῖον
506 1163 672 1218 αὐτὸν
704 1155 975 1240 φοϐεῖσθε·
1008 1157 1177 1214 πάντα
1199 1159 1301 1233 γὰρ
1328 1156 1384 1212 ὅν
1408 1157 1613 1229 πὲμπει
1636 1155 1664 1208 6
1690 1148 1934 1208 οἰκοδεσ-

277 1253 455 1322 πότης
488 1251 564 1313 εἰς
598 1247 738 1306 ἰδίαν
773 1249 1113 1320 οἰκονομίαν,
1148 1247 1322 1308 οὕτως
1365 1245 1527 1300 αὐτὸν
1586 1240 1667 1298 δεῖ
1705 1244 1852 1314 ἡμᾶς
1887 1241 1936 1277 ²⁴

281 1339 559 1415 δέχεσθαι,
593 1340 669 1403 ὥς
697 1339 857 1393 αὑτὸν
883 1337 976 1392 τὸν
1006 1337 1313 1410 πέμψαντα·
1345 1335 1436 1388 τὸν
1470 1333 1564 1387 οῦν
1615 1329 1933 1398 ἐπίσκοπον,

282 1427 454 1498 δῆλον
488 1428 574 1484 ὅτι
607 1428 681 1490 ὡς
712 1427 870 1482 αὐτὸν
903 1426 996 1482 τὸν
1033 1425 1234 1500 Κύριον
1291 1421 1373 1478 δεῖ
1418 1415 1811 1498 προσϐλέπειν,
1856 1423 1935 1490 τῷ

282 1518 474 1593 Κυρίῳ
531 1521 848 1593 παρεστῶτα
905 1517 1042 1588 (25).
1101 1513 1386 1588 Ὁρατικὸν
1473 1510 1531 1566 δὶ
1615 1507 1779 1584 ἄνδρα
1843 1508 1934 1562 καὶ

282 1610 404 1682 ὀξὺν
473 1612 589 1669 τοῖς
645 1605 852 1681 ἔργοις,
911 1603 1196 1680 βασιλεῦσι
1283 1599 1364 1657 δεῖ
1429 1599 1778 1676 παρεστάναι,
1842 1599 1934 1652 καί

289 1700 366 1771 μή
428 1697 752 1772 παρεστάναι
809 1694 1116 1769 ἀνθρώποις
1173 1694 1424 1764 νωθροῖς.
1509 1689 1676 1750 Αὐτὸς
1754 1686 1932 1761 μέντοι

277 1788 585 1861 Ὀνησιμος
645 1785 991 1858 ὑπερεπαινεῖ
1038 1782 1191 1855 ὑμῶν
1244 1782 1343 1849 τήν
1393 1779 1445 1834 ἐν
1491 1783 1610 1850 Θεῷ
1669 1776 1932 1846 εὐταξίαν,

283 1877 364 1933 ὅτι
395 1876 589 1938 πάντες
615 1875 750 1930 κατᾶ
779 1872 1040 1944 ἀλήθειαν
1076 1874 1223 1942 ζῆτε,
1258 1870 1348 1924 καὶ
1380 1868 1462 1924 ὅτι
1495 1867 1547 1923 ἄν
1597 1866 1726 1939 ὑμῖν
1780 1862 1936 1920 οὐδε-

2042 704 2149 768 Qui
2166 719 2270 758 vos
2295 702 2542 774 spernit,
2567 717 2660 756 me
2683 701 2910 772 spernit
2934 717 2946 754 :
2971 700 3072 769 qui
3105 705 3302 755 autem
3322 717 3414 754 me
3438 700 3685 772 spernit,

2042 793 2267 864 spernit
2298 808 2434 847 eum
2466 791 2566 862 qui
2599 791 2761 845 misit
2795 806 2887 845 me
2917 790 2963 824 ³³
2998 811 3046 843 ››.

2119 1057 2204 1112 VI.
2227 1056 2456 1120 Quanto
2491 1056 2688 1127 itaque
2711 1055 3157 1110 taciturniorem
3181 1054 3444 1110 videritis
3469 1055 3687 1127 episco-

2039 1162 2203 1217 pum,
2235 1151 2399 1200 tanto
2432 1146 2616 1217 magis
2643 1161 2779 1199 eum
2811 1144 3218 1198 revereamini.
3266 1145 3688 1215 Quemcunque

2039 1235 2197 1290 enim
2230 1235 2658 1306 paterfamilias
2691 1234 2875 1287 mittit
2902 1234 2976 1288 ad
3007 1233 3454 1304 gubernandam
3516 1235 3688 1289 fami-

2039 1323 2182 1378 liam
2215 1341 2404 1391 suam,
2438 1325 2596 1378 hunc
2629 1323 2710 1378 ita
2740 1323 3007 1394 accipere
3049 1321 3356 1389 debemus,
3410 1329 3477 1376 ut
3523 1323 3690 1378 illum

2038 1412 2235 1482 ipsum
2267 1414 2366 1484 qui
2402 1413 2582 1467 misit.
2610 1413 2965 1483 Episcopum
2998 1412 3176 1482 igitur
3198 1412 3576 1467 manifestum
3602 1419 3692 1468 est

2040 1503 2198 1572 quod
2229 1503 2493 1574 aspicere
2525 1508 2794 1574 oporteat
2825 1507 2889 1556 ut
2920 1502 3113 1572 ipsum
3165 1501 3502 1566 Dominum,
3555 1519 3690 1557 cum

2041 1593 2288 1648 Domino
2321 1595 2591 1667 assistat:
2625 1595 3003 1648 Pervidentem
3025 1599 3223 1648 autem
3246 1596 3426 1647 virum
3473 1601 3524 1647 et
3556 1611 3690 1663 ope-

2039 1684 2189 1737 ribus
2229 1691 2450 1738 acutum
2492 1690 2710 1753 oportet
2759 1684 2978 1752 regibus
3025 1685 3296 1746 assistere,
3347 1690 3398 1738 et
3442 1701 3552 1738 non
3599 1701 3690 1740 as-

2039 1780 2228 1832 sistere
2254 1775 2564 1829 hominibus
2579 1773 2973 1827 socordibus".
3007 1774 3076 1826 Et
3106 1773 3230 1843 ipse
3263 1774 3504 1843 quidem
3537 1775 3693 1828 One-

2013 1855 2016 1858 ’
2039 1866 2225 1920 simus
2241 1880 2417 1934 supra
2432 1863 2671 1917 modum
2691 1861 2891 1916 laudat
2905 1867 3161 1915 vestrum
3181 1862 3240 1914 in
3259 1863 3372 1916 Deo
3389 1863 3691 1932 pulchrum

289 1966 386 2038 μία
417 1965 624 2039 αἵρεσις
657 1966 924 2018 κατοικεῖ·
958 1958 1085 2015 ἀλλ’
1116 1956 1242 2014 οὐδὲ
1291 1955 1510 2012 ἀκούετέ
1555 1975 1735 2021 τινος,
1759 1951 1796 2023 ἤ
1831 1953 1929 2027 μό-

2055 1951 2504 2023 ordinem,quod
2529 1966 2735 2005 omnes
2749 1950 3073 2005 secundum
3097 1951 3401 2005 veritatem
3417 1952 3693 2020 vivitis,et

284 2075 378 2108 νου
409 2055 594 2123 Ἰησοῦ
623 2054 891 2126 Χριστοῦ,
920 2053 1019 2104 τοῦ
1049 2046 1314 2117 ἀληθινοῦ
1344 2043 1604 2118 ποιμένος
1644 2043 1734 2098 καὶ
1779 2040 1932 2098 διδα-

282 2139 489 2196 σκάλου
521 2141 634 2214 (26)
689 2139 781 2193 καί
808 2137 946 2208 ἐστε,
999 2137 1073 2198 ὡς
1127 2139 1345 2196 Παῦλος
1403 2134 1532 2206 ὑμῖν
1578 2129 1830 2209 ἔγραφεν,
1881 2125 1932 2186 ἔν

2047 2042 2205 2114 quod
2239 2043 2396 2096 inter
2426 2057 2525 2094 vos
2557 2040 2757 2094 nullus
2791 2039 3108 2094 esthearesi
3134 2039 3327 2106 locus;
3348 2039 3451 2094 sed
3468 2057 3576 2095 nec
3593 2057 3689 2096 au-

2041 2131 2180 2186 ditis
2212 2131 2496 2201 aliquem,
2525 2129 2636 2184 nisi
2670 2129 2862 2184 solum
2904 2130 3102 2184 Jesum
3133 2129 3450 2194 Christum,
3483 2147 3686 2186 verum

287 2235 468 2302 σῶμα,
509 2229 597 2284 καί
657 2223 709 2283 ἔν
768 2231 1001 2299 πνεῦμα,
1069 2223 1159 2280 διὰ
1216 2225 1276 2279 τὸ
1333 2223 1422 2277 καὶ
1481 2223 1534 2278 ἰν
1594 2227 1693 2294 μιᾷ
1749 2217 1934 2276 ἐλπίδι

2055 2226 2341 2292 pastorem
2374 2225 2433 2272 et
2462 2219 2846 2290 magistrum;
2881 2223 3056 2288 atque
3089 2218 3251 2284 estis,
3285 2224 3348 2272 ut
3370 2219 3583 2274 Paulus
3614 2221 3688 2276 ad

284 2320 583 2388 κεκλῆσθαι
645 2324 744 2387 τῆς
803 2318 1062 2377 πίστεως.
1125 2313 1376 2387 Ἐπείπερ
1416 2312 1506 2367 καὶ
1560 2313 1639 2374 εῖς
1714 2309 1936 2384 Κύριος,

2055 2326 2143 2365 vos
2175 2307 2434 2378 scripsit,
2484 2324 2656 2361 unum
2706 2322 2920 2377 corpus,
2973 2313 3023 2361 et
3069 2322 3211 2361 unus
3256 2308 3504 2377 spiritus,
3555 2326 3694 2380 pro-

294 2409 390 2483 μία
454 2409 660 2477 πίστις,
730 2405 784 2462 ἔν
848 2405 1152 2481 βάπτισμα,
1221 2404 1304 2465 εἷς
1395 2401 1524 2463 Θεὸς
1598 2400 1688 2455 καὶ
1753 2401 1938 2474 Πατὴρ

2055 2404 2251 2471 pterea
2281 2396 2437 2467 quod
2471 2398 2652 2450 vocati
2681 2398 2807 2451 estis
2828 2398 2884 2449 in
2908 2412 3019 2449 una
3035 2412 3130 2466 spe
3148 2398 3297 2463 ﬁdei.
3323 2398 3697 2469 Quandoqui-

292 2500 530 2570 πάντων,
589 2499 618 2554 6
677 2496 766 2553 ἐπὶ
823 2496 1060 2564 πάντων,
1119 2494 1210 2549 καὶ
1269 2491 1358 2548 διὰ
1439 2492 1679 2559 πάντων,
1736 2489 1826 2544 καὶ
1885 2489 1938 2545 ἰν

2055 2488 2180 2543 dem
2213 2493 2271 2542 et
2301 2502 2442 2541 unus
2487 2485 2768 2554 Dominus,
2819 2503 2934 2540 una
2969 2487 3121 2555 ﬁdes,
3177 2503 3347 2542 unum
3398 2489 3693 2558 baptisma,

291 2595 474 2646 πᾶσιν.
504 2589 688 2662 Ὑμεῖς
753 2587 847 2662 μὶν
909 2583 1000 2640 οὖν
1053 2583 1172 2640 ἐστε
1226 2587 1490 2652 τοιοῦτοι,
1553 2581 1656 2637 ὑπὸ
1711 2577 1939 2636 τοιῶνδε

2055 2593 2184 2633 unus
2216 2577 2351 2631 Deus
2382 2583 2434 2630 et
2463 2577 2631 2630 Pater
2659 2578 2921 2642 omnium,
2957 2578 3056 2645 qui
3108 2583 3186 2631 est
3232 2593 3396 2645 super
3433 2593 3616 2634 omnes
3644 2587 3696 2634 et

293 2675 599 2734 παιδευτῶν
632 2673 1092 2750 ποιχειωθὲντες,
1152 2669 1372 2728 Παύλου
1418 2670 1515 2726 τοῦ
1558 2666 1939 2747 Χριστοφόρου

2055 2683 2142 2736 per
2171 2665 2377 2733 omnia,
2409 2671 2458 2718 et
2483 2663 2543 2718 in
2576 2665 2824 2719 omnibus
2853 2663 2916 2720 ³⁸.
2952 2666 3064 2718 Vos
3095 2665 3294 2735 itaque
3340 2667 3482 2720 estis
3532 2668 3693 2737 ejus-

293 2768 382 2822 καὶ
411 2767 684 2840 Τιμοθὶου
711 2767 809 2819 τοῦ
839 2762 1189 2821 πιστοτάτου.

369 3002 485 3057 VII.
519 2998 678 3060 Τινὲς
710 2994 768 3053 δὶ
794 2995 1128 3071 φαυλότατοι
1160 2997 1380 3053 εἰώθασι
1423 2995 1576 3070 δὸλῳ
1623 3001 1853 3072 πονηρῷ
1881 2998 1944 3052 τὸ

298 3089 468 3161 ὄνομα
497 3088 832 3164 περιφέρειν,
872 3084 1019 3141 ἀλλά
1047 3106 1168 3142 τινα
1196 3088 1527 3162 πράσσοντες
1559 3088 1738 3156 ἀνάξια
1787 3091 1943 3157 Θεοῦ,

300 3180 386 3234 καὶ
425 3183 752 3258 φρονοῦντες
783 3176 990 3232 ἐναντία
1019 3182 1232 3242 τῆςτοῦ
1283 3181 1522 3251 Χριστοῦ
1571 3175 1944 3245 διδασκαλίας,

300 3269 380 3325 ia’
412 3267 626 3342 ἀλέθρῳ
656 3268 858 3322 ἑαυτῶν
887 3267 979 3322 καὶ
1011 3272 1118 3321 τῶν
1145 3267 1480 3341 πειθομένων
1512 3267 1718 3329 αὐτοῖς’
1753 3265 1844 3330 οῦς
1866 3264 1948 3322 δεῖ

2047 2755 2230 2822 modi,
2283 2772 2317 2809 a
2369 2753 2588 2809 talibus
2628 2753 3086 2809 instructoribus
3133 2755 3372 2823 eruditi,
3426 2772 3462 2811 a
3511 2756 3692 2812 Paulo

2048 2843 2393 2900 Christifero
2421 2849 2479 2898 et
2510 2843 2860 2898 ﬁdelissimo
2891 2843 3217 2898 Timotheo.

2122 2935 2241 2990 VII.
2274 2933 2558 2990 Nonnulli
2590 2941 2787 2988 autem
2821 2933 3245 3004 improbissimi
3294 2935 3492 2990 solont
3543 2936 3696 2991 malo

2051 3024 2188 3079 dolo
2220 3039 2438 3078 nomen
2480 3023 2900 3088 circumferre;
2934 3023 3037 3076 sed
3066 3029 3301 3094 patrant
3318 3024 3586 3094 quaedam
3612 3025 3699 3080 in-

2052 3115 2231 3186 digna
2263 3113 2399 3177 Deo,
2436 3119 2495 3166 et
2520 3113 2786 3167 sentiunt
2812 3129 2879 3167 ea
2910 3128 3040 3182 quas
3089 3120 3356 3184 pugnant
3407 3131 3539 3170 cum
3600 3115 3700 3170 Dei

2053 3202 2342 3269 doctrina,
2376 3202 2437 3256 in
2477 3202 2721 3256 exitium
2756 3202 3062 3274 proprium
3094 3219 3417 3274 eorumque
3449 3205 3547 3274 qui
3581 3205 3701 3260 illis

2054 3293 2334 3357 credunt;
2364 3308 2512 3362 quos
2543 3296 2778 3362 oportet
2805 3307 2925 3356 vos,
2950 3297 3014 3346 ut
3043 3291 3218 3358 feras,
3249 3293 3485 3348 evitare.
3513 3296 3700 3350 Justus

301 3359 458 3431 ὑμᾶς,
520 3357 596 3418 ὡς
655 3355 819 3430 θηρία
873 3354 1160 3413 ἐκκλίνειν.
1223 3355 1440 3417 Είκαιος
1509 3356 1615 3431 γὰρ
1670 3353 1939 3420 ἐκκλίνας,

2056 3382 2217 3438 enim
2249 3381 2551 3445 declinans,
2583 3382 2833 3435 salvatur
2863 3383 2920 3436 in
2950 3381 3245 3436 saeculum:
3281 3382 3478 3451 facilis
3519 3391 3703 3439 autem

299 3450 525 3517 σώζεται
582 3445 662 3507 εἰς
723 3445 816 3499 τὸν
874 3445 1045 3500 αἰῶνα
1108 3443 1426 3520 ’πρόχειρος
1478 3442 1536 3500 δὲ
1589 3445 1792 3522 γίνεται
1849 3444 1938 3500 καὶ

299 3533 592 3609 ἐπίχαρτος
639 3527 846 3588 ἀσεϐῶν
905 3533 1175 3610 ἀπώλεια.
1236 3534 1353 3590 Εἰσὶ
1415 3535 1520 3608 γὰρ
1577 3534 1732 3596 κύνες
1783 3533 1940 3602 ἐνεοί,

301 3624 357 3680 ού
418 3621 705 3697 δυνάμενοι
785 3621 1053 3691 ὑλακτεῖν,
1137 3620 1466 3695 λυσσῶντες,
1552 3620 1940 3698 λαθρόδηκτοι,

296 3711 388 3776 οὕς
440 3712 807 3776 φυλάσσεσθαι
851 3713 989 3790 χρήο
1042 3710 1230 3766 ἀνίατα
1265 3713 1367 3786 γὰρ
1411 3717 1678 3770 νοσοῦσιν.
1740 3714 1944 3788 Ἰατρὸς

294 3800 351 3857 δὶ
381 3805 542 3875 ἡμῶν
574 3800 716 3856 ἐστιν
751 3802 778 3856 6
810 3801 976 3873 μόνος
1007 3804 1121 3874 (27)
1150 3799 1414 3871 ἀληθινὸν
1449 3801 1600 3870 Θεὸς,
1636 3802 1664 3856 6
1706 3800 1940 3878 ἀγέννη-

289 3912 389 3966 γος
417 3890 508 3946 καὶ
539 3891 858 3966 ἀπρόσιτος,
891 3891 918 3944 6
957 3896 1064 3945 τῶν
1089 3889 1234 3946 ’ὀλων
1270 3890 1487 3964 Κύριος,
1517 3895 1613 3945 τοῦ
1667 3889 1724 3945 δὲ
1764 3897 1940 3946 Movo-

291 3985 486 4054 γενοῦς
519 3981 704 4052 Πατὴρ
736 3979 824 4033 καὶ
852 3982 1152 4054 γεννήτωρ.
1202 3983 1446 4055 Ἔχομεν
1492 3981 1676 4054 ῖατρὸν
1713 3979 1801 4034 καὶ
1847 3980 1940 4034 τὸν

293 4071 499 4144 Κύριον
553 4071 714 4142 ἡμῶν
775 4069 904 4124 Θεὸν
964 4069 1172 4138 Ἰησοῦν
1228 4068 1318 4122 τὸν
1374 4068 1629 4142 Χριστὸν,
1689 4069 1780 4124 τὸν
1837 4068 1942 4140 πρὸ

291 4159 512 4216 αἰώνων
544 4160 670 4213 Υἱὸν
728 4165 988 4234 μονογενῆ
1047 4160 1139 4214 καὶ
1201 4157 1399 4235 Λόγον,
1458 4159 1678 4234 ὕστερον
1739 4155 1796 4214 δι
1852 4159 1942 4214 καὶ

287 4248 583 4324 ἄνθρωπον
623 4248 682 4305 ἐκ
721 4249 939 4324 Μαρίας
995 4257 1097 4318 τῆς
1145 4252 1442 4326 Παρθένου.
1497 4251 1559 4306 Ὀ
1608 4251 1785 4328 Λόγος
1839 4252 1942 4327 γὰρ

286 4340 424 4411 σὰρξ
455 4340 695 4414 ἐγένετο·
743 4341 771 4394 6
818 4339 1111 4413 ἀσώματος
1165 4337 1216 4393 ἐν
1265 4341 1502 4414 σώματι,
1552 4341 1580 4396 6
1630 4341 1841 4410 ἀπαθὴς
1890 4341 1944 4396 ἐν

287 4429 528 4501 παθητῷ
559 4429 798 4502 σώματι,
832 4429 860 4483 6
889 4427 1157 4492 ἀθάνατος
1188 4426 1240 4482 ἐν
1275 4433 1456 4501 θνητῷ
1482 4429 1718 4502 σώματι,
1761 4432 1794 4498 ἡ
1831 4431 1944 4499 ζιυὴ

284 4516 343 4571 ἐν
375 4519 576 4596 φθορᾷ,
611 4518 760 4578 ὅπως
793 4517 1026 4580 θανάτου
1073 4517 1164 4572 καὶ
1214 4519 1418 4592 φθορᾶς
1469 4516 1809 4593 ἐλευθερώσῃ
1859 4519 1946 4573 καὶ

287 4605 557 4680 ίατρεύσῃ
588 4606 684 4667 τὰς
714 4607 899 4680 ψυχὰς
927 4606 1114 4678 ἡμῶν,
1164 4607 1255 4660 καὶ
1307 4606 1522 4676 ἰάσηται
1573 4606 1734 4670 αὐτὰς
1779 4628 1949 4679 νοση-

283 4695 576 4758 λευθείσας
605 4697 657 4752 ἐν
700 4694 918 4770 ἀηθείᾳ
943 4697 1034 4753 καὶ
1066 4704 1332 4771 πονηραῖς
1361 4697 1694 4774 ἐπιθυμίαις.

363 4807 510 4862 VIII.
543 4805 637 4874 Μὴ
682 4805 775 4860 οὖν
823 4825 906 4867 τις
955 4805 1096 4878 ὑμᾶς
1151 4805 1487 4877 ἐξαπατάτω,
1532 4805 1712 4881 ὥσπερ
1745 4809 1792 4845 ³⁰
1820 4805 1945 4864 οὒδὶ

2051 3471 2115 3540 ﬁt
2156 3478 2208 3526 et
2253 3471 2537 3542 jucundus
2591 3470 2893 3540 impiorum
2940 3470 3198 3526 interitus
3245 3472 3311 3526 ³⁷.
3353 3474 3494 3527 Sunt
3543 3474 3703 3528 enim

2052 3576 2210 3616 canes
2253 3562 2416 3623 muti,
2461 3575 2573 3613 non
2621 3561 2858 3614 valentes
2913 3559 3120 3614 latrare
3171 3559 3237 3629 ’3,
3283 3561 3494 3628 rabidi,
3553 3563 3706 3618 clam

2053 3649 2397 3704 mordentes
2422 3664 2436 3712 ;
2467 3665 2614 3718 quos
2636 3648 2817 3702 vitare
2841 3654 3075 3718 oportet
3099 3665 3112 3702 :
3136 3648 3408 3704 laborant
3429 3652 3586 3706 enim
3615 3653 3704 3708 in-

2051 3737 2298 3793 curabili
2327 3737 2562 3792 morbo.
2592 3737 2849 3791 Medicus
2891 3743 3089 3792 autem
3145 3745 3350 3792 noster
3398 3746 3490 3793 est
3541 3742 3701 3796 solus

2051 3843 2222 3882 verus
2253 3827 2428 3884 Deus.
2461 3825 2759 3896 ingenitus
2791 3832 2849 3880 et
2881 3825 3215 3882 inaccessus
3243 3843 3256 3891 ;
3288 3828 3697 3885 universorum

2053 3915 2359 3978 Dominus,
2392 3913 2686 3984 unigeniti
2719 3918 2916 3968 autem
2951 3917 3123 3970 Pater
3143 3931 3210 3969 ac
3241 3916 3488 3987 genitor.
3516 3918 3705 3974 Habe-

2052 4021 2183 4060 mus
2214 4003 2394 4059 etiam
2427 4001 2721 4056 medicum
2753 4003 3068 4057 Dominum
3102 4009 3368 4058 nostrum
3403 4007 3584 4060 Deum
3608 4008 3700 4062 Je-

2052 4109 2184 4150 sum
2218 4092 2538 4158 Christum,
2571 4097 2706 4146 ante
2738 4092 2954 4146 saecula
2984 4091 3199 4148 Filium
3243 4094 3614 4166 unigenitum
3647 4101 3705 4152 et

2055 4185 2306 4240 Verbum
2332 4201 2344 4251 ;
2370 4189 2576 4254 postea
2594 4199 2729 4238 vero
2743 4188 2803 4238 et
2825 4185 3132 4240 hominem
3149 4202 3217 4240 ex
3241 4187 3420 4242 Maria
3446 4188 3702 4260 Virgine.

2063 4275 2298 4329 Verbum
2330 4272 2487 4327 enim
2529 4290 2656 4328 caro
2708 4276 2916 4342 factum
2967 4280 3042 4328 est
3072 4273 3162 4341 2‘3;
3213 4275 3593 4347 incorporeus
3643 4278 3704 4334 in

2056 4378 2322 4434 corpore,
2356 4362 2741 4433 impassibilis
2773 4362 2832 4416 in
2873 4379 3119 4434 corpore
3148 4365 3432 4434 passibili.
3458 4367 3706 4422 immor-

2058 4452 2194 4507 talis
2224 4452 2285 4506 in
2317 4468 2561 4522 corpore
2593 4451 2852 4518 mortali,
2886 4451 3003 4506 vita
3033 4452 3094 4507 in
3123 4455 3526 4524 corruptione,
3578 4463 3642 4509 ut
3671 4473 3705 4512 a

2057 4547 2248 4599 morte
2279 4548 2339 4598 et
2367 4544 2746 4614 corruptione
2778 4541 3058 4597 liberaret
3092 4547 3150 4596 et
3197 4548 3432 4598 curaret
3471 4545 3701 4600 animas

2058 4638 2313 4690 nostras.
2347 4636 2407 4686 et
2437 4635 2678 4687 sanaret
2699 4647 2816 4697 eas,
2843 4630 3145 4702 impietate
3168 4631 3457 4702 malisque
3485 4649 3701 4688 concu-

1980 4723 2022 4788 D
2055 4720 2362 4794 piscentiis
2392 4725 2663 4792 aegrotas.

2132 4808 2275 4877 Vlll,
2310 4809 2389 4862 Ne
2421 4808 2555 4878 quis
2585 4807 2762 4878 igitur
2791 4825 2890 4862 vos
2922 4806 3183 4878 seducat,
3214 4808 3368 4863 sicut
3389 4825 3497 4865 nec
3527 4807 3702 4865 sedu-

359 4964 412 5001 ²³
443 4965 579 5042 huc.
611 4983 668 5031 ι,
703 4967 789 5023 16.
819 5041 825 5042 ί
853 4965 913 5042 4²⁴
942 4967 1020 5042 a_l_.
1057 4967 1221 5042 ὑμᾶς.
1293 4967 1342 5003 ³⁵
1368 4967 1536 5024 Prov.
1556 4985 1696 5040 χιιι,
1728 4973 1818 5028 29.
1897 4970 1939 5006 "

2057 4968 2182 5024 hes.
2218 4984 2288 5034 IV,
2320 4969 2374 5034 4,
2409 4970 2462 5036 5,
2493 4969 2546 5021 6.
2623 4965 2669 5002 ³⁷
2702 4967 2865 5024 Prov.
2896 4984 2956 5036 ι,
2987 4970 3054 5022 25
3081 4985 3094 5036 ;
3130 4983 3212 5036 ιι,
3242 4970 3295 5023 3.
3375 4968 3420 5003 ²⁸
3449 4970 3560 5026 Isa.
3586 4986 3698 5040 va,

280 5041 382 5093 10.
460 5038 510 5072 ³⁸
533 5038 701 5094 Joan.
734 5053 772 5108 ι,
808 5040 893 5095 14.
969 5039 1017 5074 ³⁸
1046 5057 1157 5097 ms.
1191 5037 1344 5113 ὅπερ.

360 5197 478 5261 (25)
545 5193 646 5248 τὸν
702 5193 793 5264 οὗν
852 5193 1168 5264 ἐπίσκοπον,
1251 5191 1423 5264 δῆλον
1483 5196 1565 5250 ὅτι
1645 5196 1720 5257 ὼς
1785 5195 1947 5252 αὐτὸν

273 5263 381 5318 τὸν
453 5264 656 5338 Κύριον
721 5263 805 5340 δεῖ
885 5261 1317 5340 προσϐλέπειν(
1373 5271 1453 5338 τῷ
1548 5267 1728 5339 Κυρίῳ
1787 5287 1947 5340 παρίε-

277 5340 494 5408 στῶτα.
528 5339 844 5402 Antonius,
879 5339 942 5396 in
973 5340 1101 5396 loco
1153 5341 1350 5408 citato,
1402 5340 1637 5408 brevius
1666 5357 1679 5395 :
1715 5341 1822 5396 Τὸν
1853 5339 1944 5394 οὖν

275 5405 609 5485 ἐπίσκοπὲα
631 5408 718 5485 ,ὠς
735 5409 905 5485 ἀύτρν
936 5411 1026 5464 τὸν
1052 5410 1246 5485 Κύριον
1268 5405 1350 5464 δεῖ
1368 5405 1698 5485 προῦλὲπειν
1747 5415 1944 5485 υεβῑιι.

358 5482 478 5553 (2θ)
544 5481 656 5536 Τοῦ
724 5479 990 5551 ἀληθινοῦ
1057 5479 1316 5553 ποιμένος
1408 5479 1495 5537 καὶ
1589 5480 1943 5540 διδασκάλου.

273 5550 598 5624 Anglican.
634 5550 940 5624 loquentem
971 5555 1030 5610 in
1063 5550 1310 5611 veritate.
1348 5557 1427 5612 In.

357 5621 477 5693 (‘27)
509 5621 716 5702 Ἰατρδξ
753 5621 807 5702 ξὶ
853 5627 1016 5702 ᾐμῶν
1054 5623 1196 5680 ἐστιν
1244 5627 1273 5680 6
1304 5627 1512 5702 μόνος,
1567 5635 1704 5696 etc.,
1756 5646 1946 5702 usque

271 5692 389 5760 ad,
435 5692 1092 5770 πονηραῖςίὺιιθυμίαις.
1141 5703 1252 5754 Pro
1300 5692 1454 5770 istis,
1499 5692 1704 5756 noster
1756 5692 1948 5758 inter-

270 5779 433 5840 pres
460 5770 691 5824 tantum
723 5769 938 5826 habet:
972 5794 999 5820 ‹‹
1036 5770 1196 5827 Unus
1225 5769 1491 5829 medicus
1531 5777 1638 5836 est,
1690 5771 1947 5828 carnalis

2057 5202 2115 5253 et
2145 5196 2494 5270 spiritualis,
2526 5197 2759 5270 genitus
2789 5203 2847 5252 et
2877 5197 3196 5270 ingenitus.
3232 5197 3291 5251 in
3315 5213 3491 5270 carne
3515 5196 3703 5252 factus

2058 5268 2230 5336 Deus,
2267 5270 2326 5324 in
2360 5268 2592 5323 mortali
2624 5269 2726 5336 (ita
2757 5270 2914 5324 enim
2949 5268 3282 5337 legendum)
3314 5269 3430 5322 vita
3459 5285 3611 5331 vera,
3647 5275 3708 5324 et

2057 5359 2127 5397 ex
2161 5341 2339 5396 Maria
2369 5347 2427 5396 et
2459 5357 2527 5396 ex
2561 5342 2699 5407 Deo,
2777 5341 2922 5394 rimo
2955 5339 3279 5410 passibilis,
3313 5344 3370 5393 et
3399 5346 3541 5395 tunc
3592 5341 3701 5395 im-

2057 5412 2672 5466 nassibilis.Dominus
2693 5357 2959 5466 CEristus
2986 5416 3205 5464 noster.
3240 5433 3268 5460 »
3295 5410 3560 5466 Reliquis
3579 5429 3701 5466 om-

2056 5412 2672 5485 passibilis,Dominus
2693 5410 2959 5466 Christus
2976 5416 3205 5485 noster.
3240 5433 3268 5460 »
3295 5410 3560 5485 Reliquis
3579 5429 3704 5485 om-

2055 5481 2232 5540 nibus
2265 5483 2715 5554 prmtermissis;
2751 5500 2880 5552 qum
2911 5481 3088 5554 etiam
3140 5481 3212 5554 ab
3262 5483 3706 5552 exemplaribus

2056 5552 2282 5626 quibus
2303 5554 2445 5626 olim
2477 5555 2568 5626 usi
2602 5554 2843 5626 fuerunt
2871 5552 3249 5626 athanasius,
3300 5554 3702 5612 Theodoretus

2056 5624 2115 5682 et
2146 5625 2431 5692 Gelasius,
2465 5624 2742 5691 abfuisse,
2777 5625 2837 5678 in
2869 5624 3243 5692 Prolegomen.
3277 5641 3406 5697 cap.
3441 5627 3469 5679 3
3501 5627 3704 5684 decla-

2055 5697 2334 5754 ravimus.
2367 5697 2446 5752 In.
