4038 6212
336 364 454 438 847

1063 376 1169 433 ΑΒ
1213 372 1643 432 EPISTOLAS
1687 371 1752 430 S.
1801 371 2097 432 IGNATII
2140 373 2538 434 GENUINAS
2584 375 3020 436 APPENDIX.

3531 35 4038 120 ..λε-...ι

3636 377 3752 436 848

332 516 884 583 laudet,Domtnum
912 527 1044 564 vero
1063 524 1264 562 meum
1286 508 1680 578 blasphemet,
1705 524 1824 562 non
1846 523 1969 562 con-

2092 527 2196 575 τις,
2227 508 2323 562 τὸΛ
2354 505 2411 562 δὲ
2443 508 2648 584 Κόριύν
2685 529 2795 583 μου
2841 507 3192 588 βλασφημεῖ,
3226 510 3304 580 μὴ
3339 508 3639 583 ὁμολογῶν
3663 509 3760 562 αὐ-

333 607 507 662 ﬁtens
538 606 734 674 ipsum
760 604 943 655 Deum
966 614 1092 654 esse
1126 597 1655 662 carniferuni‘IQui
1688 601 1888 652 autem
1919 596 1977 650 id

329 712 449 751 non
475 693 635 758 dicit,
667 704 908 762 prorsus
929 688 1123 758 ipsum
1146 689 1463 760 negavit,et
1491 687 1738 742 cadaver
1766 691 1974 759 gestat.

329 783 579 838 Nomina
607 794 741 832 vero
773 793 1143 843 eorum,cum
1168 777 1289 830 sint
1323 775 1609 841 inﬁdelia,
1646 792 1763 831 non
1786 776 1975 830 visum

332 878 420 926 est
455 869 600 925 mihi
626 868 924 923 scribere:
984 873 1040 922 et
1097 885 1232 922 vero
1292 867 1447 922 absit
1475 885 1509 922 a
1539 885 1632 924 me
1664 873 1729 922 ut
1769 882 1975 922 eorum

327 963 695 1018 mentionem
726 962 961 1029 faciam,
994 962 1183 1017 donec
1205 962 1559 1033 pcenitentia
1587 960 1901 1016 ducantur.

399 1052 489 1107 Vl.
521 1052 705 1106 Nemo
729 1057 885 1106 erret
911 1066 923 1115 ;
953 1051 1066 1105 nisi
1099 1050 1418 1106 crediderit
1449 1050 1742 1105 Christum
1773 1050 1975 1104 Jesum

326 1142 387 1196 in
414 1157 593 1196 carne
625 1157 754 1196 esse
789 1146 1221 1205 conversatum,
1254 1146 1312 1195 et
1344 1157 1581 1194 crucem
1629 1139 1786 1194 illius
1831 1155 1974 1192 con-

327 1231 522 1285 fessus
557 1230 757 1296 fuerit,
782 1236 838 1284 et
855 1229 1403 1300 passionem,atque
1427 1229 1772 1301 sanguinem
1795 1243 1973 1298 quem

330 1320 536 1374 elfudit
567 1336 672 1391 pro
705 1319 910 1374 mundi
957 1319 1146 1374 salute
1173 1336 1186 1385 ;
1222 1335 1343 1373 non
1371 1322 1771 1388 consequetur
1792 1317 1972 1370 vitam

329 1415 636 1474 aeternam,
671 1409 788 1463 sive
818 1426 921 1464 rex
949 1407 1148 1474 fuerit,
1177 1409 1296 1462 sive
1327 1407 1623 1475 sacerdos,
1657 1407 1775 1460 sive
1807 1405 1972 1476 prin-

328 1515 487 1569 ceps,
523 1499 641 1552 sive
674 1498 935 1568 privatus
957 1497 1159 1563 homo,
1183 1497 1302 1551 sive
1336 1496 1614 1552 dominus
1639 1501 1741 1549 aut
1769 1509 1971 1549 servus

330 1587 450 1642 sive
479 1587 566 1641 vir
594 1592 695 1642 aut
725 1587 968 1643 femina.
1001 1588 1104 1651 Qui
1149 1588 1317 1656 capit,
1353 1587 1541 1655 capiat
1570 1601 1584 1639 :
1636 1583 1736 1654 qui
1787 1583 1970 1650 audit,

329 1677 524 1732 audiat
545 1675 607 1729 *9.
643 1677 847 1746 Locus,
882 1675 1158 1748 dignitas,
1203 1675 1420 1729 divitias
1475 1674 1779 1729 neminem
1828 1674 1971 1754 effe.-

330 1771 497 1820 rant:
532 1765 869 1838 ignobilitas
900 1770 957 1821 et
982 1769 1301 1835 paupertas
1331 1765 1633 1820 neminem
1666 1763 1970 1834 dejiciant.

2091 595 2181 649 τὸν
2215 596 2556 675 σαρκοφόρον
2605 597 2780 665 Θεόνς
2841 601 2901 655 ’0
2979 595 3036 652 δὲ
3085 601 3246 652 τοῦτο
3309 599 3382 669 μὴ
3443 598 3642 672 λέγων,
3671 619 3755 653 τε·

2094 681 2256 746 λείως
2289 684 2452 740 αὐτὸν
2483 687 2816 760 ἀπῆρνηται,
2873 682 2945 741 ὤν
3000 686 3334 764 νεκροφόρος
3397 689 3533 759 (75).
3578 688 3664 742 Τὰ
3696 683 3753 740 δὲ

2093 771 2335 844 ὀνόματα
2360 773 2558 842 αὐτῶν,
2583 771 2708 829 ὄντα
2747 773 2964 843 ἄπιστα,
3006 779 3096 828 νῦν
3133 775 3234 828 οὐκ
3291 769 3436 844 ἔδοξέ
3497 795 3595 849 μοι
3655 773 3750 847 ἐγ-

2090 862 2312 936 γράψειν
2350 861 2492 935 μηδὲ
2531 864 2743 937 γένοιτό
2793 886 2859 938 με
2907 865 3084 920 αὐτῶν
3131 864 3510 938 μνημονεύειν,
3547 865 3749 942 μέχρις

2091 951 2154 1006 οὗ
2188 955 2599 1024 μετανοήσουσιν
2626 958 2764 1028 (76).

2163 1045 2252 1097 VI'
2294 1041 2504 1112 Μηδεὶς
2535 1042 2846 1108 πλανάσθω·
2907 1044 2994 1100 ἐὰν
3060 1046 3138 1116 μή
3199 1044 3457 1116 πιστεύσῃ
3515 1043 3753 1116 Χριστὸν

2090 1131 2304 1200 Ἰησοῦν
2324 1131 2374 1186 έν
2396 1133 2551 1206 σαρκὶ
2582 1134 3001 1198 πεπολιτεῦσθαι
3030 1138 3162 1205 (77),
3187 1134 3278 1188 καὶ
3301 1131 3629 1207 ὁμολογήσῃ
3654 1132 3748 1185 τὸν

2093 1221 2320 1295 σταυρὸν
2343 1221 2530 1289 αὐτοῦ,
2562 1223 2650 1276 καὶ
2681 1223 2744 1278 τὸ
2802 1223 2995 1291 πάθος,
3029 1223 3120 1277 καὶ
3177 1223 3240 1277 τὸ
3299 1221 3435 1294 αἷμα
3466 1222 3494 1276 ὃ
3528 1220 3740 1294 ἐξέχεεν

2093 1311 2224 1382 ὑπὲρ
2249 1317 2349 1378 τῆς
2379 1314 2475 1364 τοῦ
2495 1311 2707 1384 κόσμου
2743 1312 3018 1382 σωτηρίας
3048 1314 3190 1384 (78),
3225 1311 3287 1366 οὐ
3313 1319 3414 1379 τῆς
3446 1315 3564 1384 (79)
3596 1316 3744 1379 ζωῆς

2088 1396 2319 1451 πῖωνίυυ
2349 1396 2616 1467 τεύξεται,
2663 1397 2758 1452 κᾶν
2812 1397 3068 1472 βασιλεὺς
3245 1395 3339 1451 κᾶν
3402 1396 3597 1470 ἱερεὺς,
3650 1394 3748 1449 κᾶν

2089 1483 2300 1564 ἄρχων,
2322 1484 2416 1540 κᾶν
2454 1485 2702 1557 ἰδιώτης,
2735 1486 2829 1542 κᾶν
2864 1485 3188 1557 δεσπότηςῆ
3219 1484 3417 1547 δοῦλος
3450 1486 3569 1540 ⁸⁷.⁴⁸
3661 1507 3756 1559 γυ-

2085 1575 2148 1644 νὴ
2218 1578 2349 1647 (80).
2406 1577 2464 1631 Ὀ
2524 1580 2727 1650 χωρῶν
2781 1577 3055 1651 χωρείτω,
3117 1578 3144 1630 ὁ
3199 1575 3409 1631 ἀκούων
3482 1576 3752 1630 ἀκουέτω.

2087 1668 2286 1735 Τόπος,
2337 1667 2428 1722 καὶ
2475 1669 2712 1741 ἀξίωμα,
2773 1669 2864 1722 καὶ
2920 1667 3182 1734 πλοῦτος,
3247 1664 3455 1741 μηδένα
3511 1667 3744 1743 φυσιοόο

2084 1777 2162 1810 τω
2194 1760 2324 1830 (81)·
2387 1754 2595 1828 ἀδοξία,
2627 1759 2716 1812 καὶ
2747 1759 2925 1829 πενία,
2990 1755 3197 1830 μηδένα
3253 1757 3614 1812 ταπεινοότω.
3673 1757 3743 1810 Τὸ

327 1857 535 1909 Totum
567 1871 824 1925 namque
857 1860 962 1924 est,
993 1853 1140 1909 ﬁdes
1169 1855 1230 1908 in
1253 1855 1460 1921 Deum,
1485 1858 1543 1907 et
1571 1870 1706 1924 spes
1725 1853 1784 1906 in
1807 1851 1969 1907 Chri-

2092 1847 2191 1921 γᾶρ
2213 1844 2344 1900 ὅλον
2375 1845 2510 1913 ἐστὶ,
2545 1847 2724 1908 πίστις
2749 1849 2784 1916 ἡ
2814 1848 2893 1910 εἷς
2933 1853 3087 1916 Θεὸν,
3127 1847 3216 1900 καὶ
3274 1847 3308 1916 ἡ
3367 1846 3443 1908 εἰς
3500 1846 3743 1920 Χριστὸν

330 1949 508 2011 stum,
542 1943 742 1998 fruitio
770 1960 974 2000 eorum
1006 1959 1137 2014 quas
1195 1948 1606 2014 exspectamus
1662 1941 1974 2007 bonorum,

331 2038 508 2103 atque
541 2033 804 2088 Charitas
831 2033 894 2087 in
924 2034 1111 2087 Deum
1144 2037 1199 2087 et
1230 2039 1499 2087 nostrum
1528 2048 1735 2104 genus.
1773 2053 1800 2079 ‹‹
1834 2029 1978 2085 ΒίΙὶο

332 2137 432 2193 ges
462 2124 606 2176 enim
630 2122 950 2176 Dominum
982 2122 1168 2176 Deum
1203 2128 1371 2176 tuum
1393 2138 1465 2176 ex
1487 2127 1608 2175 toto
1632 2119 1808 2174 corde
1840 2124 1940 2174 tuo
1967 2134 1980 2184 ;

334 2215 393 2264 et
414 2209 759 2280 proximum
791 2217 957 2264 tuum
977 2209 1130 2266 sicut
1161 2210 1417 2282 teipsum
1438 2210 1505 2265 ⁸ο.
1536 2232 1562 2258 υ
1596 2211 1665 2263 Et
1694 2208 1983 2263 Dominus

331 2295 563 2366 inquit:
599 2319 625 2344 (ι
662 2297 796 2351 Haac
827 2301 919 2351 est
947 2296 1065 2350 vita
1096 2302 1342 2365 interna,
1387 2311 1738 2369 cognoscere
1787 2294 1983 2349 solum

332 2400 538 2438 verum
574 2384 781 2452 Deum,
814 2391 873 2440 et
903 2401 1080 2456 quem
1123 2386 1286 2440 misit
1329 2387 1527 2440 Jesum
1587 2385 1887 2439 Christum
1909 2382 1980 2435 ⁵¹.

331 2473 521 2528 Idem:
557 2495 586 2523 «
621 2472 959 2528 Mandatum
989 2489 1204 2529 novum
1237 2473 1308 2528 de
1361 2474 1546 2540 vobis,
1602 2480 1670 2529 ut
1725 2473 1982 2541 diligatis

330 2563 590 2618 invicem
615 2563 684 2618 ⁵³.
719 2565 784 2618 In
813 2563 903 2618 his
935 2563 1164 2619 duobus
1208 2564 1504 2620 mandatis
1560 2565 1834 2619 uuiversa
1892 2562 1983 2618 lex

330 2651 548 2723 pendet
579 2658 638 2707 et
665 2653 970 2725 prophetaa
991 2652 1060 2707 ⁵³.
1087 2673 1114 2702 η
1145 2647 1527 2708 Considerate
1551 2653 1728 2724 igitur
1759 2670 1860 2708 eos
1882 2653 1982 2723 qui

328 2742 526 2797 aliena
602 2749 904 2799 sectantur
951 2744 1247 2815 dogmata,
1315 2760 1431 2814 quo
1484 2743 1658 2797 modo
1718 2747 1986 2797 statuunt

326 2831 591 2902 ignotum
609 2849 736 2887 esse
757 2836 990 2888 Patrem
1021 2833 1233 2887 Christi
1252 2847 1397 2902 :quo
1422 2833 1594 2886 modo
1626 2831 1871 2886 infidam
1904 2830 1982 2885 si-

327 2920 638 2975 multatem
676 2922 832 2976 inter
863 2939 924 2977 se
959 2927 1240 2976 exercent
1259 2920 1324 2974 ⁵⁴.
1359 2921 1683 2975 Charitatis
1714 2936 1834 2974 non
1878 2920 1984 2973 ha-

326 3009 471 3064 bent
502 3027 704 3064 curam
735 3011 969 3076 ;futura
1003 3011 1328 3083 negligunt,
1352 3009 1670 3080 praesentia
1699 3014 1981 3078 tanquam

327 3098 867 3170 stabilia~reputant
890 3117 904 3165 ;
941 3105 1237 3171 praecepta
1277 3102 1679 3158 .contemnunt
1704 3115 1718 3164 ;
1745 3097 1981 3152 viduam

326 3193 384 3242 et
428 3189 770 3260 orphanum
829 3188 1189 3260 despiciunt,
1249 3203 1600 3259 oppressum
1661 3187 1982 3258 despuunt,

323 3275 584 3331 vinctum
614 3275 830 3332 rident.

395 3479 518 3535 ⁴⁷.⁴⁸
545 3481 726 3536 inser.
755 3477 852 3533 κᾶν
884 3479 1040 3607 ἀνήῖ.
1119 3482 1164 3515 ⁸³
1190 3483 1346 3536 Matt.
1374 3497 1493 3546 χιχ,
1529 3484 1595 3535 12
1612 3486 1669 3536 et
1690 3497 1812 3541 xm.
1846 3481 1937 3535 43.

395 3555 552 3607 Matt.
584 3569 725 3607 χχιι.
759 3553 846 3606 40.
922 3552 968 3587 ⁶⁴
1025 3595 1037 3606 .
1073 3551 1252 3607 Const.
1285 3569 1378 3607 an.
1412 3569 1482 3607 vr.
1520 3555 1604 3607 10.
1681 3551 1729 3586 ⁸⁵
1759 3553 1837 3607 a1.
1871 3549 1937 3604 éw

324 3553 369 3588 ⁵³
395 3555 552 3608 Matt.
584 3569 725 3620 χχιι,
759 3553 846 3606 40.
922 3552 968 3587 ⁶⁴
992 3551 1037 3607 l.
1073 3551 1252 3607 Const.
1285 3569 1378 3623 ap.
1412 3569 1482 3607 vr.
1520 3555 1604 3607 10.

329 3678 688 3733 Salvatorem
721 3677 782 3732 in
813 3694 947 3733 vera
977 3693 1151 3732 carne
1181 3677 1467 3733 veraciter
1524 3693 1760 3748 passum
1821 3693 1968 3732 esse.

328 3749 435 3814 Qui
468 3750 626 3804 enim
658 3750 988 3804 sanctiﬁcat
1018 3756 1076 3804 et
1118 3749 1217 3820 qui
1253 3749 1722 3811 sanctiﬁcantur,
1758 3765 1824 3802 ex
1857 3765 1972 3802 uno

328 3837 553 3876 omnes.
591 3821 754 3876 Unde
787 3822 832 3876 si
868 3821 994 3892 ipse
1020 3822 1082 3876 in
1099 3837 1237 3876 vera
1265 3837 1443 3876 carne
1463 3837 1594 3876 vere
1618 3837 1824 3892 passus
1854 3836 1973 3874 non

327 3899 437 3955 est,
471 3892 573 3947 sed
607 3894 980 3963 phantastica
1011 3893 1379 3964 phantastice
1409 3909 1421 3946 :
1457 3908 1654 3964 neque
1686 3895 1973 3961 martyres

331 3964 389 4018 in
423 3980 558 4019 vera
589 3980 766 4019 carne
799 3963 1087 4019 veraciter
1126 3964 1453 4034 patiuntur,
1507 3963 1612 4019 sed
1644 3963 1702 4017 in
1730 3966 1975 4034 phanta-

327 4035 473 4090 stica
502 4038 891 4105 phantastice.
927 4037 1172 4106 PrOpter
1191 4035 1370 4105 quod,
1404 4051 1510 4106 per
1536 4051 1734 4088 veram
1767 4050 1972 4106 conse-

328 4104 656 4176 quentiam,
689 4105 848 4159 idem
886 4104 1123 4175 sapiunt
1180 4104 1521 4174 huiusmodi
1581 4104 1844 4160 hmretici
1901 4105 1971 4159 de

326 4175 688 4244 martyribus
727 4180 785 4228 et
817 4176 888 4228 de
913 4176 1188 4244 Domino.
1222 4198 1250 4225 »
1289 4177 1482 4230 Ussan.

326 4317 349 4368 Ι
401 4243 512 4314 (75)
544 4244 636 4297 Ὧν
693 4243 1043 4320 νεκροφόρος.
1100 4245 1228 4314 Vid,
1288 4247 1694 4317 Prolegomen.
1757 4262 1884 4317 cap.
1915 4248 1968 4299 4.

355 4332 406 4368 ο.

355 4332 406 4370 D.

396 4388 502 4456 (76)
536 4383 750 4468 Μέχρις
798 4383 860 4440 οὗ
920 4386 1345 4468 μετανοῆσωσιν.
1404 4388 1584 4468 Addit
1637 4393 1840 4468 poster
1887 4388 1971 4442 in-

325 4463 552 4531 terpres
576 4473 590 4512 :
617 4459 658 4508 ‹‹⁷
687 4459 748 4513 in
778 4459 1117 4530 passionem
1160 4476 1311 4530 quae,
1349 4482 1369 4507 ιι
1403 4460 1513 4528 vel,
1546 4481 1574 4508 ‹‹
1632 4460 1695 4514 in
1752 4475 1968 4531 panem

324 4529 423 4602 qui
458 4529 794 4602 estnostra
809 4529 1210 4602 resurrectgio.
1245 4553 1272 4580 »
1304 4532 1382 4602 In.

393 4601 508 4676 (77_)
536 4600 770 4676 Eduini
823 4600 1084 4676 metatio“
1114 4597 1364 4676 Χριστὸν
1424 4602 1634 4670 Ἰησοῦν
1696 4597 1748 4654 ἐν
1773 4673 1785 4676 _
1809 4599 1964 4676 σαρκῖ

319 4668 770 4727 πεπολιτεῦσθαι.
851 4668 1192 4744 Anglican:
1259 4696 1288 4724 «
1346 4675 1415 4728 Et
1493 4668 1964 4744 'superccelest'ia,

2015 3478 2062 3514 ⁵ο
2091 3480 2223 3534 Luc.
2256 3497 2311 3544 χ,
2363 3483 2450 3534 27.

1681 3551 1729 3586 ⁸⁵
1759 3553 1837 3607 a1.
1871 3549 2160 3604 ἐνεστῶτα.

2088 1933 2268 2006 ἐλπὶς,
2328 1939 2362 2004 ἡ
2423 1937 2531 1990 τῶν
2591 1934 3067 2010 προσδοκωμένων
3139 1937 3354 2011 ἀγαθῶν
3413 1933 3744 2003 ἀπόλαυσις,

2087 2022 2268 2098 ἀγάπη
2308 2027 2496 2098 τε
2526 2027 2648 2098 περὶ
2674 2027 2764 2079 τὸν
2795 2026 2923 2080 Θεὸν
2983 2025 3074 2079 καὶ
3131 2027 3194 2079 τὸ
3245 2023 3547 2102 ὁμόφυλον.
3585 2025 3746 2098 Ἀγα-

2086 2115 2280 2182 πήσεις
2341 2114 2448 2188 γὰρ
2534 2113 2734 2188 Κύριον
2829 2115 2921 2168 τὸν
3002 2115 3131 2169 Θεόν
3185 2135 3280 2168 σου
3335 2113 3384 2186 ἐξ
3453 2113 3591 2183 ὅλης
3643 2121 3745 2180 τῆς

2088 2199 2311 2277 καρδίας
2365 2223 2483 2272 σου,
2543 2202 2634 2256 καὶ
2718 2203 2811 2256 τὸν
2872 2202 3110 2272 πλησίον
3186 2223 3281 2257 σου
3364 2203 3441 2264 ὠς
3498 2203 3745 2257 σεαυτὸν.

2089 2291 2190 2347 Καὶ
2241 2292 2269 2345 ὁ
2328 2291 2528 2366 Κύριός
2584 2310 2767 2369 φησιν·
2825 2289 2971 2362 Αὕτη
3036 2291 3179 2347 ἐστὶν
3229 2294 3264 2361 ἡ
3317 2291 3540 2352 αἰώνιος
3603 2293 3747 2359 ζωὴ,

2086 2381 2149 2434 τὸ
2205 2381 2492 2454 γινώσκειν
2548 2381 2637 2435 τὸν
2707 2382 2867 2453 μόνον
2928 2379 3192 2451 ἀληθινὸν
3257 2381 3411 2448 Θεὸν,
3497 2382 3588 2435 καὶ
3672 2383 3736 2434 ὃν

2088 2468 2398 2524 ἀπέστειλεν
2503 2472 2714 2538 Ἰησοῦν
2821 2470 3103 2544 Χριστόν.
3210 2469 3363 2526 Καί·

2090 2562 2280 2628 καινὴν
2341 2557 2543 2632 δίδωμι
2630 2560 2784 2631 ὑμῖν,
2833 2557 2925 2613 ’ίνα
2982 2560 3220 2634 ἀγαπᾶτε
3285 2558 3588 2629 ἀλλήλους.
3658 2561 3743 2615 Ἐν

3471 2470 3742 2538 Ἐντολὴν

2091 2649 2312 2710 ταύταις
2365 2655 2482 2710 ταῖς
2559 2645 2706 2702 δυσὶν
2793 2646 3058 2712 ἐντολαῖς,
3119 2647 3249 2710 ὅλος
3309 2649 3336 2702 ὁ
3394 2648 3592 2721 νόμος,
3653 2670 3727 2702 κα

2093 2740 2143 2794 οἱ
2177 2747 2453 2816 προφῆται
2513 2737 2826 2812 κρέμανται.
2888 2740 3235 2811 Καταμάθετε
3293 2737 3384 2793 οὖν
3441 2739 3567 2800 τοὺς
3629 2737 3744 2792 ἓτε-

2093 2825 2447 2898 ροδοξοῦντας
2478 2831 2614 2897 (83),
2647 2832 2762 2889 πῶς
2812 2839 3201 2900 νομοθετουσιν
3260 2825 3531 2902 ἄγνωστον
3597 2830 3738 2882 εἶναι

2089 2918 2179 2970 τὸν
2212 2917 2420 2991 Πατέρα
2450 2921 2546 2971 τοῦ
2596 2920 2832 2991 Χριστοῦ
2892 2920 3024 2988 (84)·
3086 2922 3202 2978 πῶς
3257 2916 3480 2971 ἄπιστον
3537 2919 3743 2992 ἔχθραν

2094 3006 2207 3077 μετ’
2241 3004 2510 3075 ἀλλήλων
2560 2998 2798 3080 ἔχουσιν.
2828 3005 3074 3081 Ἀγάπης
3109 3004 3289 3067 αὐτοῖς
3320 3007 3383 3060 οὐ
3419 3005 3594 3077 μέλει·
3632 3011 3741 3059 τῶν

2089 3091 2561 3167 προσδοκωμένων
2618 3093 2901 3167 ἀλογοῦσι,
2953 3096 3019 3148 τὲι
3069 3095 3313 3170 παρόντα
3356 3096 3429 3156 ὡς
3461 3096 3668 3150 ἑστῶτα
3698 3096 3745 3130 ⁵⁵

2090 3184 2401 3259 λογίζονται
2434 3187 2565 3256 (85)’
2624 3183 2718 3244 τὰς
2778 3181 2995 3243 ἐντολὰς
3056 3190 3361 3259 παρορῶσι·
3406 3187 3585 3259 χήραν
3647 3183 3744 3238 καὶ

2005 3277 2048 3343 ο
2092 3274 2322 3344 ὀρφανὸν
2357 3277 2677 3348 περιορῶσι,
2736 3267 3060 3345 θλιϐόμενον
3117 3271 3458 3343 διαπτύουσι,
3519 3271 3743 3346 δεδεμέ-

2084 3382 2180 3420 νον
2213 3361 2421 3437 γελῶσι
2453 3365 2567 3436 (86)

2529 3478 2780 3534 51.loan.
2842 3497 2976 3545 xvu,
3035 3480 3088 3534 3.
3164 3480 3212 3515 ⁵³
3267 3482 3432 3545 Joan,
3493 3499 3614 3549 xm,
3649 3482 3741 3536 34.

2085 3673 2378 3800 ῗυσιούτω.
2447 3676 2772 3748 Anglican,
2821 3700 2846 3725 ‹‹
2883 3677 3140 3748 qualiter
3180 3677 3378 3731 nullus
3410 3677 3672 3732 infletur.
3712 3702 3740 3727 ιι

2115 3765 2161 3800 ι).

2115 3765 2161 3800 D.

2155 3819 2270 3891 (82)
2302 3816 2536 3891 ’ᾼγάπη
2573 3822 2682 3874 Pro
2729 3820 3113 3890 sequentibus
3146 3820 3204 3873 in
3237 3819 3560 3891 Anglicano
3613 3827 3742 3876 tan-

2086 3896 2210 3944 tum
2242 3889 2495 3944 habetur
2519 3906 2540 3962 :7
2567 3913 2592 3939 ‹‹
2625 3889 2841 3962 quibus
2873 3891 3020 3962 nihil
3045 3889 3428 3962 praepositum
3463 3899 3568 3946 est.
3595 3914 3624 3940 »
3659 3893 3742 3947 In.

2154 3963 2264 4034 (83)
2325 3959 2666 4034 Καταμάθετε
2734 3959 2828 4014 οὖν
2887 3959 3554 4034 τοὺς-ἑτερόδοξοῦντας.
3609 3966 3741 4020 γει.

2085 4031 2290 4112 vulgat
2322 4055 2348 4081 ‹‹
2377 4031 2591 4112 DisCite
2617 4034 2718 4092 (ita
2745 4035 2904 4112 enim
2929 4050 3160 4112 ex_nlss.
3180 4031 3587 4112 restituimus,
3604 4053 3740 4112 pro,

2083 4124 2111 4151 «
2148 4104 2354 4160 Dicite.
2392 4106 2610 4176 »λιπέςο
2643 4121 2742 4158 eos
2775 4106 2874 4176 qui
2936 4105 3133 4160 taliter
3190 4107 3341 4175 (fort.
3403 4104 3743 4174 aliterfdo-

2083 4180 2236 4228 cent.
2270 4196 2298 4224 »
2329 4175 2615 4249 _Aglica_n.
2667 4175 3108 4249 «(Considerate
3166 4183 3363 4232 autem
3393 4177 3570 4232 aliter
3601 4179 3740 4249 opi-

2082 4251 2294 4327 nantes
2325 4246 2384 4372 ir]:
2413 4247 2662 4316 gratiam
2694 4248 2828 4303 Jesu
2859 4248 3097 4317 Christi,
3147 4265 3274 4303 eam
3307 4265 3436 4320 qua:
3496 4249 3558 4303 in
3621 4246 3735 4304 nos

2082 4324 2259 4371 venit.
2299 4339 2326 4365 ››
2387 4335 2436 4371 D.

2081 4317 2259 4371 venit.
2299 4339 2326 4365 ››
2360 4319 2436 4371 In.

2273 4387 2813 4463 Uécivopoﬁqoﬁmv
2866 4387 3139 4463 ἄγνωστον
3192 4391 3332 4443 εἶναι
3387 4389 3481 4444 τὸν
3517 4392 3735 4461 Ηατέρα

2077 4461 2174 4511 τοῦ
2206 4459 2454 4531 Χριστοῦ.
2502 4461 2805 4532 Anglican.
2867 4459 3188 4532 «'qualiter
3244 4464 3555 4518 contrarian
3587 4459 3738 4518 sunt

2081 4533 2390 4586 sententias
2421 4532 2544 4585 Dei.
2580 4553 2608 4581 ››
2650 4534 2728 4586 In.

2149 4604 2258 4672 (85)
2291 4602 2368 4656 Τὰ
2398 4600 2645 4677 παρόατα
2670 4602 2744 4664 ὠς
2785 4600 2994 4677 έστῷτα
3049 4601 3380 4677 λογίζονται.
3417 4605 3538 4659 Lib.
3575 4607 3733 4677 Nyd-

2076 4671 2274 4744 prucc.
2343 4671 2724 4749 ριόλέστῶτα
2784 4675 2923 4747 legit
2981 4671 3263 4732 ἓνεττῶτα.
3327 4678 3452 4732 Vet.
3509 4671 3728 4749 vulgat.

321 4749 380 4823 et
408 4744 598 4826 gloria
627 4745 1004 4826 angelorum,_
1037 4744 1748 4826 et‘principes-visibilhes,
1783 4754 1837 4826 et
1867 4747 1962 4826 inf
2000 4744 2045 4807 D
2077 4768 2104 4795 ‹‹
2124 4745 2440 4826 praesentia
2459 4744 3258 4826 dissimulant,'quaa-ventura
3280 4744 3726 4826 sunt_tanquam

319 4813 604 4888 visibiles,
639 4816 687 4872 si
712 4813 840 4873 non
870 4813 1205 4872 credant'in
1238 4813 1586 4888 sanguinem
1618 4817 1830 4871 Christi
1867 4822 1963 4883 ;et

320 4884 442 4939 illis
463 4886 762 4956 judicium
795 4894 903 4943 est.
938 4909 965 4936 ››
999 4889 1075 4942 In.

387 4957 496 5028 (78)
548 4957 652 5033 Καὶ
702 4956 1042 5033 ὁμολογήσῃ.
1085 4957 1176 5033 τὸν
1238 4959 1462 5033 σταορᾷν
1521 4956 1708 5033 αότοῦ,
1759 4959 1846 5012 καὶ
1886 4958 1961 5033 -τὸ

316 5025 508 5095 πάθος,
550 5028 664 5106 καὶ.
699 5025 957 5106 τὸ-ριῖμα
1003 5025 1042 5082 ’ὅ
1081 5025 1285 5106 Δέξέχεν
1340 5025 1470 5106 ᾇπέρ
1529 5031 1628 5100 τῇς
1685 5025 1782 5106 τοῦ
1835 5029 1961 5106 κόσ-

317 5119 423 5170 μου
454 5101 749 5171 σωτηριας.
788 5103 1005 5156 Horum
1034 5101 1373 5157 nihil'aliud
1405 5101 1463 5156 in
1497 5107 1700 5156 nostro
1732 5101 1964 5156 inveni-

317 5173 792 5245 turiinterprete,
823 5172 938 5228 nisi
969 5172 1127 5243 quod
1158 5173 1218 5227 in
1253 5179 1392 5228 nota
1447 5171 1820 5245 praecedente
1873 5177 1964 5228 est

309 5244 571 5369 positum
597 5243 623 5298 ἶ
645 5268 673 5295 ‹‹
704 5245 751 5301 si
784 5261 904 5299 non
930 5245 1172 5299 credant
1194 5245 1253 5298 in
1286 5243 1634 5315 sanguinem
1667 5243 1901 5298 Christi.
1927 5265 1956 5294 »

334 5331 386 5369 υ.

334 5331 386 5371 Ι).

380 5387 492 5454 (79)
523 5385 599 5443 Οὐ
631 5392 752 5456 τῆς.
786 5389 870 5442 Ex
903 5386 1135 5458 vulgato
1179 5387 1502 5457 interprete
1561 5386 1642 5458 ita
1699 5386 1959 5442 restituit

307 5459 625 5514 Morelius:
659 5475 792 5516 cum
825 5459 887 5513 in
936 5456 1212 5528 utroque
1240 5456 1437 5513 Graaco
1471 5456 1692 5522 codice,
1744 5462 1802 5512 et
1840 5461 1954 5513 Au-

308 5535 558 5597 gustam
591 5538 650 5586 et
679 5527 1150 5602 Nydprucciano,
1183 5527 1264 5583 ὅτι
1295 5529 1607 5602 legeretur.
1641 5531 1718 5602 Ιο.

380 5602 491 5668 (80)
523 5601 922 5675 ᾚΑγυνήςνεξῐ
963 5601 1202 5675 vulgat,
1269 5624 1287 5648 ι
1326 5617 1431 5675 seu
1474 5601 1609 5675 (vel.
1670 5601 1810 5672 sive)
1844 5602 1949 5668 vir,

310 5667 428 5720 sive
463 5667 693 5724 mulie'r-
719 5667 754 5721 »ί
773 5673 934 5726 Unde
967 5667 1146 5726 etiam
1168 5667 1442 5726 Morelius
1469 5673 1530 5726 in
1555 5673 1752 5728 Grmco
1786 5667 1951 5728 textu

309 5739 616 5812 reposuit;
647 5736 744 5791 κᾶν
777 5739 914 5812 ἀνὴρ
943 5742 1168 5812 ἢ-γυνή.
1197 5744 1276 5798 ID.

401 5760 578 5791 iusuu.
603 5760 616 5801 ;
647 5760 744 5791 καν
777 5760 914 5812 ανηρ
943 5760 977 5807 η
1045 5760 1168 5810 υνη.
1197 5760 1276 5798 ιι).

401 5807 488 5874 81)
522 5805 700 5865 Τόπος
735 5848 750 5874 ,
799 5810 888 5860 καὶ
953 5760 1166 5881 ἀξίωμα
1199 5853 1213 5879 ,
1271 5811 1361 5864 καὶ
1418 5811 1680 5880 πλοῦτος,
1738 5809 1946 5884 μηδένα

2075 4817 2391 4940 praesentia
2422 4817 2556 4886 (vel,
2596 4823 2659 4872 ut
2692 4817 2751 4871 in
2780 4835 2925 4872 mss.
2960 4818 3282 4890 Magdalen.
3317 4827 3374 4873 et
3405 4817 3726 4875 Petaviano

2121 4887 2348 4940 abetur.
2388 4907 2414 4939 ιι
2443 4904 2605 4940 nunc
2651 4888 2935 4940 instantia
2971 4911 2990 4936 ι
3031 4890 3046 4940 )
3077 4907 3204 4940 esse
3236 4895 3469 4940 nutanL
3495 4899 3553 4940 et
3595 4899 3726 4940 tan-

2121 4887 2348 4953 abetur,
2388 4907 2414 4939 ιι
2443 4904 2605 4961 nunc
2651 4888 2935 4961 instantia
2963 4911 2990 4961 γ»
3027 4887 3204 4958 )’θεδθ
3235 4895 3470 4961 putant,
3495 4899 3553 4945 et
3595 4899 3728 4946 tan-

2077 4976 2255 5030 quam
2290 4959 2589 5031 somnium
2621 4966 2677 5013 et
2699 4960 3072 5031 phantasiam
3107 4959 3488 5031 existimant;
3514 4981 3540 5012 ο
3569 4978 3639 5018 ac
3675 4964 3724 5018 si

2075 5029 2726 5104 legissetaTa‘zj-npévta
2769 5030 3168 5104 ὑποκρίνονται,
3202 5031 3267 5084 τὰ
3324 5029 3606 5104 μέλλοντα
3646 5032 3722 5092 ὡς

2073 5097 2702 5180 ένέστῶταλογίζονται,
2735 5101 2823 5154 καὶ
2879 5097 3058 5172 ὥσπερ
3119 5097 3244 5176 όναρ
3275 5097 3365 5156 καὶ
3423 5104 3719 5180 φαντασίαν

2073 5173 2262 5244 [ταῦτα
2295 5171 2490 5245 ardva-Aa]
2523 5174 2802 5245 ἡγοῦνται.
2840 5175 2917 5229 ID.

2141 5247 2253 5315 (86)
2304 5237 2646 5321 _91136uevov
2704 5242 3085 5321 _3v.am-Souai,
3146 5241 3429 5321 δεδεμένον
3488 5246 3718 5321 γελῶσι.

2073 5317 2190 5388 Yet.
2226 5316 2440 5388 vulgat.
2477 5338 2504 5388 (ς
2540 5317 2887 5372 tribulatum
2923 5324 3230 5388 respuunt,
3264 5316 3526 5373 vinctum
3560 5319 3724 5374 deri-

2065 5386 2228 5462 dent.
2269 5386 2392 5462 nilin
2415 5387 2609 5462 priore
2645 5386 3178 5462 me_mbro_(quod_a
3212 5390 3430 5444 Latinis
3465 5391 3722 5462 vulgatis

2064 5459 2253 5532 abest)
2303 5458 2772 5532 Magdalenensis
2823 5459 3021 5532 codexA
3062 5459 3241 5514 habet.
3271 5484 3296 5509 ‹‹
3334 5458 3655 5532 respuunt,
3693 5485 3720 5510 »ι

2064 5495 2231 5514 “uuam
2303 5495 2772 5531 Ανιαδυιιινυῡιιῠιῦ
2823 5495 3006 5514 υυυῠλ
3063 5495 3241 5514 υιιυει·
3271 5495 3296 5509 “
3336 5495 3655 5532 lCDlJLlUIIl-’
3693 5495 3720 5510 η

2063 5495 2414 5585 Βᾶιίοίρηείδ
2447 5536 2505 5585 et
2534 5531 2904 5594 Petavianus,
2931 5551 2959 5579 «
2992 5530 3347 5602 despiciunt,
3379 5552 3405 5582 ι
3429 5550 3536 5602 pro
3568 5555 3596 5582 ‹‹
3624 5533 3722 5588 de-

2061 5607 2301 5672 spuunt,
2331 5624 2356 5649 n
2380 5601 2778 5676 respondente
2800 5602 2887 5655 illi
2911 5599 3484 5676 Grmco_§zan:-$o-Jis.
3523 5605 3718 5676 Angli-

2060 5690 2189 5729 can.
2219 5695 2245 5754 ξ(
2279 5691 2399 5727 non
2432 5673 2502 5754 de
2537 5673 2842 5754 tribulato,
2873 5689 2994 5754 non
3021 5672 3302 5754 deligati}
3353 5675 3443 5728 vel
3496 5672 3715 5743 soluto,

2035 5759 2178 5805 .non
2202 5745 2273 5801 de
2306 5744 2605 5816 esuriente
2627 5745 2719 5799 vel
2751 5744 3011 5799 sitiente.
3043 5765 3071 5794 ››
3103 5744 3332 5800 Deinde
3381 5753 3719 5816 sequuntur

2057 5818 2182 5886 illa,
2215 5832 2348 5887 quae
2381 5816 2443 5870 in
2475 5815 2886 5890 Prolegomen.
2932 5831 3060 5888 cap.
3088 5817 3142 5885 3,
3176 5833 3212 5873 a
3244 5815 3616 5876 Theodoreto
3647 5835 3738 5875 ex,
