4038 6212
278 387 394 446 857

283 516 379 570 λον
410 515 600 574 πάντες
631 510 789 568 αὐτὸν
841 511 1140 584 ἐμιμοῦντο
1195 513 1330 582 (32),

286 609 418 659 θεοῦ
475 599 766 662 διακονίας.
832 597 1149 672 Ἀμείψεται
1208 598 1431 665 αύτὸνὴ
1467 598 1628 671 χάρις
1688 599 1801 670 (33)
1847 602 1944 651 τοῦ

286 694 490 767 Κυρίου
549 692 684 744 κατὰ
745 689 940 743 πάντα.
999 688 1342 760 Ἀσπάζομαι
1397 688 1489 741 τὸν
1545 686 1784 755 ἀξιόθεον
1823 686 1942 740 ἐπί-

289 803 492 838 σκοπον
527 782 681 852 ὑμῶν
716 777 1103 851 Πολύκαρπον,
1135 777 1225 832 καὶ
1277 777 1340 830 τὸ
1383 776 1676 851 θεοπρεπὲς
1707 769 1940 849 πρεσϐυο

283 874 488 946 τὲριον,
535 869 628 923 καὶ
682 865 810 928 τοῦς
864 865 1276 944 Χριστοφόρους
1325 861 1606 926 διακόνους
1661 865 1788 924 τοὺς
1821 884 1941 916 cov-

290 959 526 1020 δούλους
584 978 689 1030 μου
746 958 883 1029 (34),
947 954 1035 1009 καὶ
1095 954 1224 1018 τοὺς
1272 953 1406 1008 κατὰ
1463 952 1629 1030 ἄνδρα
1665 953 1941 1025 καὶκοινῇ

287 1046 576 1114 πάντας,ἑν
613 1046 842 1118 ὀνόματι
898 1048 1134 1118 Χριστοῦ
1186 1046 1390 1114 Ἰησοῦ,
1422 1043 1512 1098 καὶ
1541 1049 1640 1112 τῆς
1671 1041 1868 1116 σσρκὸς
1899 1041 1947 1077 ⁸³

289 1141 478 1205 αὐτοῦ,
510 1138 597 1191 καὶ
630 1139 708 1207 τῷ
740 1133 953 1208 α’ίματι,
1017 1135 1176 1197 πάθει
1235 1153 1293 1186 τε
1348 1133 1434 1187 καὶ
1480 1132 1782 1201 ἀναστάσει,
1817 1151 1946 1206 σαρ-

286 1232 416 1300 κικῇ
479 1247 538 1280 τε
596 1224 685 1279 καὶ
744 1226 1110 1296 πνευματιγῇ,
1171 1222 1218 1257 3‘
1249 1221 1457 1291 ἐνότητι
1681 1225 1812 1276 Θεοῦ
1854 1222 1941 1276 καὶ

292 1321 465 1392 ὑμῶν.
501 1317 669 1385 Χάρις
727 1315 879 1387 ὑμῖν,
913 1310 1089 1380 ἔλεος,
1132 1311 1348 1388 εἷρήνη,
1380 1312 1657 1384 ὑπομονὴ,
1693 1308 1782 1366 διὰ
1814 1332 1946 1365 παν-

284 1409 381 1469 τὸς
415 1405 470 1460 ἐν
499 1408 742 1480 Χριστῷ.

361 1497 502 1554 ΧΙΙΙ.
536 1493 883 1564 Ἀσπάζομαι
942 1492 1072 1553 τοὺς
1132 1489 1316 1553 οἷ’κους
1369 1495 1477 1545 τῶν
1534 1487 1783 1570 ἀδελφῶν
1819 1512 1944 1564 μου,

290 1583 387 1637 σὺν
418 1580 628 1654 γυναιξὶ
684 1579 776 1633 καὶ
832 1577 1066 1646 τέκνοις,
1125 1579 1216 1632 καὶ
1276 1576 1653 1652 ἆειπαρθὲνους
1711 1579 1800 1633 καὶ
1849 1578 1944 1639 τὰς

289 1673 474 1746 χήρας
504 1673 641 1741 (36).
675 1663 957 1741 ’Έῤῥωσθέ
1017 1687 1110 1739 μοι
1169 1665 1220 1721 ἐν
1281 1664 1504 1740 δυνάμει
1534 1670 1578 1704 ⁸⁸
1608 1667 1943 1740 Πνεύματος.

291 1760 620 1827 Ἀσπαζεται
656 1758 794 1829 ὑμᾶς
845 1754 1032 1811 Φίλων
1091 1757 1119 1809 ὁ
1177 1754 1542 1828 συνδιάκονος,
1575 1753 1647 1810 ὥν
1677 1757 1768 1810 σὺν
1798 1754 1942 1828 ἐμοί.

292 1851 637 1920 Ἀσπάζομαι
695 1848 787 1900 τὸν
846 1847 1000 1900 οἶκον
1061 1847 1256 1908 Γαυῗας
1315 1847 1360 1883 ⁸⁷
1420 1851 1554 1919 (37),
1601 1848 1662 1916 ἣν
1704 1842 1942 1924 εὔχομαι

296 1936 566 2011 ήδρᾶοθαι
624 1935 800 1991 πίστει
858 1935 947 1990 καὶ
1003 1936 1183 2011 ἀγάπῃ
1246 1939 1356 2009 (38)
1414 1940 1644 2012 σαρκικῇ
1723 1921 1806 1990 τέ’
1858 1921 1960 1989 καί

292 2030 656 2100 πνευματικῇ.
720 2024 1059 2097 Ἀσπάζομαι
1120 2024 1361 2095 “¹Αλκην,
1426 2026 1488 2080 τὸ
1553 2021 1792 2094 ποθητὸν
1851 2047 1943 2097 μοι

291 2116 488 2190 ὄνομα,
547 2114 638 2169 καὶ
695 2113 897 2193 Δάφνον
954 2112 1045 2168 τὸν
1106 2113 1424 2188 ἀσύγκριτον
1459 2117 1590 2187 (39),
1621 2116 1710 2168 καὶ
1744 2111 1944 2172 Εὕτεκ-

288 2227 380 2261 νον
412 2207 549 2278 (40),
580 2205 670 2258 καὶ
711 2205 914 2264 πάντας
964 2204 1078 2256 κατ’
1142 2199 1336 2274 ὄνομα.
1369 2201 1644 2279 Ἑῤῥωσοε
1676 2202 1726 2258 ἐν
1760 2206 1944 2278 χάριτι

290 2299 426 2351 Θεοῦ
455 2294 546 2347 καὶ
588 2291 793 2368 Κυρίου
825 2295 982 2364 ἡμῶν
1017 2295 1199 2362 Ἰησοῦ
1228 2293 1486 2369 Χριστοῦ,
1519 2292 1946 2368 πεπληρωμένοι

289 2384 604 2456 Πνεύματος
643 2381 818 2457 ἁγίου,
878 2380 966 2435 καὶ
1023 2381 1214 2458 σοφίας
1273 2381 1415 2443 Θείας
1473 2383 1565 2436 καὶ
1613 2383 1761 2458 ἱερᾶς
1813 2387 1944 2457 (41).

431 2649 544 2722 (42)
623 2672 874 2768 HPO
958 2608 1821 2770 ΠΟΛΥΚΑΡΠΟΝ

735 2825 1070 2882 Ἐπίσκοπον
1097 2824 1354 2900 Σμύρνης
1395 2829 1524 2896 (43).

1003 379 1412 442 EPISTULA
1454 377 2061 440 INTERPOLATE.
2107 407 2186 426 α-
2227 379 2335 438 AD
2379 375 2938 438 POLYCARPUM.

1390 503 1516 562 ὄντα
1571 507 1938 581 ἓξεμπλάριον

2066 526 2260 564 )mnes
2292 509 2455 564 illum
2491 509 2818 576 imitentur,
2880 509 2980 579 qui
3039 514 3127 564 est
3187 511 3492 583 exemplar
3521 509 3703 567 divini

3584 379 3708 440 858

2049 599 2387 654 ministerii.
2413 597 2718 653 Retribuat
2750 598 2833 651 illi
2869 614 2976 669 per
3007 599 3208 653 omnia
3236 600 3422 671 gratia
3446 602 3703 658 Domini.

2050 688 2246 743 Saluto
2282 690 2399 742 Deo
2431 688 2676 759 dignum
2731 688 3074 760 episcopum
3132 696 3394 744 vestrum
3425 691 3701 762 Polycar-

2048 794 2212 849 pum,
2269 779 2387 832 Deo
2456 777 2737 832 decorum
2796 779 3258 849 presbyterium,
3340 779 3707 835 christiferos

2051 867 2333 920 diaconos
2364 883 2680 921 conservos
2707 883 2892 932 meos,
2927 871 2984 920 et
3015 867 3357 937 singillatim
3389 884 3455 922 ac
3482 867 3542 922 in
3574 868 3707 922 uni-

2048 973 2282 1012 versum
2317 974 2545 1023 omnes,
2579 958 2641 1012 in
2691 958 2938 1014 nomine
2999 958 3213 1012 Christi
3254 959 3411 1026 Jesu,
3445 965 3502 1012 et
3533 975 3706 1013 carne

2049 1047 2257 1119 ipsius,
2317 1048 2622 1119 sanguine,
2683 1048 2982 1118 passione,
3017 1053 3074 1102 et
3105 1048 3539 1103 resurrectione
3585 1054 3705 1103 tam

2050 1135 2345 1207 corporali
2377 1151 2555 1207 quam
2585 1135 2901 1206 spirituali,
2926 1136 2987 1190 in
3006 1135 3238 1190 unitate
3268 1137 3370 1190 Dei
3402 1142 3460 1190 et
3490 1142 3705 1196 vestra.

2051 1227 2247 1282 Gratia
2275 1226 2460 1292 vobis,
2489 1225 2919 1294 misericordia,
2969 1241 3101 1296 pax,
3143 1225 3431 1296 patientia
3461 1243 3698 1297 semper

2053 1317 2146 1383 sit,
2184 1316 2245 1369 in
2275 1316 2526 1372 Christo.

2120 1495 2268 1550 XIII.
2305 1493 2504 1550 Saluto
2530 1494 2789 1550 familias
2810 1494 3060 1550 fratrum
3087 1511 3380 1561 meorum,
3403 1511 3536 1551 cum
3559 1513 3705 1552 uxo-

2051 1584 2215 1639 ribus
2247 1589 2304 1638 et
2332 1583 2575 1650 liberis;
2635 1589 2692 1640 et
2747 1589 3034 1656 perpetuo
3066 1585 3343 1657 virgines,
3376 1601 3443 1640 ac
3475 1585 3704 1641 viduas.

2057 1673 2252 1728 Valete
2284 1673 2429 1727 mihi
2451 1673 2511 1727 in
2542 1673 2755 1727 virtute
2777 1673 2821 1707 ⁸⁵
2843 1674 3117 1744 Spiritus.
3144 1675 3372 1730 Salutat
3402 1693 3499 1730 vos
3529 1676 3698 1730 Philo

2051 1762 2471 1830 condiaconus,
2507 1763 2606 1834 qui
2658 1778 2891 1816 mecum
2925 1767 3031 1816 est.
3066 1763 3266 1818 Saluto
3297 1764 3530 1818 Taviam
3562 1782 3697 1819 cum

2053 1851 2434 1918 domesticis;
2477 1867 2654 1921 quam
2713 1856 2850 1922 opto
2908 1850 3150 1905 solidari
3183 1851 3298 1906 ﬁde
3331 1857 3387 1905 et
3412 1853 3697 1908 charitate

2064 1940 2356 2012 corporali
2379 1945 2555 2010 atque
2579 1939 3096 2010 spirituali.Saluto
3110 1941 3291 1995 Alcen
3309 1939 3704 1997 desiderabile

2058 2030 2200 2086 mihi
2234 2046 2475 2098 nomen,
2510 2036 2567 2084 et
2599 2030 2911 2100 Daphnum
2935 2029 3485 2101 incomparabilem,
3511 2046 3578 2086 ac
3599 2034 3708 2087 Eu-

2060 2125 2321 2188 tecnum,
2383 2135 2710 2190 omnesque
2768 2118 3142 2173 nominatim.
3198 2120 3398 2174 Valete
3431 2121 3490 2174 in
3523 2121 3710 2192 gratia

2056 2208 2158 2262 Dei
2187 2225 2254 2263 ac
2282 2209 2516 2263 Domini
2563 2208 2748 2263 nostri
2805 2208 2939 2263 Jesu
2969 2207 3203 2275 Christi,
3234 2209 3445 2280 repleti
3483 2210 3704 2282 Spiritu

2056 2303 2281 2362 sancto,
2317 2303 2374 2351 et
2404 2297 2600 2352 divina
2630 2303 2950 2368 sanctaque
2979 2297 3291 2370 sapientia.

2341 2676 2503 2768 AD
2599 2677 3424 2774 POLYCARPUM

2543 2838 2897 2911 Episcopum
2937 2841 3222 2914 Smyrnae.

288 2990 552 3067 Ἰγνάτιος
610 2987 903 3049 ἐπίσκοπος
960 2988 1305 3064 ’Δντιοχείας
1363 2990 1498 3060 (4-4),
1556 2990 1584 3044 ὁ
1640 2991 1731 3044 καὶ
1792 2993 1940 3069 μάρ-

2066 2999 2301 3068 {gnati—us
2349 3002 2630 3072 episcopus
2676 3004 3008 3073 Antiochiae,
3057 3007 3155 3076 qui
3209 3013 3260 3060 et
3314 3013 3530 3078 martyr
3576 3009 3700 3062 Jesu

364 3121 413 3156 83
441 3122 485 3177 f.
517 3123 587 3191 τῇ
619 3115 796 3190 σαρκί.
874 3115 921 3151 ⁸⁴
951 3116 990 3172 f.
1025 3133 1292 3188 prmpon.
1323 3113 1397 3170 ἐν.
1474 3116 1520 3152 ⁸⁸
1545 3118 1756 3174 Patris.
1833 3120 1879 3156 ⁸⁸
1909 3125 1941 3175 Ι]

2066 3124 2140 3186 ύς.
2173 3125 2219 3162 ⁸⁷
2248 3127 2288 3182 f.
2323 3126 2544 3189 Ταυῒας.

514 3239 750 3313 ’Ὄφελον
808 3232 999 3313 πάντες
1038 3229 1196 3313 αὐτον
1243 3229 1615 3313 ἐμιμοῦντο.-
1639 3236 1946 3313 Anglican.

294 3336 322 3363 ‹‹
359 3305 606 3366 utinam"
638 3321 864 3380 omnes
897 3305 1093 3375 ipsum
1153 3305 1481 3380 imitentur.
1517 3307 1698 3380 »_Vet.
1727 3305 1943 3380 vulgat.

293 3404 319 3436 ι
357 3381 692 3437 Debuerant
728 3377 968 3445 quidem
1001 3392 1207 3431 omnes
1237 3378 1424 3445 (eum)
1454 3378 1700 3442 imitari,
1737 3401 1762 3427 ιι
1795 3377 1863 3435 ac
1897 3381 1945 3436 si

287 3455 570 3526 legisset;
603 3445 834 3526 ’Ὡξρελον
869 3446 1070 3526 πάντας
1110 3445 1286 3526 ἀύτᾷν
1338 3454 1644 3526 μιμεῖσθαι.
1682 3472 1710 3500 ››
1745 3452 1942 3508 Ussgn,

365 3517 479 3595 (33)
522 3517 845 3603 ’ᾼμείψεται
894 3517 1051 3603 αιύτὸν
1178 3517 1360 3603 χάρις.
1411 3517 1802 3603 ζμιςιξςειμηα
1835 3526 1945 3603 Re-

292 3591 571 3654 muneret
592 3591 786 3664 ipsum
813 3591 1018 3665 gratia:
1047 3614 1066 3639 ι
1086 3593 1221 3665 _Vet.
1250 3591 1470 3665 vulgat.
1517 3591 1541 3643 in
1573 3592 1948 3665 Retribuetur

293 3669 349 3725 ei
382 3665 584 3739 gratia.
618 3661 650 3714 3)
694 3665 784 3719 Sic
812 3661 972 3739 enim
1005 3661 1184 3739 habet
1214 3661 1397 3739 codex
1439 3663 1944 3739 Magdalenensis:

292 3733 410 3797 ubi
430 3737 598 3802 editi,
637 3757 657 3784 ι
701 3735 989 3789 retribuet
1019 3733 1070 3804 e_i
1103 3734 1385 3789 Dominus
1416 3733 1685 3804 gratiam.
1720 3758 1749 3804 ν
1783 3737 1860 3790 In.

370 3812 482 3881 (34)
559 3801 967 3881 Χριστοφόρους
1045 3801 1330 3865 διακόνους
1415 3801 1541 3881 τοὺς
1618 3802 1946 3881 συνδούλους

298 3877 429 3954 μου.
466 3877 795 3954 Anglicani
843 3877 869 3928 ι.
906 3879 1230 3954 Conservos
1277 3893 1442 3954 meos
1487 3877 1788 3954 diaconos.
1827 3901 1847 3927 ιο
1883 3880 1947 3954 I_n

293 3948 553 4024 vulgatis
577 3951 817 4024 alterius
838 3949 1060 4024 veteris
1069 3948 1418 4024 interpretis
1439 3949 1762 4024 codicibus,
1796 3949 1947 4005 male

294 4020 518 4097 legitur
541 4021 945 4097 singulariter:
971 4043 997 4069 ‹‹
1024 4020 1482 4091 Christophorus
1505 4021 1788 4078 diaconus
1813 4038 1950 4077 con-

291 4095 500 4153 servus
530 4110 718 4149 meus.
755 4115 782 4141 ››
816 4095 895 4147 Io.

367 4170 478 4237 (35)
509 4163 780 4232 Ἑνότῃτι.
839 4165 935 4237 Ἐν
987 4159 1227 4231 ἐνότητι,
1278 4161 1419 4234 legit
1469 4168 1720 4235 uterque
1781 4169 1948 4220 vetus

291 4236 538 4295 Latinus
569 4237 882 4307 interpres.
918 4236 999 4292 ID.

365 4312 500 4386 (36)Δ
534 4303 956 4386 Ἀειπαρθένους.
983 4375 996 4386 _
1029 4303 1118 4357 καὶ
1202 4303 1298 4364 τὰς
1356 4305 1558 4386 χήρας.
1635 4307 1944 4386 Anglican.

291 4406 320 4432 «
357 4375 614 4450 (virgines
645 4375 878 4434 voiatas
909 4375 1147 4450 viduas:
1188 4398 1214 4425 »
1249 4393 1318 4431 ac
1349 4375 1417 4439 si,
1443 4375 1673 4450 promi
1708 4375 1826 4438 τοὶς.
1861 4379 1942 4434 le-

289 4446 479 4528 gisset
500 4448 791 4528 κληθείσας
841 4452 911 4528 Et
936 4448 1110 4528 paulo
1134 4453 1286 4528 post.
1305 4446 1950 4528 Δριόῗιίἶνεύμιοιτος,ίᾱιξιῐι

291 4519 321 4574 ῖὶ
357 4523 552 4579 Patris
588 4547 607 4570 ιι
645 4523 806 4594 legit,
836 4525 1085 4576 etvetus
1123 4519 1392 4591 vulgatus
1435 4520 1750 4591 interpres,
1783 4545 1810 4571 «
1846 4521 1948 4576 Dei

289 4597 506 4652 Patris.
546 4615 566 4643 ι
604 4595 682 4648 Ιο.

363 4667 478 4736 (37)
513 4664 614 4720 Τὸν
649 4662 796 4716 οἶκον
864 4662 1090 4736 rancida.
1139 4662 1350 4717 Noster
1374 4663 1698 4736 __interpres
1730 4664 1941 4718 habet:

291 4762 314 4789 ι
359 4732 604 4793 Domum
640 4737 887 4791 Thaviae.
930 4756 955 4781 ››
991 4732 1268 4803 Vulgatus
1319 4733 1532 4794 editus.
1569 4732 1595 4784 ξι
1629 4735 1880 4802 Grmnia,
1917 4760 1938 4786 ιι

287 4827 404 4866 ms.
442 4808 812 4868 Baliolensis,
846 4829 872 4854 «
908 4804 1183 4860 Graeviaa:
1218 4805 1368 4876 used
1403 4805 1869 4876 Magdalenensis
1890 4813 1948 4860 et

287 4881 668 4945 Petavianus,
702 4901 730 4930 ι(
762 4877 1016 4941 Graviaa;
1051 4896 1078 4923 »
1111 4875 1269 4945 quod
1300 4893 1429 4942 nos,
1462 4875 1527 4931 ut
1569 4895 1702 4932 cum
1747 4878 1945 4932 Graeco

291 4951 700 5008 consentiens.
727 4949 1104 5004 retinuimus.
1130 4948 1231 5000 Est
1261 4954 1455 5000 autem
1485 4969 1512 4998 ‹‹
1539 4950 1742 5003 Gavias
1777 4971 1803 4997 »
1829 4950 1944 5014 hic,

291 5025 450 5080 alius
481 5040 515 5078 a
543 5045 568 5070 ‹‹
601 5021 740 5076 Gaio
775 5045 802 5071 ››
857 5019 1000 5084 illo;
1062 5018 1232 5090 cujus
1290 5019 1514 5072 mentio
1574 5021 1633 5073 in
1680 5020 1790 5074 hac
1822 5021 1948 5090 epi-

475 5075 958 5166 jvamiantefacta
981 5075 1268 5166 estzl'icet
1290 5106 1393 5159 pro
1426 5090 1564 5144 Gaio
1588 5091 1695 5166 _illo
1727 5092 1786 5145 in
1820 5075 1950 5166 Epi-

288 5167 437 5223 stola
476 5161 554 5220 ad
598 5164 1076 5232 Philadelphenos,
1111 5161 1299 5233 Gaviaa
1331 5177 1548 5233 nomen
1585 5162 1643 5216 in
1676 5163 1948 5233 quaadam

291 5237 664 5308 exemplaria
695 5234 1040 5308 irrepserit,
1071 5238 1136 5286 ut
1167 5232 1709 5308 ibi_a_dno_tavimus.
1744 5235 1822 5288 lo.

366 5303 491 5380 (38)
517 5307 732 5380 Ἀγάπῃ
760 5378 767 5380 Α
794 5303 915 5359 Vet.
952 5303 1164 5380 vulgat.
1192 5325 1220 5353 «
1244 5303 1583 5380 dilectione.
1609 5327 1651 5380 »_
1673 5305 1758 5360 Ita
1787 5305 1948 5380 enim

292 5375 380 5437 exi
402 5375 510 5434 ms.
549 5375 983 5442 Magdalenensi
1009 5382 1066 5429 et
1087 5375 1402 5429 Petaviano
1428 5375 1788 5430 restituimus
1811 5395 1824 5442 ;
1849 5376 1947 5430 ubi

294 5458 476 5508 antea
501 5451 830 5514 legebatur,
864 5469 892 5496 «
929 5446 1255 5503 devotione.
1291 5469 1319 5495 »
1358 5453 1429 5500 In.

1503 5589 1513 5598 .
1537 5521 1624 5599 (ut
1662 5525 1720 5572 et
1748 5523 1953 5599 noster

295 5595 618 5664 interpres)
646 5617 665 5640 -
692 5589 1239 5664 incomparabilem.
1263 5611 1291 5638 »
1316 5589 1580 5664 [taenim
1611 5589 1670 5643 in
1700 5596 1949 5664 utroque

297 5667 407 5722 illo
438 5659 550 5720 ms.
582 5659 1046 5735 legimus;'non,
1103 5667 1168 5715 ut
1224 5661 1287 5714 in
1345 5659 1540 5728 editis,
1595 5682 1625 5710 «
1671 5659 1952 5732 spiritua-

2059 3241 2197 3299 lem.
2233 3266 2260 3294 υ
2291 3247 2366 3300 In.

2129 3334 2243 3407 (40)
2290 3330 2569 3408 Εότεκνον.
2630 3337 2936 3408 Anglican.
3003 3359 3029 3388 «
3056 3339 3406 3402 Eutecnum,
3443 3360 3470 3387 »
3502 3343 3568 3394 ut
3599 3355 3709 3394 no-

2055 3420 2195 3529 inen
2250 3406 2578 3478 prOprium.
2638 3406 2762 3463 Vet.
2827 3409 3051 3480 Vulgat.
3113 3433 3140 3459 ‹‹
3176 3410 3399 3465 bonum
3430 3410 3640 3466 ﬁlium.
3674 3432 3701 3460 ››

2084 3493 2130 3529 ο.

2084 3493 2130 3530 D.

2127 3551 2234 3621 (41)
2264 3548 2420 3621 Θείας
2476 3551 2564 3601 καί
2620 3549 2788 3621 ἱερᾶς.
2845 3551 2908 3604 In
2966 3551 3187 3605 Latinis
3219 3552 3465 3619 vulgatis
3496 3557 3554 3606 et
3586 3569 3695 3608 ms.

2056 3618 2488 3692 Magdalenensi
2521 3620 2649 3691 (sed
2673 3618 2800 3675 non
2833 3623 2894 3676 in
2926 3623 3244 3678 Baliolensi
3275 3618 3345 3677 et
3367 3625 3700 3692 Petaviano)

2057 3658 2314 3750 additur.
2354 3711 2374 3739 α
2410 3658 2616 3745 Amen.
2653 3712 2680 3738 ››
2712 3694 2789 3746 In.

2128 3762 2240 3834 (42)
2274 3763 2351 3816 De
2382 3763 2492 3817 hac
2523 3763 2595 3816 ad
2628 3763 3017 3834 Polycarpum
3043 3763 3319 3834 Epistola,
3348 3764 3408 3820 in
3440 3768 3475 3818 ‘2
3500 3765 3703 3820 Prole—

2058 3849 2351 3906 gomenion
2376 3839 2714 3888 nostrorum
2735 3835 2925 3906 capite
2950 3835 3368 3903 disseruimus;
3388 3836 3488 3891 ubi
3509 3843 3566 3891 et
3587 3835 3699 3906 ipsi

2057 3907 2120 3978 Pr.
2154 3904 2443 3978 Halloixio
2475 3905 2766 3960 nonnulla
2788 3904 2847 3959 in
2871 3923 2940 3960 ea
2964 3906 3146 3978 fuisse
3169 3913 3441 3978 suspecta
3474 3904 3703 3962 indica-

2056 3977 2539 4050 vimus.Illa7vero
2563 3977 2770 4047 partim
2790 3977 3483 4050 inscriptionem,partim
3507 3981 3700 4050 ipsum

2059 4065 2271 4121 corpus
2294 4048 2565 4121 Epistolas
2589 4049 2978 4119 spectant.Ait
2999 4049 3159 4104 enim
3182 4048 3439 4120 primum
3459 4075 3484 4099 ‹‹
3512 4048 3703 4121 ipsam

2058 4120 2332 4191 Epistolas
2379 4120 2830 4190 inscriptionem
2888 4121 3143 4175 alienam
3199 4137 3325 4176 esse
3371 4120 3612 4191 amore
3644 4122 3698 4175 S.

2055 4190 2286 4263 Ignatii,
2320 4191 2439 4266 _imo
2460 4261 2470 4266 _
2498 4196 2555 4245 et
2583 4209 2635 4266 _a
2689 4192 2997 4266 modestia.
3034 4214 3059 4240 ››
3120 4193 3381 4266 Ἰγνάτιος
3413 4190 3704 4252 ἐπίσκοπος

2059 4261 2416 4338 ’Ᾱντιοχείας,
2452 4261 2479 4313 ὁ
2510 4261 2596 4338 καὶ
2616 4263 2837 4338 *μάρτυς
2860 4263 3047 4338 ξΙησοῦ
3077 4261 3347 4336 Χρίστοῦ.
3386 4288 3412 4315 ‹‹
3442 4266 3705 4338 Ignatius

2059 4336 2370 4406 episcopus
2398 4335 2746 4403 Antiochiae,
2772 4335 2871 4406 qui
2897 4341 2954 4389 et
2993 4335 3216 4406 martyr
3239 4338 3371 4392 Jesu
3403 4335 3640 4391 Christi.
3678 4359 3699 4385 ι»

2059 4409 2184 4461 Non
2217 4407 2375 4460 enim
2400 4423 2528 4460 esse
2550 4406 2786 4461 solitum
2813 4423 2947 4461 suas
2967 4407 3245 4477 epistolas
3273 4409 3356 4461 sic
3379 4408 3706 4462 inscribere

2062 4477 2493 4532 «humillimum
2515 4484 2572 4532 et
2590 4477 3093 4533 modestissimum
3113 4479 3566 4549 lgnatium,»sed
3584 4479 3713 4531 sim-

2059 4550 2330 4621 pliciter:
2368 4574 2391 4597 u
2434 4552 2708 4621 lgnatius,
2741 4551 2840 4620 qui
2874 4555 2930 4604 et
2960 4550 3368 4619 Theophorus.
3406 4573 3431 4598 ››
3464 4549 3708 4621 Deinde,

2058 4620 2192 4674 eum
2223 4621 2354 4675 alim
2379 4620 2795 4690 inscriptiones
2819 4621 3008 4691 plenae
3035 4622 3151 4675 sint
3173 4638 3375 4676 eorum
3411 4620 3708 4681 laudibus.

2054 4693 2126 4747 ad
2159 4709 2307 4761 quos
2339 4693 2579 4752 scribit;
2608 4693 2758 4747 hanc
2784 4693 2978 4746 nullas
3003 4692 3312 4762 Polycarpi
3348 4691 3554 4746 laudes
3579 4691 3706 4761 (qui

2055 4769 2254 4818 tamen
2286 4778 2356 4816 ex
2389 4763 2666 4818 omnibus
2699 4779 2797 4817 eas
2828 4763 3166 4819 merebatur
3195 4780 3371 4834 quam
3407 4764 3704 4834 maxime),

2057 4835 2158 4889 sed
2191 4841 2476 4907 terrorem
2513 4835 2707 4905 potius
2730 4836 3065 4907 (continere,
3090 4832 3231 4890 dum
3263 4837 3456 4906 ipsum
3490 4832 3703 4907 inspici

2056 4923 2090 4961 a
2122 4907 2238 4960 Deo
2273 4906 2457 4976 magis
2489 4921 2664 4976 quam
2693 4905 2835 4960 alios
2865 4907 3156 4976 inspicere
3184 4913 3528 4961 commonet.
3565 4928 3592 4955 »

2126 4978 2188 5032 In
2225 4977 2421 5048 priore
2454 4976 2726 5048 Epistolaa
2745 4983 2931 5048 parte.
2958 4994 3075 5032 non
3107 4978 3376 5032 arrident
3406 4977 3488 5031 illi
3524 4999 3548 5025 ‹‹
3573 4992 3702 5031 mo-

2056 5049 2180 5104 nita
2210 5049 2494 5121 ipsa,quae
2514 5049 2701 5119 magis
2723 5048 2932 5103 decere
2952 5049 3263 5104 videantur
3282 5050 3562 5120 juvenem
3586 5048 3704 5117 epi-

3431 5135 3698 5190 scopum,

2127 5231 2234 5299 (43)
2271 5225 2546 5299 Σμύρνης.
2581 5249 2608 5277 ι(
2642 5227 2723 5282 De
2781 5227 3152 5294 illuminatis,
3186 5249 3212 5277 ››
3260 5227 3498 5282 additur
3535 5227 3598 5280 in
3630 5227 3702 5282 ti-

2056 5301 2180 5355 tulo
2213 5300 2492 5355 editionis
2524 5299 2769 5370 vulgatae
2804 5299 3039 5354 Latinae.
3073 5301 3149 5354 In.

2128 5371 2548 5444 (44)]Ιγνοὶτιος
2591 5368 2884 5444 ἐπίσκοπος
2922 5369 3298 5444 ’Ἀντιοχείας
3358 5372 3442 5425 Ita
3496 5375 3552 5423 et
3578 5370 3704 5425 edi-

2059 5443 2139 5496 tio
2171 5437 2398 5514 vulgata
2432 5442 2666 5508 Latina;
2700 5442 2803 5514 sed
2833 5441 3017 5497 codex
3051 5437 3363 5506 Mediceus,
3390 5447 3448 5496 et
3476 5457 3610 5514 cum
3631 5458 3701 5514 eo

2060 5513 2605 5583 noster’interpres,
2639 5513 2846 5569 eodem
2890 5530 3004 5582 quo
3048 5515 3108 5568 in
3159 5514 3388 5568 caeteris
3419 5513 3704 5584 epistodis

2057 5585 2272 5660 _modo_:
2334 5585 2593 5660 Ἰγνάτιος
2653 5586 2680 5638 ὁ
2736 5585 2823 5638 καὶ
2883 5584 3176 5660 Θερφὸρος.
3209 5584 3350 5640 Vide
3415 5585 3599 5639 Vossii
3641 5585 3702 5638 in

2058 5657 2211 5711 hanc
2235 5657 2686 5729 inscriptionem
2718 5663 2906 5712 notas.
2948 5657 3025 5712 lo.
