4004 6218
364 306 474 368 951
594 349 602 356 -
1083 310 1186 373 AD
1230 310 1666 375 EPISTOLAS
1713 315 1778 373 S.
1826 310 2128 374 IGNATII
2175 309 2566 373 GENUINAS
2609 308 3037 370 APPENDIX.

3662 309 3807 378 952

361 438 622 509 Patrem,
656 445 715 496 et
740 441 1173 513 presbyterium
1204 448 1270 498 ut
1325 443 1665 513 apostolos;
1726 444 2007 498 diaconos

2152 439 2246 501 τὸς
2300 435 2380 510 τῷ
2436 438 2628 512 Πατρὶ,
2683 437 2775 493 καὶ
2812 443 2891 511 τῷ
2947 432 3322 513 πρεσϐυτερῖῳ
3366 440 3441 500 ὡς
3479 443 3603 500 τοῖς
3635 438 3801 495 ἀπο.

367 532 569 584 autem
599 536 663 585 ut
694 531 795 585 Dei
826 530 1194 587 mandatum.
1227 533 1408 587 Nemo
1443 533 1571 588 sine
1603 533 1880 604 episcopo
1912 532 2015 587 ali-

368 618 511 688 quid
543 624 676 690 agat
706 636 912 673 eorum
944 636 1074 689 quas
1118 620 1194 675 ad
1242 621 1561 677 Ecclesiam
1596 628 1882 694 spectant.
1909 621 2015 676 llla

364 707 720 761 eucharistia
754 709 926 762 firma
973 715 1308 778 censeatur,
1341 728 1472 782 qum
1512 712 1584 767 ab
1615 713 1893 783 episcopo
1926 713 2010 778 fit,

361 800 462 848 aut
492 794 583 848 cui
617 794 743 865 ipse
774 797 1135 867 permiserit.
1172 798 1275 854 Ubi
1308 801 1650 871 apparuerit
1676 801 2011 871 episcopus,

359 881 478 937 illic
510 882 826 940 multitudo
877 886 985 953 sit;
1037 888 1540 957 quemadmodum
1572 889 1671 945 ubi
1721 895 1812 945 est
1845 891 2015 944 Jesus

359 971 645 1039 Christus,
670 974 789 1028 illic
813 982 901 1029 est
934 977 1195 1033 Ecclesia
1225 978 1531 1034 catholica.
1559 981 1686 1034 Non
1716 979 1858 1034 licet
1887 979 2013 1034 sine

360 1060 658 1133 episeopo,
716 1080 909 1135 neque
960 1065 1274 1137 baptizare,
1310 1085 1502 1139 neque
1533 1085 1749 1142 agapas
1777 1069 1969 1123 facere
1998 1086 2011 1137 ;

361 1150 466 1206 sed
497 1150 652 1221 quod
686 1152 788 1208 ille
819 1154 1175 1225 probaverit,
1235 1158 1347 1212 hoc
1392 1160 1528 1213 Jesu
1587 1158 1818 1213 Christo
1853 1174 2017 1213 com-

360 1239 645 1311 placitum
676 1248 783 1310 est,
818 1249 881 1297 ut
917 1248 1109 1299 tutum
1158 1246 1515 1316 firmumque
1548 1248 1623 1301 sit
1653 1263 1828 1302 omne
1858 1245 2015 1317 quod

362 1329 574 1399 agitur.
603 1331 683 1384 De
715 1337 926 1388 caetero
950 1351 1181 1404 wquum
1209 1340 1299 1391 est
1318 1342 1382 1390 ut
1405 1336 2014 1408 evigilemus,quando

362 1423 596 1489 tempus
627 1420 938 1491 habemus,
965 1427 1030 1477 ut
1060 1441 1168 1479 nos
1190 1425 1294 1479 Dei
1316 1442 1493 1480 causa
1525 1427 1825 1497 pceniteat.
1851 1426 2016 1496 Opti-

364 1522 527 1563 mum
557 1513 666 1576 est,
701 1508 886 1564 Deum
933 1516 1109 1581 atque
1157 1512 1500 1585 episcopum
1533 1530 1728 1569 nosse.
1767 1514 1874 1579 Qui
1908 1513 2016 1567 ho-

359 1600 531 1650 norat
563 1596 931 1669 episcOpum,
953 1618 987 1654 a
1014 1601 1130 1655 Deo
1154 1602 1481 1657 honoratur
1504 1620 1517 1668 ;
1552 1604 1661 1674 qui‘
1678 1604 1735 1658 in
1753 1603 1873 1659 scio
1899 1603 2018 1674 epi~

368 1704 547 1759 scopo
579 1688 805 1760 aliquid
837 1691 974 1763 agit,
1010 1692 1331 1748 hicdiaboli
1365 1694 1559 1750 cultor
1591 1701 1700 1750 est.
1735 1695 1862 1765 Epis
1894 1694 2017 1751 t.ad

366 1778 601 1849 Smyrn.
635 1797 796 1851 capp.
830 1783 861 1835 8
891 1789 942 1837 et
973 1786 1024 1837 9.

2123 525 2365 588 στόλοις’
2430 526 2557 589 τοὺς
2616 523 2673 581 δὲ
2729 522 3018 590 διακόνους
3072 528 3380 601 ἑντρέπεσθδ
3424 528 3500 592 ὡς
3528 532 3671 583 Θεοῦ
3704 527 3802 583 ἒνο

2120 613 2311 686 τολήν.
2371 612 2581 685 Μηδεὶς
2640 614 2817 690 χωρὶς
2873 614 3174 671 ἐπισκόπου
3229 636 3282 669 τι
3329 616 3613 691 πρασσέτω
3662 623 3795 671 τῶν

2122 706 2431 776 ἀνηκόντων
2465 703 2516 759 ἐν
2564 702 2882 776 Ἐκκλησία.
2923 699 3129 761 Βεϐαία
3188 704 3506 781 εὐχαριστία
3535 706 3798 781 ἡγείσθω

2121 798 2157 865 ἡ
2197 794 2294 850 τοῦ
2344 792 2642 849 ἐπισκόπου
2687 791 2840 860 οὖσα,
2904 795 2939 863 ἢ
3008 792 3054 865 ᾧ
3111 792 3200 849 ἐάν
3266 792 3427 856 αὐτὸς
3487 792 3793 868 ἐπιτρέψῃ.

2122 886 2297 942 Ὅπου
2328 882 2390 938 ἄν
2421 886 2565 960 φανῇ
2615 884 2643 938 ὁ
2690 880 3011 951 ἐπίσκοπος,
3045 881 3162 937 ἐκεῖ
3208 884 3272 939 τὸ
3320 881 3556 951 πλῆθος·
3590 884 3800 955 ὥσπερ

2124 971 2261 1028 ὅπου
2295 971 2382 1027 ἐάν
2410 970 2446 1046 ᾖ
2479 972 2689 1042 Ἰησοῦς
2722 974 2982 1047 Χριστὸς,
3022 970 3133 1026 ἐκεῖ
3163 973 3197 1040 ἡ
3227 969 3501 1039 καθολικὴ
3533 970 3807 1041 Ἐκκλη-

2123 1062 2231 1119 σία.
2283 1061 2397 1119 Οὐκ
2452 1059 2565 1131 ἐξόν
2623 1058 2734 1116 ἑστι
2796 1058 2971 1137 χωρίς
3027 1059 3350 1126 ἐπισκόπου,
3410 1057 3534 1115 οὕτε
3581 1059 3808 1135 βαπτὶο

2126 1160 2255 1225 ζειν,
2311 1152 2434 1208 οὔτε
2488 1152 2695 1228 ἀγάπας
2746 1157 2946 1221 ποιεῖν,
2995 1151 3125 1209 ἀλλ’
3155 1151 3184 1206 ὅ
3225 1152 3312 1207 ἐὰν
3358 1151 3563 1213 ἐκεῖνος
3620 1150 3809 1206 δοκιο

2128 1244 2297 1318 μάσῃ,
2345 1246 2510 1297 τοῦτο
2558 1241 2650 1296 καὶ
2697 1246 2777 1313 τῷ
2828 1243 3009 1312 Ἰησοῦ
3065 1245 3292 1317 Χριστῷ
3332 1239 3641 1315 εὐάρεστον,
3699 1240 3811 1293 ἳνα

2125 1332 2364 1408 ἀσφαλὲς
2494 1333 2583 1387 καὶ
2649 1326 2867 1407 βέϐαιον
2925 1337 3028 1386 πᾶν
3082 1330 3113 1385 8
3169 1331 3488 1407 πράσσεται.
3530 1328 3804 1402 Εὖλογόν

2123 1424 2234 1478 ἐστι
2267 1422 2460 1477 λοιπὸν
2517 1422 2783 1494 ἀνανῆψαι
2843 1422 3015 1494 ἡμᾶς,
3073 1420 3149 1482 ὡς
3207 1421 3396 1495 καιρὸν
3452 1415 3664 1495 ἔχομεν
3718 1418 3809 1480 εἷς

2126 1513 2254 1569 Θεὸν
2314 1515 2614 1585 μετανοεῖν.
2675 1508 2875 1573 Καλῶς
2939 1506 3059 1585 ἔχει
3143 1510 3271 1565 Θεὸν
3330 1511 3422 1565 καὶ
3477 1509 3807 1565 ἐπίσκοπον

2127 1598 2344 1658 εἰδέναι.
2405 1605 2462 1654 '0
2519 1603 2696 1673 τιμῶν
2744 1598 3057 1667 ἐπίσκοπον,
3112 1599 3216 1655 ὑπὸ
3275 1603 3409 1655 Θεοῦ
3462 1598 3804 1673 τετίμηταιο

2125 1692 2153 1746 ὁ
2185 1689 2359 1765 λάθρα
2425 1687 2723 1745 ἐπισκόπου
2786 1710 2837 1744 τι
2902 1689 3183 1765 πράσσων,
3252 1688 3332 1761 τῷ
3396 1682 3655 1761 διαϐόλῳ
3691 1687 3806 1743 λα·-

2043 1769 2091 1834 B
2119 1782 2319 1859 τρεόει.

441 1868 680 1950 Ibidem.
704 1885 834 1950 pag.
868 1875 993 1942 514,
1025 1873 1232 1930 eadem
1265 1879 1586 1930 occurrunt
1613 1874 1675 1929 in
1700 1874 1961 1931 Parallel.
1992 1876 2195 1943 Vatia,
2218 1870 2434 1929 alicubi
2470 1876 2665 1929 tamen
2692 1870 2924 1928 diversa
2952 1871 3228 1929 nonnihil
3256 1886 3291 1927 θ.
3318 1870 3808 1943 Bupefucaldinis

368 1939 465 1996 hic
494 1939 823 2013 descriptis.

1466 2110 1597 2164 IDEM
1626 2108 1787 2178 ibid.,
1816 2107 1925 2162 litt.
1958 2124 2011 2177 α,
2045 2108 2134 2163 tit.
2180 2123 2242 2173 ιι,
2276 2122 2414 2179 pag.
2447 2109 2573 2179 747,
2606 2108 2667 2163 C.

958 2233 1149 2287 Sancti
1186 2233 1418 2289 Icmrn.

434 2336 541 2400 Qui
574 2336 819 2407 perfecti
853 2339 1012 2406 estis,
1047 2338 1304 2409 perfecta
1336 2339 1544 2410 sapite.
1576 2340 1701 2395 Illis
1728 2340 1886 2396 enim
1916 2341 2016 2411 qui

359 2423 513 2479 bene
544 2441 715 2497 agere
747 2426 971 2498 volunt,
1023 2430 1172 2484 Deus
1231 2428 1301 2484 ad
1362 2429 1625 2487 dandum
1659 2437 1876 2502 praesto
1905 2434 2016 2486 est.

360 2514 453 2568 Ad
484 2514 722 2586 Smyrn.
757 2532 878 2588 cap.
914 2519 1001 2575 11.

2586 2234 2695 2287 Τοῦ
2744 2228 2899 2305 ἁγίου
2936 2231 3307 2291 ἸΓΝΑΤΙΟΥ.

2198 2336 2413 2395 Τέλειοι
2456 2336 2626 2409 ὄντες,
2676 2336 2858 2393 τέλεια
2904 2343 3170 2419 φρονεῖτε.
3224 2338 3452 2394 Θέλουσι
3499 2336 3610 2414 γὰρ
3640 2339 3801 2412 ἡμῖν

2128 2425 2186 2482 εὖ
2216 2428 2487 2503 πράττειν,
2522 2429 2650 2489 Θεὸς
2679 2423 2901 2501 ἕτοιμος
2933 2428 3010 2493 είς
3036 2427 3099 2483 τὸ
3129 2427 3408 2504 παρέχειν.

892 2633 1119 2691 Ibidem
1151 2652 1281 2710 pag.
1315 2640 1440 2710 314,
1470 2637 1749 2694 Parallela
1780 2636 1957 2693 Valic.
1995 2634 2275 2691 exhibent
2307 2638 2537 2692 tantum
2566 2635 2862 2707 posterius
2890 2634 3250 2693 membrum.

1439 2764 1572 2820 Ιυιιιί
1604 2765 1767 2834 ibid,
1802 2764 1905 2819 litt.
1953 2781 1998 2830 ε,
2032 2762 2119 2820 tit.
2156 2778 2448 2833 xvu,pag.
2482 2764 2607 2830 515,
2638 2764 2705 2818 A.

581 2877 838 2945 Ejusdem
874 2879 905 2931 ἔ
928 2882 1059 2950 pist.
1087 2882 1160 2935 ad
1183 2882 1556 2937 Poucmruu
1578 2882 1794 2952 Smyrn.

435 2983 652 3039 Omnes
674 2991 977 3058 supporta,
998 2988 1292 3058 quomodo
1311 2994 1365 3044 et
1389 2993 1444 3043 te
1465 2989 1769 3044 Dominus.
1796 2989 2013 3045 Omnes

363 3072 547 3127 suffer
589 3075 649 3128 in
709 3074 1064 3133 dilectione:
1119 3078 1486 3134 orationibus
1543 3078 1798 3134 assiduis
1849 3094 2008 3133 vaca.

358 3160 731 3232 Ampliorem
765 3181 942 3236 quam
987 3165 1207 3222 habeas
1266 3167 1722 3240 intelligentiam
1756 3165 2009 3239 postula.

361 3249 570 3321 Vigila,
595 3252 832 3309 oculum
854 3271 974 3311 non
1006 3256 1400 3312 dormientem
1433 3255 1763 3327 possidens.
1790 3258 1881 3311 Ad
1898 3258 2010 3312 Po-

356 3336 579 3413 lyearp.
615 3357 736 3413 cap.
772 3344 822 3400 1.

1045 3543 1320 3614 Ejusdem.

432 3659 709 3716 Omnium
777 3660 1157 3733 aegritudines
1223 3666 1415 3733 porta,
1473 3661 1652 3717 veluti
1718 3664 2014 3734 perfectus

361 3748 601 3806 athleta.
634 3748 739 3804 Ubi
770 3750 962 3818 major
1007 3749 1187 3805 fuerit
1225 3749 1411 3819 labor,
1464 3751 1542 3805 ibi
1596 3757 1649 3805 et
1704 3752 1893 3822 majus
1923 3751 2014 3805 lu-

362 3854 527 3894 crum
560 3843 668 3895 est.
706 3840 899 3894 Bonos
931 3839 1258 3911 discipulos
1292 3840 1340 3894 si
1373 3840 1604 3912 diligas,
1636 3856 1757 3897 non
1790 3848 1879 3895 est
1908 3840 2013 3895 tibi

361 3928 587 3999 gratia:
640 3929 828 3999 magis
878 3929 969 3982 fac
1017 3934 1083 3983 ut
1134 3929 1608 3984 contumaciores
1660 3930 1721 3983 in
1770 3930 2012 3987 lenitate

359 4017 661 4086 subjicias.
694 4018 823 4071 Non
852 4034 1028 4072 omne
1061 4017 1276 4096 yulnus
1307 4018 1515 4073 eodem
1556 4019 1877 4089 emplastro
1910 4038 2012 4075 cu-

357 4110 544 4159 ratur.
602 4105 926 4159 Acredines
982 4105 1425 4176 perfusionibus
1482 4107 1641 4161 seda.
1693 4110 2015 4180 Propterea

360 4208 538 4248 carne
572 4193 749 4247 simul
779 4198 837 4248 et
867 4193 1081 4263 spiritu
1111 4199 1370 4260 constas,
1403 4200 1467 4250 ut
1508 4212 1638 4267 quas
1670 4199 2014 4270 conspectui

360 4286 462 4336 tuo
496 4280 813 4337 manifesta
839 4286 997 4352 sunt,
1046 4281 1264 4338 blande
1323 4284 1617 4357 corrigas;
1651 4303 1783 4357 quae
1814 4292 2014 4343 autem

362 4374 665 4442 aspectum
691 4375 861 4427 tuum
892 4371 1143 4445 fugiunt,
1168 4377 1301 4443 pete
1327 4378 1393 4429 ut
1422 4373 1530 4429 tibi
1558 4379 1919 4443 retegantur,
1949 4382 2017 4432 ut

361 4460 424 4517 in
455 4460 622 4522 nullo
654 4460 920 4519 deﬁcias.
955 4462 1035 4518 Ad
1060 4460 1368 4535 Polycarp.
1402 4480 1564 4535 capp.
1600 4464 1626 4519 1
1662 4471 1712 4519 ct
1744 4467 1797 4524 2.

2269 2881 2376 2933 Τοῦ
2427 2876 2592 2934 αὐτοῦ
2649 2878 2784 2954 πρὸς
2837 2879 3302 2936 ΠΟΛΥΚΔΡΠΟΝ
3350 2876 3634 2952 Σμύρνης.

2194 2986 2405 3046 Πάντας
2463 2984 2712 3060 βάσταζε,
2782 2986 2856 3049 ὡς
2923 2986 3012 3041 καὶ
3077 3007 3135 3041 σε
3201 2986 3229 3040 ὁ
3290 2986 3513 3060 Κύριος.
3558 2987 3800 3042 Πάντων

2123 3073 2322 3151 ἀνέχου
2349 3073 2402 3129 ἐν
2433 3074 2630 3150 ἀσάπῃ·
2690 3081 3028 3151 προσευχαῖς
3087 3075 3327 3151 σχόλαζε
3378 3073 3800 3140 ἀδιαλείπτοις.

2124 3165 2294 3221 Αἷτοῦ
2346 3165 2555 3220 σύνεσιν
2609 3164 2840 3221 πλείονα
2881 3164 2946 3240 ᾖς
2996 3163 3165 3242 ἔχεις.
3222 3164 3508 3242 Γρηγόρει,
3542 3166 3802 3241 ἀκοίμηο

2120 3275 2216 3309 τον
2259 3250 2414 3327 ὄμμα
2445 3254 2796 3328 κεκτημένος.

2773 3547 2885 3603 Τοῦ
2914 3548 3104 3604 αὐτοῦ.

2198 3666 2416 3723 Πάντων
2448 3668 2544 3731 τὰς
2584 3669 2776 3731 νόσους
2830 3669 3081 3746 βάσταζε,
3135 3670 3210 3733 ὡς
3259 3670 3469 3734 τέλειος
3500 3671 3789 3747 ἀθλητής.

2123 3760 2296 3810 Ὅπου
2327 3755 2533 3811 πλείων
2562 3757 2756 3830 κόπος,
2814 3757 2960 3814 πολὺ
3011 3756 3220 3833 κέρδος.
3283 3758 3494 3823 Κᾶλοίις
3529 3766 3793 3835 μαθητὰς

2125 3845 2213 3903 ἐὰν
2247 3847 2437 3925 φιλῇς,
2490 3848 2653 3925 χάρις
2695 3871 2779 3905 σοι
2829 3849 2933 3905 οὐκ
2980 3846 3150 3907 ἔσται’
3211 3852 3422 3927 μᾶλλον
3455 3852 3588 3917 τοὺς
3618 3854 3787 3909 ἀπει-

2126 3937 2405 4012 θεστέρους
2463 3937 2513 3992 ἐν
2575 3941 2845 4013 πραότητι
2928 3939 3213 4000 ὑπότασσε.
3271 3941 3349 4001 Οὐ
3400 3948 3503 3998 πᾶν
3562 3948 3788 4018 τραῦμα

2122 4029 2190 4100 τῇ
2260 4025 2395 4101 αὐτῇ
2473 4025 2809 4105 ἐμπλάστρῳ
2885 4030 3255 4106 θεραπεύεται.
3330 4030 3476 4094 Τοὺς
3552 4035 3790 4107 1219050-

2123 4114 2295 4188 σμοὺς
2346 4110 2653 4193 ἐμϐροχαῖς
2704 4122 2861 4174 παῦε.
2923 4120 3023 4174 Διά
3076 4123 3244 4177 τοῦτο
3302 4121 3564 4197 σαρκικὸς
3605 4124 3656 4176 εἰ
3690 4122 3784 4176 καὶ

2121 4205 2506 4279 πνευματικὸς,
2559 4203 2651 4261 ’ίνα
2698 4207 2765 4262 τὰ
2821 4207 3124 4281 φαινόμενά
3180 4229 3265 4264 σοι
3335 4209 3412 4271 εἰς
3478 4211 3783 4284 πρόσωπον

2120 4293 2450 4370 κολακεόῃς·
2508 4295 2574 4350 τὰ
2614 4293 2671 4351 δὲ
2728 4295 2954 4371 ἀόρατα,
3010 4294 3146 4354 α’ίτει
3180 4298 3272 4355 ἳνα
3327 4320 3413 4354 σοι
3464 4302 3779 4377 φανερωθῇ,

2118 4383 2210 4439 ἳνα
2245 4380 2477 4457 μηδενὸς
2507 4383 2690 4460 λείπῃ.
3516 4392 3527 4395 ”

1431 4591 1563 4646 IDEM
1593 4590 1754 4657 ibid.,
1792 4592 1900 4647 litt.
1932 4611 1986 4662 υ,
2014 4593 2103 4648 tit.
2147 4608 2279 4661 xvn,
2311 4609 2445 4664 pag.
2480 4595 2603 4650 788.
2637 4595 2699 4649 Β.

497 4735 686 4797 Sancti
713 4739 948 4809 Ienun,
979 4754 1045 4793 ex
1073 4736 1314 4808 Epistola
1354 4737 1429 4795 ad
1465 4738 1855 4796 Ροιῖωιιιιιωι.

435 4941 532 4999 Sta
554 4940 713 4997 velut
732 4936 902 4998 incus
924 4956 1055 5013 quae
1078 4937 1428 5013 percutitur.
1454 4937 1645 5014 Magni
1668 4935 1901 4998 athleta
1922 4944 2013 4998 est

357 5031 653 5087 verberari
685 5038 743 5086 et
774 5031 1026 5088 vincere.
1050 5032 1300 5088 Maxime
1324 5036 1521 5088 autem
1552 5036 1794 5103 propter
1824 5031 2010 5086 Deum

356 5120 562 5178 omnia
589 5137 697 5177 nos
729 5120 1021 5177 sustinere
1053 5125 1305 5193 oportet,
1336 5125 1403 5176 ut
1431 5124 1490 5176 et
1533 5119 1659 5192 ipse
1692 5136 1802 5175 nos
1828 5119 2009 5175 susti-

356 5217 513 5268 neat.
546 5210 633 5266 Ad
664 5208 972 5282 Polycarp.
1006 5225 1131 5281 cap.
1164 5212 1216 5265 3.

2047 4741 2097 4806 Ι)
2131 4737 2244 4792 Τοῦ
2302 4735 2463 4812 ἁγίου
2522 4737 2993 4815 II‘NATlOIle
3072 4760 3173 4815 της
3226 4739 3364 4815 πρὸς
3421 4742 3776 4799 ΠΟΛΥΚΑΡ-

2678 4812 2825 4869 ΠΟΝ
2866 4810 3219 4882 Ἐπιστολῆς.

2116 4959 2125 4965 -
2191 4940 2371 5008 Στῆκε
2426 4937 2501 5000 ὡς
2550 4935 2740 5012 ἄκμων
2797 4939 3156 5014 τυπτόμενος.
3217 4939 3471 5016 Μεγάλου
3526 4940 3768 5011 ἀθλητοῦ

2120 5024 2230 5081 ἐστι
2286 5024 2524 5102 ὃέρεσθαι
2575 5027 2668 5083 καὶ
2726 5033 2901 5101 νικᾷν.
2957 5028 3215 5086 Μάλιστα
3269 5025 3329 5085 δὲ
3382 5025 3566 5084 ἕνεκεν
3614 5032 3763 5095 Θεοῦ,

2118 5116 2290 5172 πάντα
2338 5118 2485 5191 ἡμᾶς
2561 5117 2845 5192 ὑπομένειν
2890 5115 2991 5190 δεῖ,
3065 5118 3154 5175 ἳνα
3222 5117 3312 5174 καὶ
3388 5117 3552 5182 αὐτὸς
3620 5121 3761 5190 ἡμᾶς

2117 5206 2382 5282 ὒπομείνῃ
2395 5252 2407 5266 ,

1386 5360 1521 5415 IDEM
1548 5358 1711 5431 ibid.,
1746 5358 1850 5415 litt.
1887 5354 1939 5431 δ,
1990 5362 2081 5416 tit.
2122 5378 2315 5431 xxxxv,
2341 5378 2477 5432 pag.
2513 5364 2639 5430 778,
2671 5363 2731 5417 C.

496 5542 690 5598 Sancti
724 5541 953 5609 Ictum,
988 5557 1056 5595 ea:
1090 5538 1341 5611 Epistola
1379 5540 1451 5595 ad
1481 5539 1871 5596 POLYCABPUI'

436 5735 603 5789 Servi
635 5750 756 5789 non
784 5735 1122 5791 desiderent
1176 5755 1210 5792 a
1261 5740 1560 5796 communi
1603 5738 1777 5795 liberi
1834 5738 2004 5807 fieri;

2114 5541 2226 5599 Τοῦ
2285 5539 2437 5619 ἁγίου
2489 5542 2862 5619 ΙΓΝΑΤΙῼΥ,
2895 5540 2955 5599 ἐκ
3020 5550 3084 5619 τῇ

2674 5542 2839 5612 ΓΙΟΥ,
2895 5541 2955 5599 ἐκ
3020 5550 3123 5608 τῖς
3198 5544 3335 5621 πρὸς
3403 5541 3751 5603 ΠΟΛΥΚΔΡ-

2674 5615 2812 5673 OON
2851 5587 3207 5688 Ἐπιστολῆς.

2188 5732 2255 5790 Οἱ
2321 5729 2511 5788 δοῦλοι
2580 5733 2657 5808 μή
2725 5731 2996 5811 ἑράτωσαν
3059 5736 3164 5793 ἀπὸ
3216 5740 3401 5795 κοινοῦ
3440 5733 3739 5812 ἐλευθεροῦ·

3999 3180 4001 3253 l
