4004 6226
222 382 342 446 933

1473 383 1966 449 FRAGMENTA
2009 385 2383 447 GENUINA.

3517 384 3637 445 954

228 517 376 588 σθαι,
407 516 536 577 ἀλλ’
561 519 638 583 εἷς
667 514 821 588 δόξαν
850 519 948 572 τού
1005 515 1138 572 Θεοῦ
1187 514 1251 571 τὸ
1306 512 1499 570 πλεῖον
1549 511 1859 571 δουλευέτω

1994 517 2098 575 sed
2127 518 2202 574 ad
2231 516 2479 590 gloriam
2509 517 2613 573 Dei
2661 517 2848 589 magis
2897 516 3175 585 serviant,
3224 519 3291 571 ut
3340 514 3633 588 potiorem

226 629 346 679 σαν,
378 606 474 664 τίνα
530 607 839 684 κρείττονος
894 603 1202 683 ἐλευθερίας
1260 606 1365 661 ὑπὸ
1421 608 1557 661 Θεοῦ
1606 605 1869 681 τύχωσιν.

1980 607 2316 663 libertatem
2374 622 2408 663 a
2466 605 2587 662 Deo
2646 608 3108 675 consequantur.
3175 604 3255 660 Ad
3322 604 3629 677 Polycarp.

1982 713 2105 767 cap.
2138 698 2191 754 4.

1297 877 1429 931 Inuu
1458 873 1618 945 ibid.,
1653 873 1761 930 litt.
1796 891 1840 943 ε,
1874 874 1960 931 tit.
1994 890 2125 940 xm,
2150 888 2288 943 pag.
2321 875 2450 942 779,
2482 874 2546 927 D.

595 1052 690 1104 Ἐκ
714 1054 816 1125 τῆς
845 1048 981 1123 πρὸς
1015 1048 1502 1126 ΙῘΟΑΥΚΑΡΠΟΝ.

297 1154 397 1226 Τῷ
430 1151 730 1227 ¹ἐπισκόπῳ
786 1158 1106 1232 προσέχετε,
1160 1153 1250 1210 ’ἱνα
1305 1154 1395 1210 καὶ
1453 1154 1579 1227 ὑμῖν
1639 1153 1667 1207 ὁ
1724 1151 1877 1215 Θεός.

226 1242 372 1317 Ἐγὼ
448 1242 750 1319 ἆντίψυχον
839 1248 947 1298 τῶν
1034 1244 1487 1317 ὑποτασσομένων
1572 1242 1875 1313 ἐπισιύπῳ,

218 1324 621 1407 πρεσϐυτερίῳ,
683 1329 980 1396 διακόνοις·
1045 1335 1158 1407 μετ’
1213 1332 1390 1388 αὐτῶν
1444 1353 1539 1406 μοι
1585 1331 1648 1385 τὸ
1710 1327 1875 1407 μέρος

216 1418 467 1496 γένοιντο
498 1419 553 1476 ἐν
582 1426 718 1495 Θεῷ.
1506 1416 1509 1421 ⁴

2358 1045 2440 1099 Em
2467 1042 2711 1113 Epistola
2740 1041 2810 1097 ad
2839 1043 3233 1097 Pom'cmruu-

2057 1153 2345 1225 Episcopo
2377 1149 2685 1218 attendite,
2716 1153 2782 1203 ut
2810 1153 2869 1203 et
2896 1148 3049 1203 Deus
3088 1146 3269 1203 vobis.
3319 1147 3626 1203 Unanimis

1987 1260 2092 1316 ego
2126 1260 2257 1299 sum
2284 1258 2419 1298 cum
2450 1242 2522 1296 iis
2553 1240 2651 1311 qui
2687 1237 2935 1310 subjecti
2968 1242 3107 1292 sunt
3160 1236 3458 1308 episcopo,
3490 1254 3626 1307 pre-

1988 1333 2269 1404 sbyterio,
2310 1331 2610 1388 diaconis:
2644 1345 2777 1385 cum
2808 1327 2899 1382 his
2931 1342 3066 1398 pars
3092 1325 3240 1380 mihi
3274 1326 3350 1381 sit
3378 1325 3440 1380 in
3484 1327 3623 1383 Deo.

1987 1406 2420 1495 Ad‘Polycarp.
2455 1438 2576 1491 cap.
2614 1422 2665 1475 6.

1292 1595 1424 1650 Imm
1454 1595 1615 1662 ibid.,
1649 1595 1754 1651 litt.
1787 1614 1837 1665 υ,
1873 1596 1964 1651 tit.
1995 1610 2134 1658 xvn,
2158 1608 2290 1663 pag.
2325 1593 2450 1660 788,
2485 1592 2544 1646 Β.

817 1736 911 1792 Ἐκ
939 1741 1006 1805 τῆ
1019 1756 1044 1798 ς
1075 1734 1211 1803 αύτῆ
1219 1758 1262 1799 ς.

287 1861 706 1935 Μακροθυμεῖτε
762 1862 880 1934 μετ’
934 1859 1201 1932 ἀλλήλων
1261 1860 1311 1916 ἐν
1375 1873 1665 1940 πραΰτητι,
1718 1862 1792 1924 ὡς
1834 1863 1864 1918 ὁ

209 1951 342 2013 Θεὸς
379 1949 498 2025 μεθ’
532 1949 684 2024 ὑμῶν
714 1946 803 2005 διὰ
832 1950 1053 2014 παντός.

2632 1735 2716 1789 EI:
2745 1734 2950 1790 eadem.

2045 1862 2298 1917 Patienti
2332 1861 2531 1917 animo
2558 1860 2807 1915 invicem
2830 1876 2932 1914 vos
2958 1859 3106 1914 ferte
3124 1875 3259 1913 cum
3286 1864 3625 1913 mansuetu-

1891 1933 1936 1998 Β
1969 1950 2129 2021 dine,
2162 1951 2247 2006 uti
2281 1951 2434 2007 Deus
2464 1966 2566 2017 vos
2595 1964 2848 2020 semper.
2884 1949 2972 2004 Ad
3000 1947 3303 2020 Polycarp.
3339 1964 3463 2017 cap.
3496 1949 3549 2000 6.

1313 2129 1446 2184 Imm
1474 2124 1632 2194 ibid.,
1663 2124 1771 2179 litt.
1805 2140 1866 2198 χ,
1900 2126 1987 2181 tit.
2020 2138 2093 2194 ιν,
2121 2138 2256 2194 pag.
2290 2123 2416 2190 724,
2444 2123 2508 2178 Ε.

844 2283 1210 2340 ἰΓΝΑΤΙΟΥ.

275 2399 596 2472 Χριστιανὸς
650 2398 842 2456 ἑαυτοῦ
925 2397 1166 2471 ἐξουσίαν
1226 2400 1327 2455 οὐκ.
1374 2395 1513 2476 ἔχει,
1585 2397 1733 2458 ἀλλά
1780 2404 1859 2474 τῷ

212 2490 331 2559 Θεῷ
362 2484 646 2561 σχολάζει.

2665 2281 2898 2336 ΙοΝΑτιι.

2039 2406 2409 2463 Christianus
2439 2406 2529 2462 sui
2560 2405 2749 2478 ipsius
2778 2410 3131 2479 potestatem
3145 2421 3267 2462 non
3287 2404 3487 2470 habet,
3508 2404 3611 2461 sed

1974 2497 2092 2552 Deo
2122 2500 2306 2553 vacat.
2338 2496 2430 2553 Ad
2461 2494 2767 2567 Polycarp.
2800 2512 2926 2567 cap.
2955 2499 3009 2553 7.

1267 2640 1403 2705 Imm
1427 2636 1591 2708 ibid.,
1617 2640 1727 2695 litt.
1758 2657 1810 2709 α,
1847 2638 1937 2697 tit.
1970 2657 2156 2710 LXXVI,
2174 2657 2313 2712 pag.
2346 2644 2470 2713 772,
2503 2641 2569 2696 D.

211 2803 308 2860 Ἐκ
361 2808 463 2872 τῆς
519 2802 671 2879 πρὸς⁸
713 2803 1087 2879 ἘΦΕΣΙΟΥΣ
1162 2802 1497 2879 Ἐπιστολῆς
1552 2810 1650 2861 τοῦ
1706 2805 1863 2879 ἁγίου

632 2875 987 2932 ἸΓΝΑΤΙΟΥ
1014 2878 1110 2929 τοῦ
1142 2877 1442 2953 Θεοφόρου,

284 2977 506 3051 Μηδεὶς
546 2979 859 3037 πλανάσθω.
917 2981 1040 3038 Ἐὰν
1091 2984 1167 3055 μή
1215 3004 1300 3047 τις
1349 2982 1387 3058 ᾖ
1434 2983 1580 3048 ἐντὸς
1628 2989 1725 3041 τοῦ
1770 2963 1865 3040 ἀυ-

206 3068 557 3144 σιαστηρίου,
600 3071 899 3144 ὑστερεῖται
929 3074 1026 3126 τοῦ
1073 3070 1239 3147 ἄρτου
1288 3076 1390 3127 τοῦ
1439 3077 1594 3129 Θεοῦ.
1651 3073 1715 3130 El
1761 3074 1863 3149 γὰρ

210 3158 336 3223 ἐνὸς
375 3159 467 3213 καὶ
530 3156 780 3235 δευτέρου
834 3162 1118 3236 προσευχή
1175 3163 1445 3234 τοσαύτην
1504 3162 1664 3239 ἴσχὺν
1724 3162 1866 3240 ἔχει,

2063 2810 2148 2864 Ea:
2172 2810 2416 2882 Epistola
2443 2812 2518 2866 ad
2537 2813 2807 2867 Ernusws
2834 2813 3013 2867 sancti
3043 2810 3255 2865 IGNATII
3287 2809 3513 2878 Detferi.

2045 2990 2253 3047 Nullus
2282 2996 2459 3047 erret.
2494 2991 2551 3047 Si
2584 2991 2719 3063 quis
2747 3008 2866 3048 non
2925 2994 3014 3047 est
3054 2990 3212 3047 intra
3256 2989 3461 3052 altare,
3511 2986 3617 3043 Dei

1975 3096 2127 3151 pane
2153 3080 2437 3152 privatur.
2472 3081 2528 3136 Si
2589 3081 2750 3137 enim
2799 3081 2977 3137 unius
3024 3085 3083 3137 et
3132 3079 3377 3135 alterius
3427 3076 3616 3133 oratio

1976 3173 2206 3225 tantum
2236 3171 2472 3225 virtutis
2500 3170 2697 3236 habet,
2754 3175 2975 3243 quanto
3017 3169 3203 3243 magis
3253 3166 3511 3239 episcOpi
3562 3171 3623 3222 et

200 3248 368 3319 πόσῳ
430 3244 647 3320 μᾶλλον
696 3249 733 3319 ἢ
784 3269 843 3304 τε
895 3253 995 3304 τοῦ
1062 3248 1362 3305 ἐπισκόπου
1401 3251 1492 3306 καὶ
1542 3255 1721 3322 πάσης
1765 3257 1859 3318 τῆς

1982 3260 2169 3313 omnis
2199 3259 2527 3315 Ecclesiaa?
2582 3261 2691 3325 Qui
2741 3276 2878 3328 ergo
2923 3259 3103 3316 simul
3150 3274 3271 3314 non
3322 3255 3618 3320 convenit,

201 3336 592 3407 Ἐκκλησίαςς
650 3338 712 3394 Ὁ
768 3338 859 3393 οὖν
919 3340 996 3412 μή
1076 3338 1375 3414 ἐρχόμενος
1439 3339 1529 3397 ἐπὶ
1585 3342 1648 3397 τὸ
1706 3342 1861 3412 αὐτὸ,

1974 3347 2071 3402 hic
2092 3348 2219 3419 jam
2248 3348 2538 3419 superbus
2569 3355 2676 3416 est,
2709 3366 2778 3404 ac
2808 3364 2871 3404 se
2900 3349 3094 3421 ipsum
3126 3346 3431 3420 diiudicat.
3462 3343 3619 3399 Scri-

199 3425 366 3486 οὗτος
426 3422 535 3497 ἢδη
597 3426 949 3502 ὑπερηφανεῖ,
1006 3427 1095 3482 καὶ
1154 3429 1340 3483 ἑαυτὸν
1418 3426 1700 3505 διακρίνει.
1757 3430 1854 3485 Γέ-

1982 3442 2139 3506 ptum
2171 3441 2262 3491 est
2289 3436 2488 3491 enim:
2522 3439 2662 3493 Deus
2717 3436 2961 3509 superbis
3009 3437 3235 3492 resistit.
3284 3434 3376 3492 Ad
3422 3432 3617 3505 Ephe-

709 3516 1100 3595 ’Υπερηφάνοις
1167 3517 1196 3571 ὁ
1262 3518 1393 3580 Θεὸς
1458 3518 1851 3575 ἀντιτάσσεται.

197 3534 444 3591 γραπται
538 3512 614 3571 δέ’

1972 3524 2112 3589 sios,
2143 3540 2264 3595 cap.
2299 3527 2351 3580 5.

1255 3664 1386 3720 lonn
1412 3665 1577 3741 ibid.,
1611 3665 1719 3721 litt.
1751 3683 1797 3736 ε,
1830 3668 1915 3722 tit.
1946 3683 2139 3738 xum,
2162 3683 2299 3738 pag.
2328 3670 2453 3736 779,
2483 3668 2550 3723 D.

746 3795 888 3870 Πρὸς
917 3760 1306 3853 Ἐφεὲιοιέ.

285 3925 695 4002 Σπουδάσωμεν
756 3929 832 4003 μή
923 3929 1328 3995 ἀντιτάσσεσθαι
1407 3930 1485 4003 τῷ
1556 3928 1855 4005 ἒπισκοπῳ,

188 4013 295 4070 *ἶνα
329 4016 479 4089 ὦμεν
511 4020 627 4087 Θεῷ
682 4016 1134 4091 ὑποτασσόμενοι.
1195 4018 1293 4073 Καὶ
1350 4018 1472 4073 ὅσον
1534 4018 1723 4096 βλέπει
1774 4042 1856 4082 τις

195 4110 447 4183 σιγῶντα
497 4105 815 4179 ἐπίσκοπον,
875 4106 1040 4163 πλέον
1103 4107 1261 4164 αὐτὸν
1320 4104 1614 4174 φοϐείσθω.
1676 4111 1857 4165 Πάντα

185 4198 301 4274 γὰρ
333 4196 392 4253 ὅν
426 4196 630 4270 πέμπει
664 4199 691 4253 ὁ
723 4195 1113 4270 οἰκοδεσπότης
1174 4198 1249 4262 εἷς
1309 4198 1449 4256 ἰδίαν
1510 4200 1852 4275 οἰκονομίαν,

184 4286 376 4349 οὕτως
414 4283 497 4341 δεῖ
525 4290 671 4361 ἡμᾶς
723 4285 997 4362 δέχεσθαι,
1056 4288 1131 4351 ὠς
1185 4289 1349 4345 αὐτὸν
1404 4290 1497 4344 τὸν
1546 4287 1850 4363 πέμποντα.

181 4380 295 4433 Τὸν
328 4379 464 4452 γοῦν
496 4375 814 4451 ἐπίσκοπον,
842 4377 916 4440 ὡς
947 4377 1108 4446 αύτέν
1167 4378 1262 4434 τὸν
1317 4380 1512 4454 Κύριον
1544 4376 1637 4443 ,δεῖ
1682 4400 1853 4455 προσ-

187 4461 444 4523 ϐλέπειν.

2580 3803 2664 3857 Ad
2689 3802 2978 3858 Epnnsms.

2038 3934 2288 4007 Operam
2322 3952 2634 4007 ponamus,
2664 3940 2731 3992 ut
2759 3952 2879 3992 non
2909 3935 3184 4006 episcopo
3240 3934 3610 4001 resistamus,

1966 4030 2031 4080 ut
2061 4025 2245 4080 simus
2277 4026 2395 4080 Deo
2428 4024 2700 4097 subjecti.
2744 4026 2815 4080 Et
2866 4041 2982 4097 quo
3030 4025 3217 4097 magis
3266 4023 3608 4095 episcopum

1966 4118 2257 4170 tacentem
2283 4114 2414 4186 quis
2440 4114 2614 4170 videt.
2644 4131 2713 4170 eo
2739 4113 2872 4186 plus
2903 4114 3096 4185 ipsum
3118 4113 3325 4168 timeat
3360 4111 3609 4166 Omnem

1966 4204 2124 4258 enim
2158 4220 2333 4274 quem
2361 4204 2789 4275 paterfamilias
2810 4203 2883 4259 ad
2908 4218 3077 4258 suam
3101 4200 3608 4275 dispensationem

1963 4292 2166 4359 mittit,
2203 4292 2286 4347 sic
2316 4309 2424 4348 nos
2456 4297 2688 4364 oportet
2715 4292 2977 4365 recipere
3011 4290 3167 4347 velut
3205 4292 3397 4363 ipsum
3428 4306 3461 4345 a
3494 4304 3609 4361 quo

1965 4383 2236 4439 mittitur.
2268 4383 2591 4457 Episcopus
2623 4384 2820 4456 itaque
2853 4383 3037 4456 aspici
3070 4382 3243 4439 debet
3270 4382 3357 4438 uti
3410 4381 3612 4436 Domi-

1965 4489 2078 4528 nus
2110 4473 2257 4545 ipse.
2290 4474 2382 4528 Ad
2408 4473 2621 4545 Ephes.
2655 4490 2815 4545 capp.
2849 4475 2882 4528 5
2910 4479 2962 4528 et
2991 4474 3044 4527 6.

263 4605 372 4661 Hic
409 4605 597 4678 locus,
628 4606 939 4665 nonnullis
969 4606 1247 4681 demptis,
1280 4606 1527 4680 aliisque
1558 4608 1767 4665 leviter
1794 4608 2141 4679 immutatis,
2173 4609 2433 4666 occurrit
2462 4609 2705 4681 ibidem,
2736 4624 2868 4683 pag.
2901 4611 3026 4678 750,
3056 4608 3126 4665 D.

1254 4755 1385 4809 Innu
1415 4754 1576 4819 ibid.,
1607 4754 1716 4810 litt.
1748 4772 1801 4825 α,
1834 4755 1923 4811 tit.
1953 4771 2136 4825 LXXVI,
2160 4770 2297 4826 pag.
2325 4756 2449 4821 772,
2480 4755 2541 4810 C.

191 4916 297 4972 Ἐκ
355 4918 458 4983 τῆς
508 4912 657 4988 πρὸςΔ
701 4912 1072 4988 {segniora
1125 4910 1460 4988 Ἐπιστολῆς
1514 4914 1613 4966 τοῦ
1695 4909 1852 4987 ἁγίου
1881 4915 1928 4980 D

623 4985 973 5042 ’ll‘NATlOl‘
995 4987 1092 5039 τοῦ
1123 4986 1419 5061 Θεοφόρου.

262 5109 410 5172 Τοὺς
445 5108 749 5184 μερισμοὺς
785 5107 1028 5187 ιρεύγετε,
1079 5107 1155 5170 ὠς
1212 5106 1392 5184 ἀρχὴν
1424 5109 1643 5166 ’κακῶν.
1697 5107 1838 5165 Elaﬁ-

195 5198 321 5263 θασί
345 5218 487 5260 τινες
521 5194 672 5270 δόλῳ
719 5200 952 5271 πονηρῷ
1001 5196 1065 5251 τὸ
1111 5190 1287 5269 ὄνομα
1334 5198 1577 5271 Χριστοῦ
1624 5195 1846 5277 περιφέ-

195 5309 338 5365 ρειν,
387 5286 534 5343 ἄλλα
586 5288 709 5343 τινὰ
762 5285 1090 5360 πράσσοντες
1166 5286 1351 5356 ἀνάξια
1399 5291 1555 5357 Θεοῦ,
1614 5287 1706 5349 οὕς
1764 5285 1847 5341 δεῖ

194 5379 341 5453 ὑμᾶς
372 5378 451 5440 ὡς
481 5375 648 5451 θηρία
676 5373 961 5432 ἐκκλίνειν.
1017 5374 1135 5432 Εἰσί
1181 5374 1286 5451 γὰρ
1336 5376 1490 5438 κύνες
1538 5373 1842 5437 λυσσῶντες

180 5463 582 5542 λαθρόδηκταιο
620 5464 712 5528 οὕς
742 5461 826 5521 δεῖ
876 5464 1014 5538 ὑμᾶς
1067 5464 1455 5542 φυλάσσεσθαι,
1510 5460 1668 5529 ὄντας
1713 5462 1841 5521 δυσ-

180 5555 568 5631 θεραπεύτους.

2049 4916 2134 4969 Ea:
2161 4910 2344 4967 sancti
2374 4910 2589 4967 IGNA'I'II
2616 4908 2823 4980 Deiferi
2850 4909 3094 4980 Epistola
3122 4909 3196 4966 ad
3223 4909 3515 4967 Ernssxos.

2025 5111 2228 5183 Fugite
2270 5109 2612 5175 divisiones,
2665 5110 2756 5167 uti
2814 5109 3110 5167 malorum
3152 5108 3343 5165 initia.
3401 5106 3604 5162 Solent

1954 5200 2139 5273 aliqui
2173 5202 2328 5258 malo
2359 5201 2493 5256 dolo
2524 5199 2740 5257 Christi
2772 5218 2993 5258 nomen
3051 5198 3453 5266 circumferre,
3486 5194 3600 5251 alia

1953 5293 2222 5361 quaedam
2252 5293 2497 5365 indigna
2544 5294 2664 5350 Deo
2717 5293 3093 5358 iactitantes;
3143 5306 3178 5345 a
3227 5287 3445 5360 quibus
3493 5301 3598 5341 vos

1951 5389 2186 5452 Oportet
2214 5389 2497 5454 tanquam
2529 5402 2564 5439 a
2590 5384 2734 5439 feris
2754 5382 3075 5438 declinare.
3108 5380 3256 5435 Sunt
3285 5378 3444 5433 enim
3500 5392 3597 5435 ra.-

1950 5469 2100 5526 biosi
2131 5488 2308 5528 canes
2337 5472 2488 5528 clam
2522 5474 2862 5529 mordentes
2888 5489 2901 5526 :
2933 5488 2967 5527 a
2997 5470 3215 5543 quibus
3243 5485 3345 5524 vos
3368 5464 3598 5525 debetis

1949 5575 2176 5627 cavere,
2208 5575 2318 5618 ceu
2360 5562 2462 5633 qui
2508 5561 2748 5619 difﬁcile
2796 5563 3236 5618 mansuescent.
3266 5558 3361 5615 Ad
3381 5556 3595 5631 Ephes.

1948 5666 2073 5720 cap.
2103 5652 2156 5704 7.

253 5787 345 5851 Ad
372 5790 534 5854 hunc
563 5785 761 5848 locum
790 5788 874 5857 Cl.
906 5786 1145 5859 Laevum
1174 5789 1418 5857 adnotat
1447 5789 1645 5852 minus
1674 5793 1855 5860 recte,

1982 5788 2065 5848 'ba
2092 5789 2224 5861 ista,
2256 5787 2383 5852 τοὺς
2415 5785 2983 5873 μερισμοῦςῆφεύγετε,
3024 5789 3098 5853 ὡς
3145 5787 3327 5868 ἀρχὴν
3376 5792 3583 5863 κακῶν,

3989 4679 3996 4730 ἲ

3989 4771 3998 4824 .’

3987 4959 3994 4990 ἱ

3985 5007 3994 5092 i

3985 5367 3990 5388 ι

3981 5683 3994 5744 ξ.

3979 5745 3988 5870 ’f
