4004 6226
240 423 373 513 .91"

1486 418 1985 500 .FRAQMEHTA
2025 421 2409 499 GENUINA«

3546 422 3666 497 ρει

256 559 392 613 Θεοῦ
423 554 491 610 οὗ
536 553 1076 627 κληρονομήσουσιν.
1144 553 1207 610 Εἰ
1268 554 1360 607 οὗν
1421 553 1472 609 οἱ
1535 554 1673 608 κατὰ
1728 553 1898 624 σάρκα
1940 561 1954 617 Α

2033 570 2145 612 rum
2175 571 2423 628 regnum
2447 553 2550 610 Dei
2581 570 2701 609 non
2732 551 3209 626 possidebunt.Si
3255 570 3392 628 ergo
3418 555 3519 627 qui
3547 555 3679 611 hmo

252 649 422 701 ταῦτα
453 642 757 718 πάσχοντες
799 643 1163 713 ἀπέθνησκον,
1218 642 1372 714 πόσῳ
1430 640 1528 713 μᾶ)
1545 643 1641 713 λον
1672 640 1761 697 ἐὰν
1808 641 1908 698 πί-

255 756 373 791 στιν
409 734 462 789 ἐν
495 729 964 803 κακοόιδασκαλίᾳ
1014 738 1199 810 φθερεῖ
1238 733 1371 805 Heg.
1406 729 1647 806 φιιεὲρς,],
1680 731 1811 803 ὐπὶρ
1844 731 1909 801 ἧς

252 827 471 895 Ἰησοῦς
531 823 767 899 Χριστὸς
852 822 1219 896 ἕσταυρώυη;
1285 823 1404 876 Ὅτι
1457 821 1615 881 οὗτος
1674 821 1913 896 ῥυπαρὸς

252 915 573 990 γενόμενος,
607 912 685 979 εἰς
711 912 773 971 τὸ
806 916 912 989 πῦρ
942 913 1005 969 τὸ
1062 906 1319 973 ἄσϐεστον
1379 911 1650 986 χωρήσει⁹
1707 910 1915 983 ὁμοίως

253 1005 351 1061 καὶ
383 1006 412 1061 6
441 1003 665 1060 ἀκονων
695 1001 880 1060 αὐτοῦ.

2023 645 2350 701 secundum
2382 661 2625 701 carnem
2645 645 2965 716 patiuntur,
2992 645 3208 698 mortui
3236 651 3372 700 sunt
3396 662 3410 712 ;
3445 653 3668 717 quanto

2024 736 2210 808 magis
2241 736 2289 791 si
2322 736 2501 792 fidem
2531 735 2726 795 aliena
2757 735 3024 791 doctrina
3065 733 3395 796 labefactat.
3426 743 3669 809 prepter

2025 840 2203 895 quam
2231 826 2397 880 Jesus
2438 824 2704 879 Christus
2733 822 3048 880 crucifixus
3079 828 3168 879 est
3194 823 3539 888 ?-Quoniam
3573 825 3668 881 hic

2023 917 2330 970 contracta
2359 912 2557 983 sorde,
2609 913 2672 969 in
2724 913 2923 986 ignem
2981 913 3404 969 inexslinctum
3460 913 3667 984 abibit,

2023 1002 2532 1073 quemadmodum
2562 1002 2617 1058 ei
2660 1002 2763 1073 qui
2793 1003 2989 1075 ipsum
3010 1002 3299 1063 ausculat.
3318 1002 3424 1069 .Ad
3449 1002 3667 1075 Ephes.

2024 1107 2146 1165 cap.
2174 1091 2261 1150 16.

1185 1267 1320 1324 lanx
1348 1265 1511 1339 ibid,
1541 1266 1649 1323 litt.
1682 1283 1727 1335 ε,
1755 1266 1843 1325 ιιι.
1875 1281 2064 1340 mnu,
2088 1285 2227 1341 pag.
2260 1272 2385 1341 779,
2410 1270 2475 1342 E,
2507 1271 2634 1343 780,
2662 1271 2736 1327 Δ.

620 1458 736 1515 Τοῦ
762 1455 932 1513 αὐτοῦ
961 1456 1097 1532 πρὸς
1127 1457 1544 1515 ΜΑΓΝΣΙΟΥΣ.

328 1573 428 1638 Εἰς
456 1574 626 1648 τιμὴν
655 1578 795 1631 Θεοῦ
823 1577 923 1631 τοῦ
950 1570 1279 1646 θελήσαντος
1322 1575 1496 1649 ἡμᾶς,
1527 1573 1732 1652 πρέπον
1765 1569 1907 1630 ἒστὶν

259 1662 687 1737 ὑπακοόειγ“.τῷ
751 1661 1034 1738 ἕπισκόπῳ
1081 1667 1218 1731 κατὰ
1268 1661 1545 1739 μηδεμίαν
1599 1663 1907 1741 ὑποκρισιν.

252 1754 411 1813 Ἐπεὶ
444 1752 575 1830 οὐχὶ
603 1753 698 1810 τὸν
728 1749 1026 1810 ἐπισκόπον
1058 1758 1254 1810 τοῦτον
1282 1754 1374 1809 τὸν
1398 1753 1740 1830 βλεπόμενον
1762 1752 1910 1810 πλα-

249 1847 319 1915 νᾷ
356 1862 469 1911 τις,
496 1842 646 1900 ἀλλὰ
671 1843 766 1899 τὸν
796 1843 1030 1918 ἀόρατον
1060 1840 1485 1920 παραλογίζεται
1515 1843 1665 1902 Θεόν.
1708 1846 1802 1916 Τῷ
1850 1841 1911 1898 δὲ

248 1931 519 2005 τοιούτῳ,
549 1931 612 1988 οὐ
648 1931 783 2007 πρὸς
816 1931 988 2007 σάρκα
1016 1932 1046 1986 6
1077 1930 1268 2008 λόγος,
1299 1930 1447 1987 ἀλλά
1474 1932 1612 2007 πρὸς
1658 1932 1788 1988 Θεὸν
1815 1932 1907 1988 τὸν

247 2021 319 2077 τὰ
347 2021 561 2096 κρυπτά
588 2018 791 2080 εἰδότα.
823 2019 1034 2095 Πρέπον
1069 2021 1160 2076 οὗν
1187 2020 1326 2094 ἐστι,
1382 2022 1458 2096 μή
1519 2020 1685 2096 μόνον
1717 2020 1909 2080 καλεῖ-

2473 1460 2735 1531 Ejusdem
2757 1461 2832 1517 ad
2868 1463 3209 1520 MAGNESIOS.

2092 1577 2159 1631 In
2200 1575 2492 1633 honorem
2541 1577 2643 1634 Dei
2675 1578 2775 1650 qui
2834 1594 2943 1635 nos
2973 1579 3117 1645 vult,
3151 1579 3371 1636 decens
3421 1583 3511 1636 est
3556 1596 3666 1636 nos

2022 1666 2299 1739 episcopo
2343 1666 2476 1722 sine
2513 1666 2917 1726 simultatione
2948 1669 3215 1737 obedire,
3242 1669 3396 1736 Quia
3442 1684 3669 1741 nequa-
3714 1714 3729 1725 .

2021 1770 2199 1827 quam
2232 1754 2577 1828 episcopum
2607 1756 2766 1814 hunc
2795 1758 2896 1829 qui
2927 1757 3118 1815 oculis
3147 1757 3396 1826 videtur,
3422 1757 3670 1814 seducit

2021 1844 2338 1916 quispiam,
2368 1844 2472 1901 sed
2503 1845 2862 1903 invisibilem
2887 1848 3073 1904 Deum
3096 1847 3301 1903 fallere
3322 1852 3509 1919 putat.
3541 1846 3665 1902 Tali

2019 1939 2217 1990 autem
2250 1934 2395 2003 viro,
2431 1951 2551 1990 non
2611 1936 2686 1991 ad
2741 1953 2980 1993 carnem
3027 1953 3222 1993 sermo
3272 1941 3386 2003 est,
3433 1936 3538 1992 sed
3588 1935 3661 1991 ad

2023 2025 2205 2079 Deum
2237 2024 2338 2095 qui
2372 2025 2605 2081 occulta
2641 2025 2850 2082 cernit.
2883 2027 3170 2093 Quocirca
3196 2032 3663 2083 consentaneum

252 2112 378 2166 σθαι
409 2111 797 2184 Χριστιανοὺς,
829 2108 976 2166 ἀλλὰ
1017 2111 1108 2166 καὶ
1167 2108 1329 2166 εἶναι·
1389 2108 1576 2187 ὥσπερ
1636 2110 1725 2166 καί
1770 2111 1954 2176 τινες1

2033 2120 2132 2185 est,
2155 2120 2221 2171 ut
2243 2131 2363 2170 non
2393 2114 2586 2170 solum
2609 2100 2928 2172 Christiani
2948 2132 3245 2180 vocemur.
3259 2132 3461 2173 verum
3482 2116 3664 2171 etiam

251 2198 557 2256 ἐπίσκοπον
594 2201 690 2274 μὶν
718 2197 1002 2271 καλοῦσιν,
1046 2199 1225 2276 χωρὶς
1253 2198 1309 2255 δὲ
1339 2200 1505 2256 αὐτοῦ
1533 2202 1706 2256 πάντα
1736 2201 1907 2278 πράσ-

254 2310 466 2346 σουσιν.
497 2290 567 2349 Οἱ
594 2293 836 2346 τοιοῦτοι
886 2289 986 2345 οὐκ
1014 2286 1392 2361 εὐσυνείδητοι
1453 2311 1546 2363 μοι
1597 2289 1904 2370 φαίνοντα-ι,

251 2376 351 2435 διὰ
375 2380 441 2435 τὸ
484 2380 559 2454 μὴ
604 2373 839 2454 βεϐαίως
858 2380 976 2435 κατ’
1005 2375 1234 2449 ἐντολὴν
1267 2379 1725 2454 συναθροίζεσθαι.

2021 2205 2209 2260 simus
2234 2222 2248 2273 ;
2271 2221 2389 2276 quo
2412 2205 2815 2277 nempemodo
2847 2206 3033 2277 aliqui
3052 2207 3392 2279 episcopum
3425 2205 3665 2278 quidem

2024 2299 2250 2367 vocant,
2289 2298 2504 2351 cuncta
2530 2311 2666 2353 vero
2699 2295 2827 2352 sine
2859 2296 2987 2368 ipso
3018 2302 3325 2370 peragunt.
3365 2296 3533 2352 Tales
3564 2312 3666 2352 au-

2020 2390 2143 2441 tem
2168 2384 2314 2441 mihi
2348 2383 2518 2441 home
2540 2385 2919 2442 conscientia:
2940 2402 3061 2442 non
3078 2402 3206 2442 esse
3228 2385 3671 2458 videntumquia

2023 2491 2147 2531 non
2179 2473 2433 2530 firmiter
2460 2474 2789 2532 secundum
2840 2475 3185 2532 mandatum
3239 2481 3672 2550 congregantur

2019 2564 2106 2633 Ad
2132 2564 2391 2637 Magnes.
2433 2580 2594 2636 capp.
2625 2566 2656 2619 3
2682 2567 2736 2620 et
2764 2564 2818 2621 4.

1434 2779 1570 2835 Innx
1598 2776 1759 2851 ibid.,
1792 2794 1916 2851 cap.
1949 2774 2079 2852 Περὶ
2106 2770 2493 2856 φιλαδελφίας.

340 2942 545 3008 Πάντες
572 2944 871 3019 ὀμοήθειαν
905 2948 1039 3000 Θεοῦ
1069 2940 1352 3016 λαϐόντες,
1386 2943 1677 3018 ἀλλήλους
1731 2942 1912 3024 ἐντρέ-

258 3036 448 3105 πεσθε,
479 3034 569 3090 καὶ
604 3032 800 3109 μηδεὶς
838 3033 975 3090 κατὰ
1003 3033 1173 3109 σάρκα
1206 3032 1455 3111 βλεπέτω
1507 3036 1600 3091 τὸν
1648 3034 1909 3109 πλησίον,

253 3122 390 3180 ἀλλ’
413 3121 467 3179 ἐν
497 3124 715 3202 Χριστῷ
735 3121 1020 3196 ἀλλήλους
1048 3120 1338 3188 διαπαντὸς
1367 3124 1624 3203 ἀγαπᾶτε.

2094 2948 2312 3009 Omnes
2343 2947 2831 3019 acceptisiisdem
2852 2946 3065 3004 divinis
3097 2946 3383 3017 moribus,
3415 2962 3516 3002 vos
3547 2957 3673 3000 mu-

2022 3040 2123 3092 tuo
2150 3035 2538 3093 revereamini
2563 3053 2577 3105 ;
2611 3042 2672 3093 et
2700 3054 2875 3094 nemo
2908 3037 3237 3095 secundum
3259 3051 3501 3093 carnem
3533 3050 3669 3107 spe-

2022 3130 2140 3181 ctet
2168 3126 2526 3198 proximum,
2562 3126 2667 3189 sed
2688 3127 2750 3185 in
2774 3128 3007 3185 Christo
3032 3144 3133 3185 vos
3153 3126 3404 3199 invicem
3436 3139 3673 3197 semper

2022 3217 2267 3283 diligite.
2296 3220 2388 3275 Ad
2416 3222 2671 3294 Magnes.
2696 3238 2819 3294 cap.
2853 3224 2906 3279 6.

331 3376 471 3434 Hec
497 3377 710 3435 recitat
728 3377 1069 3441 Commius
1098 3375 1160 3432 in
1191 3377 1351 3435 notis
1407 3378 1482 3435 ad
1538 3380 1699 3437 hunc
1752 3379 1971 3446 locum,
2005 3396 2075 3437 ex
2101 3380 2391 3438 Paraltelis
2447 3385 2923 3457 Rupefucatdinis,
2957 3388 3101 3451 tunc
3156 3382 3354 3445 adhuc
3402 3378 3666 3461 ineditis,

246 3464 591 3542 descripta;
625 3484 759 3563 quea
790 3472 992 3525 tamen
1022 3467 1227 3525 omisit
1254 3468 1317 3524 in
1347 3469 1633 3549 praeclara
1663 3486 1769 3545 sua
1798 3469 2058 3527 editione
2079 3469 2160 3527 Cl.
2197 3470 2459 3535 LEQUIEN.
3120 3465 3123 3468 ’

1295 3625 1428 3685 [au
1457 3627 1618 3697 ibid.,
1652 3626 1760 3684 litt.
1794 3645 1838 3697 ε,
1872 3627 1961 3684 tit.
2003 3640 2197 3695 xum,
2234 3642 2373 3699 pag.
2406 3630 2532 3700 780,
2563 3631 2632 3687 Α.

854 3783 953 3843 Ἐκ
980 3788 1081 3854 τῆς
1121 3781 1310 3854 αὐτῆς.

326 3904 514 3979 Μηδὶν
559 3905 697 3965 ἔστω
748 3907 800 3964 ἐν
855 3907 983 3982 ὀμῖν
1038 3908 1068 3963 ὃ
1128 3905 1415 3980 δυνήσεται
1477 3909 1618 3982 ὑμᾶς
1668 3907 1907 3984 μερίσαι,

244 4002 389 4060 ἀλλ’
416 4004 649 4075 ἕνώθητε
675 4007 757 4076 τῷ
788 4002 1069 4077 ἐπισκόπῳ
1115 4004 1207 4059 καὶ
1270 4009 1389 4068 τοῖς
1445 4004 1909 4078 προκαθημένοις,

248 4092 336 4157 εἰς
370 4091 537 4149 τόπον
568 4093 659 4149 καὶ
690 4089 927 4169 διδαχὴν
983 4092 1305 4172 ἀφθαρσίας.
1355 4098 1561 4169 Ὥσπερ
1617 4092 1709 4148 οὗν
1739 4093 1767 4147 6
1794 4090 1907 4149 Κύ-

247 4202 376 4260 ριος
406 4184 567 4257 ἡμῶν
599 4179 722 4239 ἄνευ
753 4186 850 4238 τοῦ
882 4182 1095 4258 Πατρὸς
1142 4179 1294 4239 οὒδὲν
1350 4176 1625 4255 ἐποίησεν,
1680 4179 1809 4238 οὔτε
1838 4178 1911 4239 δι’

242 4276 468 4344 ἑαυτοῦ,
508 4272 633 4330 οὕτε
672 4270 764 4329 διὰ
792 4276 903 4329 τῶν
932 4272 1284 4347 ἀποστόλων,
1317 4271 1489 4332 οὕτως
1551 4268 1692 4347 μηδὲ
1752 4272 1911 4347 ὑμεῖς

241 4362 380 4420 ἄνευ
406 4367 509 4420 τοῖ’)
540 4360 840 4419 ἑπισκόπου
875 4360 1044 4438 μηδὲν
1075 4362 1361 4436 πράσσετε,
1418 4359 1559 4438 μηδὲ
1605 4362 1905 4439 πειράσητε

242 4449 481 4531 εὔλογόν
510 4473 567 4509 τι
598 4451 874 4531 φαίνεσθαι
907 4449 1021 4526 ἰδίᾳ
1049 4452 1200 4526 ὑμῖν.

2673 3792 2760 3849 κω
2795 3788 3006 3849 eadem.

2089 3910 2243 3967 Nihil
2274 3911 2351 3967 sit
2380 3911 2442 3968 in
2464 3911 2627 3969 vobis
2659 3911 2817 3984 quod
2837 3928 2938 3967 vos
2968 3909 3310 3983 disjungere
3343 3913 3539 3982 queat,
3559 3906 3662 3965 sed

2019 4001 2381 4074 cepulamini
2411 4018 2545 4058 cum
2576 4002 2851 4075 episcopo
2882 4006 2940 4057 et
2968 4000 3041 4056 iis
3064 3999 3166 4073 qui
3194 3999 3534 4072 praesident,
3568 4015 3662 4055 se-

2020 4091 2280 4147 cundum
2297 4108 2570 4167 normam
2587 4097 2647 4147 et
2666 4091 2996 4149 doctrinam
3014 4089 3498 4163 incorruptionis.
3521 4090 3663 4155 Que-

2019 4180 2401 4238 madmodum
2418 4181 2598 4255 igitur
2617 4182 2906 4238 Dominus
2936 4186 3140 4238 noster
3160 4180 3313 4236 nihil
3337 4180 3466 4236 sine
3491 4181 3663 4235 Patre

2017 4271 2218 4346 gessit,
2252 4288 2445 4344 neque
2471 4289 2578 4345 per
2605 4272 2893 4345 seipsum,
2924 4287 3121 4344 neque
3180 4287 3288 4344 per
3324 4269 3661 4343 apostolos;

2020 4362 2104 4418 sic
2116 4378 2308 4434 neque
2329 4378 2430 4418 vos
2452 4362 2582 4419 sine
2601 4362 2878 4436 episcopo
2892 4367 2950 4418 et
2966 4360 3331 4435 presbyteris
3349 4358 3666 4432 quidquam

2018 4452 2242 4526 agatis;
2274 4469 2471 4525 neque
2498 4452 2743 4513 tentetis
2772 4451 3079 4525 quidpiam
3109 4450 3270 4523 quod
3299 4448 3461 4506 vobis
3499 4465 3664 4506 seor-

2019 4543 2400 4616 Sim-mquum
2421 4547 2722 4617 appareat.
2752 4542 2838 4600 Ad
2873 4542 3127 4617 Magnes.
3160 4556 3285 4611 cap.
3308 4541 3340 4595 6
3368 4544 3421 4596 et
3444 4541 3497 4595 7.

1321 4688 1457 4745 Iona
1486 4687 1650 4758 ibid.,
1690 4686 1804 4745 litt.
1833 4706 1895 4757 π,
1928 4689 2017 4744 tit.
2048 4704 2181 4762 xxv,
2206 4706 2342 4764 pag.
2377 4691 2501 4760 785,
2534 4690 2595 4755 (ἶ.

475 4848 570 4907 Ἐκ
608 4852 708 4918 τῆς
748 4846 886 4924 πρὸς
913 4846 1381 4924 ἕΛΥΝῌξΙΟΥΣ
1409 4849 1508 4905 τοῦ
1535 4841 1704 4915 αὺτοῦ

913 4917 1264 4984 Ἐπιστολῆς.
1510 4930 1511 4933 ‘
1598 4930 1605 4935 ‘

331 5028 610 5100 Μάθωμεν
668 5024 805 5081 κατὰ
869 5026 1299 5100 Χριστιανισμὸν
1358 5029 1456 5100 ζῇν
1490 5068 1505 5084 .
1564 5026 1751 5088 Ὅστις
1805 5026 1909 5101 γὰρ

253 5118 423 5191 ἄλλῳ
455 5116 681 5190 ὀνόματι
711 5112 960 5171 καλεῖται
998 5114 1188 5171 πλεῖον
1247 5113 1465 5186 τούτου,
1524 5114 1625 5170 οὑκ
1675 5108 1787 5169 ἔστι
1812 5118 1909 5171 τοῦ

251 5212 415 5266 Θεοῦ.

2269 4850 2355 4911 Ea:
2384 4850 2641 4925 Epistula
2678 4848 2923 4919 ejusdem
2965 4847 3041 4903 ad
3069 4844 3410 4903 Macnasxos.

2094 5028 2399 5084 Discamus
2429 5026 2759 5084 secundum
2780 5026 3297 5084 Christianismum
3316 5024 3531 5080 vivere.
3554 5021 3663 5088 Qui

2022 5118 2183 5179 enim
2212 5118 2328 5183 alio
2349 5118 2507 5177 ultra
2532 5118 2777 5183 nomine
2806 5121 3067 5186 vocatur,
3102 5130 3225 5173 non
3271 5118 3376 5177 est.
3415 5111 3543 5173 Dei.
3573 5112 3666 5168 Ad

2019 5210 2278 5284 Magnes.
2311 5225 2433 5284 cap.
2472 5212 2560 5267 10.

1316 5382 1450 5439 IDEM
1481 5383 1659 5453 ibid.,
1692 5384 1801 5442 litt.
1833 5404 1879 5457 ε,
1904 5388 1988 5447 tit.
2013 5405 2202 5453 xmu,
2220 5405 2359 5460 pag.
2391 5389 2514 5458 780,
2545 5389 2605 5444 Β.

912 5531 1022 5590 Τοῦ
1053 5531 1238 5593 αὐτοῦ.

323 5671 495 5729 Τέκνα
525 5666 707 5748 φωτὸς
736 5662 1022 5737 ἀληθείας,
1064 5666 1284 5745 φε·3γετε
1339 5667 1431 5724 τὸν
1488 5667 1779 5746 μερισμὸν,
1816 5670 1907 5727 καί

252 5763 354 5826 τὰς
410 5751 933 5817 κακοδιδασκαλιας.
993 5755 1168 5815 Ὀποῦ
1206 5753 1265 5814 δὲ
1294 5757 1322 5812 ὁ
1354 5759 1566 5834 ποιμήν
1594 5756 1764 5835 ἐστιν,
1796 5757 1910 5818 ius?

259 5854 338 5918 ὡς
367 5842 618 5928 προϐατα
647 5842 1015 5912 ἀκολουθεῖτε.

2693 5539 2982 5631 Ejusdem.

2089 5670 2219 5727 Filii
2253 5668 2404 5726 lucis
2432 5666 2719 5734 veritatis,
2771 5667 2954 5741 fugite
2986 5668 3340 5725 divisionem
3388 5673 3446 5726 et
3475 5667 3664 5727 malas

2022 5761 2343 5821 doctrinas.
2364 5759 2472 5816 Ubi
2519 5764 2719 5817 autem
2767 5763 2858 5818 est
2910 5764 3136 5835 pastor,
3185 5758 3325 5819 illuc
3380 5764 3667 5837 tanquam

2023 5868 2160 5911 oves
2193 5849 2537 5925 sequimini.
2568 5849 2669 5909 Ad.
2703 5848 3077 5927 Philadelph.
3103 5867 3227 5927 cap.
3256 5853 3312 5909 2.
