4004 6226
353 356 473 420 959
1071 355 1176 415 AD
1219 350 1652 415 EPISTOLAS
1698 352 1764 411 S.
1811 345 2117 411 lGNATll
2162 346 2566 408 GENUINAS
2613 346 3050 408 APPENDIX.
3661 348 3769 409 900

1388 558 1522 614 In“
1561 556 1723 622 ibid,
1757 556 1877 610 litt.
1910 571 1965 623 α,
1998 555 2085 608 tit.
2118 568 2309 621 LxxVI,
2334 569 2470 623 pag.
2506 553 2631 619 773,
2668 554 2733 607 Λ.

635 724 721 778 Ea:
746 720 995 792 Epistola
1037 720 1111 776 ad
1158 702 1716 776 Paruumrmausss.
2033 722 2089 788 Α

2051 722 2089 788 λ
2255 717 2351 772 Ἐκ
2380 720 2480 784 τῆς
2511 714 2649 790 πρὸς
2697 716 3225 773 ΦΙΛΑΔΕΑΦΙΟΥΣ
3274 716 3632 788 Ἐπιστολῆς.

429 835 469 883 Δ
502 829 676 885 malis
697 828 897 884 herbis
949 828 1266 899 abstinete,
1327 844 1474 899 quas
1517 828 1685 883 Jesus
1740 825 2007 882 Christus

2188 819 2487 895 Ἀπὲιεσθε
2515 824 2623 875 τῶν
2669 825 2849 875 κακῶν
2907 822 3172 895 βοτανῶν,
3230 822 3304 876 ὧν
3364 824 3605 897 Χριστὸς
3660 826 3766 896 Ἰη-

354 934 474 974 non
500 917 658 981 colit.
694 924 1011 989 propterea
1050 917 1210 988 quod
1239 933 1361 973 non
1391 917 1504 989 ipsi
1550 921 1690 972 sunt
1720 914 1935 987 plantat

2185 915 2243 972 ῦς
2276 910 2338 965 οὐ
2368 914 2623 987 γεωργεῖ.
2664 907 2755 964 διὰ
2781 911 2842 965 τὸ
2872 911 2950 984 μὴ
2993 912 3131 965 εἶναι
3188 912 3389 975 αὐτοὺς
3420 914 3641 991 φυτείαν
3669 920 3766 972 τοῦ

350 1008 560 1063 Patris.
597 1011 677 1062 Ne
723 1008 955 1073 erretis,
1010 1008 1222 1062 fratres
1277 1008 1434 1073 mei;
1471 1008 1516 1061 si
1551 1006 1685 1077 quis
1737 1022 1875 1061 eum
1905 1021 1931 1076 q

2212 1022 2230 1032 δ
2288 1000 2332 1033 ρ-
2435 1001 2459 1029 ,ι
2644 1005 2707 1030 ~_
2855 998 2909 1019 9a
3062 1000 3073 1018 ο
3218 1020 3231 1034 ,
3313 1000 3339 1021 η
3611 1005 3623 1024 ο

2185 1006 2467 1074 1.90,.Mr,
2496 998 2788 1069 1:).1va.05,
2844 1010 3071 1079 αοελφοι
3106 1023 3210 1074 μου
3292 1024 3340 1056 ει
3386 1024 3470 1068 τις
3527 1011 3766 1083 σχιζοντι

354 1098 706 1153 scissionem
746 1097 887 1153 facit
918 1097 1206 1167 sequitur,
1245 1113 1491 1167 regnum
1528 1096 1630 1151 Dei
1662 1092 1935 1150 hmredita

1825 1092 2008 1150 ditate
2125 1084 2435 1158 imlwﬂsi,
2474 1083 2751 1162 βασιλέοιν
2784 1091 2916 1140 Θεοῦ
2949 1088 3012 1141 οὗ
3046 1084 3406 1165 κληρονομεῖ.

358 1203 480 1240 non
512 1185 863 1257 possidebit.
898 1185 979 1241 Ad
1008 1184 1297 1241 Philadel.
1332 1201 1456 1255 cap,
1489 1184 1541 1239 3.

1351 1329 1488 1384 Ιοειι
1508 1326 1668 1392 ibid.,
1700 1326 1808 1380 litt.
1848 1344 1893 1393 ε,
1928 1327 2015 1381 εει.
2047 1339 2247 1391 XLVIII,
2271 1338 2408 1393 pag.
2441 1322 2567 1390 780,
2600 1321 2663 1391 Β,
2695 1319 2755 1376 C.

1037 1462 1292 1525 Eiusdem
1311 1502 1325 1515 .

2765 1458 2875 1510 Τοῦ
2908 1453 3100 1513 αὐτοῦ.

420 1575 608 1629 Testis
639 1577 839 1628 autem
871 1570 1015 1626 mihi
1038 1575 1147 1639 est,
1180 1570 1242 1625 in
1274 1585 1391 1639 quo
1412 1568 1645 1623 vinctus
1675 1583 1830 1634 sum,
1859 1582 2001 1636 quo-

2190 1559 2411 1637 Μάρτυς
2445 1582 2550 1634 μου
2582 1562 2634 1616 ἒν
2666 1560 2712 1634 ᾧ
2743 1558 2990 1635 δέδεμαι,
3020 1560 3106 1617 ὅτι
3135 1561 3243 1619 ἀπὸ
3301 1566 3503 1641 σαρκός
3557 1565 3768 1641 ἀνορω-

352 1664 515 1719 niam
545 1680 580 1719 a
601 1679 779 1719 carne
810 1660 1074 1716 humana
1105 1676 1226 1716 non
1284 1658 1548 1731 cognovi.
1586 1656 1838 1728 Spiritus
1869 1672 1933 1711 ve

2185 1672 2283 1721 νης
2342 1649 2444 1705 οὐκ
2498 1648 2691 1723 ἔγνων.
2756 1651 2835 1707 Τὸ
2914 1648 2972 1707 δὲ
3028 1655 3241 1726 Πνεῦμα
3293 1651 3559 1728 ἐκήρυσσε
3619 1653 3766 1711 τάδε·

348 1753 478 1807 haec
506 1750 887 1824 prasdicavit:
923 1750 1059 1806 Sine
1092 1749 1368 1820 episcopo
1399 1748 1553 1802 nihil
1581 1746 1814 1802 faciatis
1841 1762 1854 1811 ;
1878 1761 1929 1801 ct

2183 1740 2306 1813 υρὶς
2339 1738 2639 1794 ἐπισκόπου
2673 1735 2843 1811 μηδὲν
2875 1745 3107 1795 ποιεῖτε·
3140 1743 3240 1811 τήν
3301 1742 3473 1816 σάρκα
3505 1743 3660 1816 ὑμῶν
3693 1744 3764 1805 ὡς

347 1853 487 1892 nem
518 1842 769 1891 vostram
827 1840 1114 1906 tanquam
1168 1833 1268 1888 Dei
1318 1833 1607 1903 templum
1665 1830 1928 1887 custoditt

2185 1828 2238 1882 ὸν
2269 1832 2402 1882 Θεοῦ
2433 1827 2671 1898 τηρεῖτε)
2729 1830 2829 1899 τὴν
2894 1827 3084 1884 ’ἑνωσιν
3142 1829 3399 1905 ἀγαπᾶτε·
3448 1831 3581 1894 τοὺς
3618 1852 3766 1906 μερι-

352 1926 638 1981 unionem
727 1923 975 1996 diligite,
1034 1921 1351 1977 scissiones
1400 1920 1618 1991 fugite;
1679 1920 1933 1975 imitator

2187 1914 2296 1979 ιοὺς
2353 1915 2577 1992 φεύγετε
2610 1936 2623 1948 ·
2703 1916 2943 1989 μιμηταὶ
2998 1917 3209 1994 γίνεσθε
3265 1919 3448 1989 Ἰησοῦ
3504 1920 3768 1996 Χριστοῦ,

354 2019 543 2071 estote
570 2015 709 2069 Jesu
741 1995 980 2080 Christi,
1012 2010 1167 2067 velut
1197 2017 1255 2067 et
1284 2011 1409 2082 ipse
1442 2010 1653 2066 Patris.
1694 2008 1778 2064 Ad
1807 2007 1935 2063 Phil

1371 2027 1409 2065 se
1442 2010 1653 2066 Patris.
1694 2008 1778 2064 Ad
1807 2007 2007 2063 Phila-
2038 1995 2085 2061 Β
2119 2005 2192 2068 ὠς
2215 2005 2374 2060 αὐτὸς
2398 2008 2496 2060 τοῦ
2528 2006 2737 2079 Πκτρὸς
2767 2004 2952 2062 αὐτοῦ.

355 2102 556 2176 delph.
582 2120 705 2174 cap.
741 2106 796 2159 7.

1851 2225 1987 2280 Ion
2015 2223 2180 2293 ibid.,
2212 2222 2272 2279 Β.

1043 2372 1316 2442 Ejusdem.

2778 2367 2891 2422 Τοῦ
2922 2364 3104 2422 αὐτοῦ.

428 2481 671 2547 Quando
703 2480 957 2552 subjecti
995 2480 1136 2536 estis
1172 2479 1471 2552 episcopo,
1526 2479 1673 2535 mihi
1700 2478 2007 2547 videmini,

2189 2473 2351 2529 Ὂταν
2405 2476 2485 2545 τῷ
2563 2469 2845 2545 ἔπισκὸπῳ
2905 2470 3288 2543 ὑποτάσσεσθε,
3339 2473 3591 2550 φαίνεσθὲ
3651 2494 3755 2547 μοι,

351 2587 476 2626 non
508 2569 837 2626 secundum
877 2570 1179 2625 hominem
1226 2569 1509 2638 viventes,
1542 2567 1645 2624 sed
1679 2567 1932 2624 secundm

2174 2563 2350 2619 ὃκατὰ
2378 2559 2661 2636 ἄνθρωπον
2718 2566 2929 2634 ζῶντες,
2979 2560 3126 2620 ἀλλὰ
3190 2565 3327 2619 κατὰ
3384 2566 3604 2635 Ἰησοῦν
3631 2566 3755 2641 Χριο

351 2659 551 2714 Jesum
574 2659 892 2730 Christum,
925 2658 1027 2730 qui
1061 2656 1251 2714 nostri
1281 2672 1460 2713 causa
1479 2662 1749 2712 mortuus
1781 2660 1888 2715 est.
1920 2691 1932 2712 Α

1479 2662 1749 2712 mortuus
1781 2660 1888 2715 est.
1920 2656 2004 2713 Ad
2117 2653 2262 2725 στὸν,
2290 2652 2381 2708 τὸν
2415 2648 2487 2707 δι’
2518 2654 2663 2726 ἡμᾶς
2693 2650 3052 2709 ἀποθανόντα.

354 2746 528 2803 Trall.
571 2763 695 2819 cap.
729 2755 782 2803 2.

1407 2908 1539 2963 [DE]!
1569 2907 1728 2975 ibid.,
1762 2909 1844 2963 lit.
1876 2927 1930 2975 α,
1964 2911 2051 2965 tit.
2085 2923 2267 2975 LXXVI,
2295 2922 2431 2976 pag.
2464 2908 2589 2971 772,
2628 2906 2691 2960 Ε.

746 3069 835 3124 Ea:
864 3066 1111 3137 Epistola
1136 3067 1210 3122 ad
1237 3069 1607 3124 TRALLENSES.
2036 3068 2085 3134 C
2284 3068 2327 3123 Ἐ

2036 3068 2085 3134 C
2284 3068 2381 3123 Ἐκ
2409 3072 2508 3135 τῆς
2541 3065 2678 3140 πρὸς
2699 3066 3191 3126 ΤΡΔᾹΛΙΔΝΟΥΣ
3225 3066 3582 3139 Ἐπιστολῆς.

425 3175 636 3230 Hortor
664 3190 788 3245 vos,
818 3190 939 3232 non
965 3192 1093 3249 ego,
1128 3174 1233 3231 sed
1291 3176 1478 3246 gratia
1533 3176 1769 3230 Domini
1813 3177 1998 3233 nostri

2190 3171 2498 3239 Παρακαλῶ
2528 3170 2691 3243 ὑμᾶς,
2740 3173 2842 3227 οὐκ
2892 3171 3022 3248 ἐγὼ,
3082 3172 3211 3230 ἀλλ’
3240 3176 3275 3243 ἡ
3308 3175 3475 3250 χάρις
3519 3180 3620 3232 τοῦ
3657 3183 3751 3232 Κυ-

350 3264 486 3319 Jesu
516 3263 754 3333 Christi,
809 3265 934 3320 solo
993 3263 1466 3322 Christianorum
1498 3264 1628 3320 cibo
1659 3265 1768 3333 uti,
1800 3266 1874 3322 ab
1907 3282 1931 3322 ε

2166 3266 2239 3320 ζου
2294 3268 2459 3337 ἡμῶν
2518 3267 2699 3335 Ἰησοῦ
2756 3265 3017 3339 Χριστοῦ,
3079 3267 3219 3340 μόνῃ
3268 3269 3338 3340 τῇ
3397 3270 3747 3343 Χριστιανικῇ

351 3359 559 3409 tranea
589 3370 722 3409 vero
752 3354 936 3410 herba
966 3355 1287 3419 abstinere,
1344 3371 1475 3425 qua:
1516 3359 1604 3409 est
1634 3354 1900 3426 haeresis,

2167 3360 2286 3432 mpii
2316 3356 2579 3430 χρῆσθαι,
2611 3352 2911 3429 ἀλλοτρίας
2937 3351 2995 3410 δὲ
3046 3356 3281 3430 βοτάνης
3337 3356 3662 3431 ἀπέχεσθαι,
3689 3361 3748 3428 ἣ-

351 3458 647 3498 venenum
676 3459 988 3515 perperam
1011 3443 1340 3516 implicant,
1364 3460 1499 3500 cum
1522 3444 1695 3516 juxta
1715 3450 1890 3516 atque
1922 3465 1932 3498 ι

2170 3466 2193 3506 ς
2225 3442 2367 3500 ἔστὶν
2398 3440 2622 3517 αἵρεσις.
2664 3442 2767 3499 Καὶ
2825 3442 3303 3519 παρεμπλέκουσιν
3359 3448 3574 3516 Ἰησοῦν
3625 3448 3744 3522 Χρι-

353 3532 450 3604 gni
485 3537 644 3600 sunt,
673 3532 852 3589 ﬁdem
883 3533 1178 3597 habeant;
1210 3537 1417 3605 utpote
1465 3533 1564 3604 qui
1628 3532 1934 3589 mortiferu

2163 3534 2235 3589 τὸν
2258 3535 2392 3607 (leg,
2428 3550 2559 3589 cum
2594 3534 2869 3605 interpol.
2900 3533 2990 3587 καὶ
3019 3552 3151 3606 παρ.
3198 3534 3291 3589 τὸν
3344 3534 3449 3605 te.)
3504 3540 3744 3609 καταξιο-

348 3623 739 3695 pharmacum
770 3639 889 3678 una
921 3639 1053 3677 cum
1098 3622 1285 3678 mulso
1338 3622 1676 3694 prmbeant;
1709 3622 1868 3694 quod
1899 3641 1929 3694 q

2161 3622 2509 3693 ιστευόμενοι,
2565 3618 2748 3695 ὥσπερ
2807 3622 3103 3695 θανάσιμον
3164 3624 3447 3699 φάρμακον
3513 3622 3742 3688 διδόντες

347 3711 598 3777 nesciat,
648 3710 922 3768 lubenter
967 3713 1200 3784 accipit,
1233 3717 1300 3766 ut
1328 3711 1389 3767 in
1421 3712 1811 3791 delectatione
1844 3728 1928 3767 Ina

2161 3713 2230 3767 ετ²
2260 3708 2627 3784 οἰνομέλιτος,
2662 3709 2794 3783 ὅπερ
2826 3710 2853 3764 ὁ
2885 3709 3087 3787 ἁγνῶν,
3134 3710 3310 3780 ἡδέως
3377 3709 3673 3785 λαμϐάνει,
3699 3713 3742 3769 ἐν

353 3802 661 3857 moriatur.
696 3801 1098 3857 Observemini
1137 3803 1315 3874 igitur
1342 3818 1377 3857 a
1406 3801 1644 3858 talibus.
1702 3802 1786 3858 Ad
1822 3803 1931 3857 Tra

2168 3799 2285 3874 Ξονῇ
2342 3803 2483 3873 κακῇ
2558 3798 2621 3853 τὸ
2678 3800 2963 3863 ἀποθανεῖν
2998 3840 3011 3856 .
3077 3798 3426 3866 Φυλάσσεσθε
3482 3803 3580 3857 οὗν
3636 3805 3749 3863 τοὺς

344 3906 467 3963 cap.
500 3893 554 3946 6.

2110 3890 2416 3951 τοιούτους.

1444 4072 1579 4127 Imm
1607 4070 1748 4140 ibid,
1784 4068 1902 4128 litt.
1934 4080 1987 4142 υ,
2019 4073 2105 4129 tit.
2140 4074 2220 4140 xi,
2246 4089 2385 4143 pag.
2418 4073 2542 4142 702,
2574 4073 2638 4128 E.

1062 4267 1295 4320 IGNATII.
2744 4268 3102 4325 ’II‘NATIOI'.

424 4374 607 4429 Nemo
625 4377 885 4428 vestrum
908 4372 1187 4428 adversus
1204 4372 1543 4443 proximum
1558 4373 1879 4445 quidquam
1896 4375 2001 4430 ha-

2185 4372 2395 4446 Μηδεὶς
2450 4374 2602 4446 ὑμῶν
2652 4376 2792 4430 κατὰ
2860 4378 2957 4429 τοῦ
3022 4374 3261 4443 πλησίον
3318 4373 3496 4452 ἐχέτω
3548 4397 3620 4431 τι’
3675 4376 3737 4448 μή

350 4462 506 4531 beat,
535 4480 611 4519 ne
644 4463 1018 4519 occasionem
1047 4459 1325 4534 gentibus
1356 4460 1507 4516 detis
1532 4479 1546 4528 ;
1567 4477 1641 4517 ne
1673 4479 1931 4534 paucoru

2161 4465 2363 4540 ρορμὰς
2421 4462 2598 4520 δίδοτε
2673 4468 2791 4526 τοῖς
2848 4460 3067 4534 ἔθνεσιν,
3122 4462 3216 4519 ’ίνα
3280 4465 3356 4537 μή
3405 4462 3474 4520 δι’
3532 4464 3742 4540 ὀλίγους

350 4553 668 4608 stultorum
695 4552 869 4624 culpa
896 4550 1018 4620 ﬁat,
1048 4555 1116 4605 ut
1162 4549 1480 4605 multitudo
1527 4550 1727 4607 divina
1785 4552 1931 4608 virtu

1785 4552 1999 4609 virtute
2110 4552 2347 4631 ἄφρονας
2378 4552 2440 4609 τὸ
2479 4548 2650 4610 ἔνθεον
2691 4551 2906 4623 πλῆθος
2940 4552 3359 4629 βλασφημῆται.

344 4641 597 4714 praedita
620 4639 957 4698 maledictis
987 4639 1326 4711 impetatur.
1359 4640 1441 4695 Ad
1459 4639 1639 4696 Trall.
1672 4656 1795 4713 cap.
1831 4643 1885 4697 8.

1379 4783 1516 4839 lusu
1544 4783 1704 4855 ibid.,
1742 4784 1849 4840 litt.
1892 4804 1925 4838 α
1973 4788 2062 4842 tit.
2111 4804 2297 4859 Lxxvr,
2325 4804 2460 4860 pag.
2493 4790 2618 4858 772,
2650 4788 2713 4843 E.

1013 4939 1101 4993 Ea:
1128 4935 1333 4993 eadem.

2705 4937 2803 4995 Ἐκ
2831 4943 2932 5007 τῆς
2964 4936 3154 5008 αὐτῆς.

419 5062 622 5135 Fugite
680 5062 865 5118 malas
894 5062 1270 5134 propagines,
1304 5080 1434 5133 quae
1466 5063 1838 5120 mortiferum
1870 5063 1995 5119 fru-

2184 5064 2421 5141 Φεύγετε
2476 5064 2575 5125 τὰς
2626 5062 2792 5125 κακὰς
2852 5060 3207 5138 παραφυάδας
3238 5106 3253 5130 ,
3331 5064 3428 5128 τὰς
3482 5065 3726 5140 γεννώσας

349 5157 509 5207 ctum
539 5158 821 5217 generant
849 5168 1061 5222 :quem
1086 5152 1133 5206 si
1164 5155 1359 5224 gustet
1382 5151 1622 5222 aliquis.
1657 5153 1851 5208 statim
1878 5169 1930 5207 m

2149 5154 2316 5226 αρπὸν
2369 5151 2788 5231 θανατηφόρον,
2850 5152 2911 5205 οὗ
2977 5150 3065 5207 ἐὰν
3113 5151 3361 5226 γεύσεταί
3415 5174 3498 5214 τις
3550 5172 3730 5226 παραυ-

342 5241 515 5295 ritur.
540 5240 642 5295 Isti
693 5241 853 5296 enim
893 5255 1015 5295 non
1073 5245 1214 5296 sunt
1257 5240 1546 5311 plantatio
1606 5241 1923 5313 Spiritus.

2146 5239 2231 5294 ίκα
2286 5242 2640 5311 ἀποθνήσκει.
2701 5240 2867 5296 Οὗτοι
2938 5238 3042 5314 γὰρ
3102 5237 3201 5295 οὐκ
3251 5240 3357 5297 εἶσὶ
3414 5239 3595 5320 φυτεία
3645 5237 3724 5291 τοῦ

343 5327 525 5381 Trall.
555 5344 674 5398 cap.
723 5332 809 5383 11.

2103 5327 2437 5400 Πνεύματος.
