4004 6226
429 374 560 438 971

506 509 787 569 Sacerdos.
824 505 1065 560 Sursum
1097 492 1295 551 corda.

500 598 756 668 Pupulus.
797 592 1089 646 Habemus
1122 580 1195 641 ad
1243 578 1580 641 Dominum.

500 684 779 743 Sacerdos.
816 677 1045 734 Gratias
1076 687 1319 746 agamus
1350 670 1488 724 Deo.

500 774 759 844 Populus.
796 769 1049 839 Dignum
1079 762 1381 835 etjustum
1415 762 1523 814 est.

498 838 757 920 Sacerdos
788 838 1109 914 inclinatus.
1146 853 1292 906 Vere
1325 851 1494 905 decet
1530 844 1636 899 tibi
1669 838 2089 899 adorationem,

427 971 560 1010 cum
592 946 1020 1013 honore,laude
1053 950 1111 998 et
1141 942 1515 997 exaltatvone.
1551 930 1814 990 exhiberi
1847 928 1918 984 ab
1952 942 2071 980 om«

428 1042 603 1099 nibus
634 1038 925 1096 creaturis
959 1033 1073 1088 tuis
1106 1028 1519 1089 rationalibus,
1545 1018 1838 1090 simulque
1875 1016 2073 1087 unige-

430 1110 738 1188 nitdFilio
774 1136 893 1195 tuo,
927 1129 984 1180 et
1016 1121 1256 1193 Spiritui
1292 1123 1389 1172 tuo
1423 1119 1646 1170 sancto.

498 1222 730 1276 Elecans
761 1193 938 1272 vocem
989 1215 1069 1273 Tu
1103 1212 1200 1266 ille
1237 1226 1295 1262 es
1328 1207 1429 1278 qui
1470 1223 1505 1261 a
1558 1196 1905 1259 substantiis
1937 1193 2071 1250 sub

422 1312 684 1369 limibus.
732 1313 789 1361 et
846 1300 1359 1365 immaterialibus,
1421 1296 1632 1350 decore
1716 1302 1970 1351 summo,
2021 1288 2080 1337 et

428 1394 949 1469 triumphaliterin
999 1390 1269 1453 excelsis,
1300 1383 1631 1445 honoraris,
1685 1376 1971 1469 laudaris;
2021 1379 2081 1469 et

429 1464 858 1562 glorillcatione
874 1485 1158 1555 perpetua
1187 1474 1525 1540 celebraris,
1549 1469 1820 1527 cantibus
1846 1464 2079 1562 puriset

430 1553 674 1637 sanctis.
711 1553 953 1630 citharis
976 1569 1347 1633 suavibus,et
1371 1560 1677 1633 iucundis,
1709 1553 2080 1613 exaltationi-

432 1669 659 1737 busque
690 1671 747 1720 et
768 1662 1008 1735 hymnis
1034 1654 1516 1729 triumphalibus,
1540 1649 1707 1706 festis
1730 1645 2076 1737 indesinen-

429 1732 608 1819 tibus,
643 1760 699 1810 et
730 1732 978 1809 canticis
1020 1764 1138 1804 non
1171 1740 1565 1805 cessantibus,
1600 1754 1705 1811 per
1757 1750 1859 1790 ora
1892 1732 2079 1788 incor-

428 1860 744 1918 porea,per
766 1841 999 1914 linguas
1031 1855 1147 1893 non
1171 1850 1417 1891 carneas

429 1914 852 2007 spiritualium,
902 1946 1008 2001 per
1036 1925 1327 1998 arqualem
1360 1925 1714 1979 concentum
1746 1914 2076 1991 igneorum.

426 2040 532 2095 per
562 2038 738 2094 purae
787 2035 959 2077 voces
990 2018 1362 2078 thronorum.
1422 2027 1527 2085 per
1558 2022 1771 2065 sonum
1803 2017 2082 2076 magnum

429 2092 826 2169 cherubimet
855 2104 1354 2163 sanctiﬁcationes
1377 2098 1726 2171 purissimas
1757 2092 2080 2163 seraphim,

433 2202 534 2272 qui
565 2199 915 2256 terribiliter
944 2197 1055 2252 alis
1087 2192 1398 2267 plaudunt,
1419 2189 1807 2256 volentesque
1838 2190 1926 2243 ter
1953 2198 2083 2237 san-

428 2290 715 2355 ctiﬁcant,
747 2288 1029 2349 clamant,
1060 2283 1459 2338 vociferantur
1487 2283 1548 2333 et
1575 2273 1781 2331 dicunt
1814 2289 1827 2328 :

503 2377 766 2448 Pupulus.
796 2378 1065 2441 Sanctus,
1096 2375 1363 2436 Sanctus,
1399 2371 1669 2425 Sanctus.

502 2468 764 2523 Sacerdos
795 2466 1111 2521 inclinatus.
1139 2463 1388 2517 Sanctus
1418 2458 1578 2514 enim
1613 2454 1858 2521 es,Deus
1888 2452 2079 2520 Pater,

429 2558 677 2613 Sanctus
701 2556 879 2611 etiam
904 2553 1247 2625 unigenitus
1270 2549 1453 2604 Filius
1468 2544 1879 2607 tuus,Sanctus
1901 2541 2079 2595 etiam

428 2645 680 2719 Spiritus
708 2649 842 2700 tuus
875 2650 1114 2699 sanctus
1148 2657 1159 2697 :
1199 2640 1296 2712 qui
1329 2636 1558 2695 similes
1581 2633 1919 2691 coelestibus
1977 2648 2083 2702 per

431 2751 697 2791 amorem
732 2741 897 2789 tuum
931 2748 1067 2803 erga
1124 2730 1421 2791 homines,
1457 2743 1564 2780 nos
1596 2723 1809 2791 fecisti,
1844 2728 1902 2776 et
1961 2725 2083 2776 tan-

428 2831 629 2894 topere
664 2823 923 2879 dilexisti
958 2838 1087 2883 nos,
1122 2825 1186 2873 nt
1243 2818 1427 2875 etiam
1458 2814 1831 2886 unigenitum
1864 2812 2078 2865 Filium

427 2919 592 2968 tuum
625 2913 727 2967 tibi
758 2909 1325 2966 consubstantialem
1358 2907 1628 2960 mitteres
1692 2901 1765 2957 ad
1823 2901 2078 2954 salutem

423 3007 686 3055 nostram
716 3018 727 3053 :
756 3000 855 3069 qui
888 3000 1231 3053 incarnatus
1253 3001 1363 3060 est,
1397 2991 1861 3057 ineti'abiliter,et
1891 2989 2078 3043 factus

427 3097 518 3144 est
548 3092 745 3155 homo,
780 3088 1078 3158 quomodo
1108 3085 1293 3140 voluit
1323 3090 1381 3139 et
1410 3084 1583 3137 novit.
1614 3086 1673 3135 et
1715 3079 1916 3135 omnia
1947 3092 2077 3147 qum

426 3184 632 3235 nostra
663 3183 851 3241 erant,
889 3182 1132 3245 excepto
1163 3177 1426 3246 peccato,
1477 3187 1582 3243 pro
1615 3169 1787 3224 nobis
1808 3166 2071 3239 perfecit.
2112 3199 2154 3264 Ο

499 3269 733 3323 h‘levans
757 3282 962 3322 vocem.
994 3265 1104 3330 Qui
1158 3268 1343 3323 totam
1400 3258 1902 3333 dispensationem
1927 3256 2080 3314 saluo

425 3362 610 3411 tarem
639 3372 743 3427 pro
773 3355 948 3415 nobis
967 3352 1302 3424 perfecit,et
1319 3366 1425 3422 per
1454 3348 1756 3421 passiones
1787 3363 1922 3401 suas
1943 3361 2078 3403 sano

423 3452 567 3503 etas.
603 3446 891 3501 adventus
923 3443 1014 3498 sui
1045 3443 1105 3497 in
1138 3457 1337 3505 carne,
1370 3439 1676 3497 veritatem
1709 3437 2077 3493 demonstra-

427 3536 526 3589 vit.
567 3537 633 3591 In
666 3541 837 3590 nocte
866 3532 1171 3589 Paschatis
1220 3532 1282 3585 in
1306 3546 1423 3600 qua
1453 3526 1795 3585 tradebatur
1830 3542 1934 3596 pro
1966 3524 2082 3580 vita

428 3630 486 3679 et
517 3624 707 3679 salute
738 3623 967 3690 mundi,
995 3621 1447 3691 accepitpanem
1472 3616 1533 3677 in
1556 3631 1766 3673 manus
1792 3630 1926 3671 suas
1943 3629 2078 3669 san-

427 3719 570 3775 ctas.
604 3712 994 3769 sanctiﬁcavit
1023 3725 1158 3766 eum
1190 3716 1246 3779 1-,
1280 3712 1337 3765 et
1359 3706 1530 3778 fregit
1560 3710 1589 3773 ³(
1624 3702 1904 3774 deditque
1938 3702 2078 3769 Jrdi-

424 3803 670 3874 scipulis
702 3802 825 3858 suis
852 3799 1142 3872 apostolis
1203 3797 1447 3865 sanctis,
1508 3794 1713 3853 dicens
1747 3808 1759 3849 :
1792 3791 2074 3863 Accipite,

422 3891 576 3948 edite
613 3909 680 3945 ex
712 3908 781 3945 eo
819 3909 831 3946 :
869 3892 986 3947 Hoc
1019 3892 1109 3944 est
1166 3903 1382 3958 corpus
1440 3900 1637 3940 meum
1688 3882 1847 3953 quod
1877 3899 1976 3937 vos
2021 3886 2079 3940 et

420 3982 639 4035 multos
670 3986 964 4051 przeparat
1012 3977 1086 4033 ad
1144 3975 1560 4033 remissionem
1611 3978 1989 4045 peccatorum
2020 3975 2078 4024 et

421 4070 603 4125 vitam
638 4074 944 4126 aeternam.

487 4156 750 4223 Populus.
785 4158 993 4209 Amen.

492 4243 776 4301 Sacerdos.
813 4242 1102 4298 Similiter
1133 4241 1309 4296 etiam
1345 4246 1402 4293 et
1450 4239 1696 4301 calicem
1748 4241 1903 4301 vitm.
1935 4238 2075 4299 vino

421 4337 481 4391 et
509 4347 664 4403 aqua
693 4346 830 4388 cum
862 4331 1202 4389 miscuisset
1229 4333 1288 4401 +,
1348 4329 1790 4394 sanctiﬁcavitt
1826 4344 1983 4394 eum,
2017 4332 2075 4389 et

415 4420 582 4477 dedit
609 4424 647 4491 -ι-
678 4418 984 4491 discipulis
1015 4419 1140 4474 suis
1171 4418 1391 4474 sanctis
1424 4416 1659 4473 dicens:
1689 4417 2072 4488 Accipite,bi~

413 4509 533 4573 hite
567 4527 639 4567 ex
671 4527 738 4564 eo
766 4526 867 4565 vos
897 4524 1145 4569 omnes;
1177 4508 1281 4562 llic
1310 4513 1397 4563 est
1430 4507 1666 4579 sanguis
1699 4523 2071 4578 meus,quem

412 4618 519 4672 pro
552 4600 667 4663 vita
697 4598 903 4656 mundi
931 4598 1008 4655 do
1039 4615 1161 4670 ego.
1198 4615 1296 4652 vos
1328 4602 1527 4655 autem
1560 4602 1619 4657 et
1666 4595 1885 4653 multos
1914 4614 2062 4668 pras—

408 4696 581 4760 parat
609 4689 683 4751 ad
713 4689 1132 4753 remissionem
1189 4693 1593 4759 peccatorum,
1651 4692 1709 4747 et
1760 4686 1832 4743 ad
1889 4686 2066 4747 vitam

410 4784 721 4841 aeternam.

481 4869 749 4941 Populus.
783 4873 995 4931 Amen.

482 4959 759 5022 Sacerdos.
798 4959 916 5013 Hoc
968 4957 1145 5017 facite
1200 4958 1261 5012 in
1320 4959 1438 5015 mei
1487 4956 1874 5013 memoriam:
1927 4972 2067 5026 quo-

415 5047 767 5120 tiescunque
788 5049 949 5111 enim
980 5046 1417 5109 manducabitis
1442 5062 1653 5117 panem
1678 5046 1838 5100 hunc
1868 5050 1927 5102 et
1957 5061 2059 5101 ca-

411 5136 587 5199 licem
609 5137 768 5194 lmnc
794 5135 1248 5197 bibetismortis
1273 5134 2064 5197 meaecommemorationem

409 5228 614 5297 agetis,
650 5233 709 5281 et
740 5226 1234 5290 resurrectionem
1268 5241 1465 5287 meam
1496 5222 1928 5285 conﬁtebimini
1958 5223 2064 5277 do-

410 5328 519 5368 nec
564 5330 815 5369 veniam.

480 5404 743 5472 Populus.
781 5405 980 5459 Mortis
1014 5410 1152 5461 tum.
1186 5408 1299 5457 etc.

476 5490 739 5545 Sacerdos
772 5493 1087 5546 inclinatus.
1120 5492 1315 5555 Mente
1370 5490 1547 5562 igitur
1605 5489 1935 5547 recolentes
1993 5505 2063 5543 ea

414 5579 613 5634 omnia
644 5596 773 5649 quas
794 5599 898 5651 pro
930 5581 1188 5647 nobis,et
1218 5587 1459 5652 propter
1489 5598 1599 5643 nos
1629 5580 2060 5652 dispensatorie

409 5672 519 5721 ate
551 5667 812 5737 perfecta
840 5668 1101 5733 fuerunt,
1132 5669 1501 5735 nativitatem
1520 5676 1683 5733 tuam
1715 5669 2058 5737 salutarem,

1724 336 2110 409 LITURGIA
2153 337 2218 395 8.
2266 337 2587 398 IGNATII.

2114 469 2169 535 Α
2199 470 2562 542 baptismum
2608 475 2779 526 tuum
2812 466 3101 532 divinum,
3131 464 3503 539 sepulturam
3537 470 3703 521 tuam
3730 463 3857 520 vivi-

3736 332 3849 391 912

2189 559 3005 629 ﬁcanten1,resurrectionem
3042 560 3203 617 tuam
3232 554 3631 619 Dominicam,
3664 571 3856 609 ascen-

2191 650 2421 705 sionem
2454 655 2613 706 tuam
2641 644 2840 719 gaudii
2874 648 3138 720 plenam,
3201 646 3665 714 sessionemque
3701 649 3851 698 tuam

2186 740 2261 796 ad
2281 740 2583 799 dexteram
2619 738 2950 810 majestatis
2985 737 3085 796 Dei
3121 741 3178 792 et
3194 736 3388 791 Patris
3413 735 3665 792 :iterum
3684 734 3848 787 etiam
3895 752 3905 759 ·

2187 828 2505 883 adventum
2537 834 2705 882 tuum
2737 825 3066 881 secundum
3104 824 3462 890 timendum,
3498 830 3558 878 et
3585 823 3847 875 tremoris

2187 917 2424 988 plenum
2458 914 3259 986 commemoran«us,quando
3293 916 3573 969 exoriens
3590 930 3724 966 cum
3742 912 3846 981 glo-

2184 1003 2764 1077 ria,terribiliterque
2789 1003 3283 1078 con5piciendum
3310 1009 3366 1059 te
3391 1002 3673 1076 preabens
3709 1000 3849 1054 vivos

2185 1101 2245 1151 et
2276 1100 2538 1151 mortuos
2561 1092 2896 1166 judicabis;
2930 1092 3169 1165 quando
3200 1090 3407 1165 Angeli
3440 1106 3475 1147 a
3535 1088 3851 1161 splendore

2178 1182 2391 1255 judicii
2427 1184 2508 1239 tui
2541 1184 3025 1245 contremiscent,
3061 1189 3118 1239 et
3174 1178 3527 1253 Archangeh’
3578 1184 3846 1243 tremeat,

2183 1275 2513 1331 Potestates
2562 1273 2997 1340 concutientur,
3060 1271 3257 1327 throni
3307 1269 3739 1327 conturbabun
3770 1284 3844 1329 ur1

2189 1368 2247 1418 et
2277 1363 2525 1419 Ordines
2547 1363 2815 1419 cmlestes
2847 1370 3073 1417 terrore
3093 1361 3848 1431 obstupescentTuncom-

2187 1469 2293 1509 nes
2326 1454 2600 1508 homines
2632 1454 2692 1507 in
2724 1452 2929 1507 dolore
2963 1452 3474 1521 stantes.judicem
3522 1447 3849 1503 timendum

2200 1549 2259 1596 et
2279 1548 2581 1613 potentem
2603 1542 3198 1613 exepectabunt,tunc
3229 1540 3631 1609 cumjustitia:
3656 1552 3855 1593 conve-

2192 1633 2366 1688 niens
2396 1632 2558 1687 locus
2616 1631 2748 1700 erit,
2807 1632 2994 1703 gratia
3051 1636 3247 1686 autem
3282 1629 3509 1684 nullam
3546 1628 3852 1700 praestabit

2191 1719 2662 1775 misericordiam
2697 1736 2710 1787 ;
2744 1734 2879 1775 cum
2913 1718 3203 1779 carbones
3258 1717 3563 1786 ardentes,
3614 1716 3849 1771 ﬂamma

1424 1802 1844 1904 ’per'p'rwcona
1866 1821 2079 1878 eximia
2112 1833 2155 1904 Β
2188 1802 3849 1881 comburens,gehennainexstinguibiliszquandopreces

2194 1897 2580 1969 repellentur,
2615 1902 2671 1951 et
2695 1895 3146 1968 deprecationes
3177 1912 3297 1953 non
3356 1892 3850 1965 acceptabuntur,

2194 1986 2492 2047 orationes
2523 2003 2645 2045 non
2673 1985 3012 2052 audientur,
3068 1990 3127 2040 et
3186 1983 3643 2045 obsecrationes
3666 1984 3853 2054 cujus-

2192 2092 2427 2146 cunque
2461 2074 2859 2147 prmcidentur
2892 2091 2905 2130 :
2943 2090 3120 2146 parce
3154 2074 3345 2140 nobis,
3383 2073 3733 2137 Domine,et
3762 2088 3853 2127 ex-

2188 2166 2364 2223 tende
2389 2166 2693 2225 dexteram
2726 2171 2888 2221 tuam
2913 2180 3094 2236 super
3143 2182 3253 2221 nos
3285 2179 3517 2223 omnes.
3557 2165 3640 2216 Ne
3675 2162 3848 2216 intres

2186 2255 2248 2310 in
2270 2255 2562 2326 judicium
2595 2254 2930 2319 nobiscum,
2974 2270 3093 2309 non
3120 2254 3372 2309 reducas
3402 2253 3463 2307 in
3500 2252 3848 2307 memoriam

2188 2344 2534 2414 iniquitates
2564 2350 2945 2407 nostrae,non
2984 2343 3059 2398 ad
3092 2356 3339 2397 examen
3371 2341 3845 2403 strictum,v0ces

2187 2448 2296 2488 nos
2328 2438 2386 2489 et
2415 2434 2779 2489 constituas:
2806 2448 2881 2487 ne
2914 2432 3101 2487 simus
3133 2430 3369 2488 exsules
3400 2447 3435 2484 a
3493 2431 3694 2501 gratia
3735 2430 3840 2496 tua,

2186 2540 2377 2595 neque
2410 2523 2591 2580 alieni
2623 2524 2694 2578 ab
2715 2519 3058 2578 hmreditate
3075 2527 3292 2578 tuame
3323 2520 3842 2576 diriscruciatibus

2187 2614 2514 2683 tradamur,
2548 2628 2668 2668 non
2700 2613 2773 2668 ad
2833 2629 3095 2668 vermem
3127 2612 3435 2667 rodentem
3498 2608 3840 2682 prmcordia.

2187 2720 2321 2758 cum
2355 2701 2552 2774 impiis
2583 2702 2868 2761 amandes
2901 2719 3044 2769 nos;
3070 2718 3190 2757 non
3222 2701 3281 2756 in
3316 2706 3483 2772 parte
3517 2715 3735 2754 eorum
3757 2697 3840 2769 qui

2191 2799 2243 2849 te
2275 2793 2703 2852 crucitixerunt
2732 2808 3085 2847 censeantur
3119 2809 3131 2846 :
3165 2808 3285 2847 non
3339 2806 3475 2845 cum
3510 2789 3723 2860 impiis
3743 2794 3841 2842 sta-

2190 2891 2467 2941 tuemur:
2505 2899 2626 2937 non
2660 2882 2979 2953 participes
3011 2881 3354 2951 iniquorum
3386 2879 3583 2933 simus
3611 2895 3763 2933 :non
3794 2878 3838 2932 in

2188 2971 2481 3044 supplicia
2524 2976 2583 3025 et
2612 2970 2899 3025 stridores
2929 2969 3199 3025 dentium
3250 2968 3655 3039 projiciamur
3688 2985 3702 3020 :
3737 2982 3835 3020 non

2184 3061 2441 3132 abneges
2463 3058 2778 3122 nos,veluti
2806 3075 2908 3113 eos
2940 3059 3039 3128 qui
3065 3064 3119 3112 te
3142 3074 3263 3112 non
3296 3062 3594 3111 noverunt
3622 3073 3636 3110 :
3664 3071 3838 3125 neque

2187 3149 2403 3222 perdas
2435 3165 2543 3204 nos
2576 3148 2753 3204 simul
2777 3162 2911 3203 cum
2944 3147 3063 3201 illis
3094 3146 3193 3218 qui
3234 3153 3290 3201 te
3332 3162 3456 3200 non
3486 3146 3835 3200 dilexerunt.

2194 3243 2407 3293 Verum
2440 3238 2787 3293 illucescere
2842 3235 3012 3291 nobis
3038 3236 3130 3292 fac
3162 3235 3415 3290 salutem
3448 3240 3618 3289 tuam
3646 3251 3659 3295 ;
3686 3250 3838 3306 parce

2188 3327 2360 3383 nobis
2394 3326 2721 3382 secundum
2745 3342 3007 3381 amorem
3036 3331 3200 3379 tuum
3222 3340 3357 3394 erga
3387 3323 3839 3377 bominesAtitte

2188 3416 2358 3471 nobis
2390 3415 2624 3473 divitias
2643 3414 2975 3473 clementiae
2999 3419 3139 3479 tum,
3172 3418 3362 3470 statue
3396 3429 3506 3469 nos
3528 3411 3611 3466 ad
3656 3412 3834 3466 dexte-

2188 3524 2313 3567 ram
2348 3512 2509 3565 tuam
2533 3523 2546 3571 ;
2570 3510 2869 3563 memento
2902 3503 3168 3561 omnium
3197 3510 3466 3559 nostrum
3488 3519 3599 3574 per
3620 3504 3833 3557 miseri-

2187 3599 2452 3655 cordiam
2487 3603 2648 3655 tuam
2683 3597 2881 3655 :salva
2901 3614 3010 3653 nos
3050 3595 3377 3653 secundum
3396 3594 3828 3653 multitudinem

2185 3688 2388 3761 gratia;
2420 3693 2559 3754 tuae,
2590 3693 2649 3741 et
2678 3686 2891 3759 adjuva
2920 3702 3029 3742 nos
3088 3702 3194 3761 per
3241 3685 3628 3743 clementiam
3663 3692 3828 3739 tuam.

2184 3779 2456 3851 Adjunge
2476 3795 2586 3835 nos
2610 3779 2773 3855 gregi
2798 3783 2987 3848 tuo,et
3010 3794 3262 3835 numera
3283 3793 3393 3831 nos
3415 3777 3579 3831 inter
3611 3776 3825 3830 ordines

2184 3868 2539 3929 dilectorum
2574 3872 2835 3935 tuorum,
2866 3867 2958 3927 fac
2988 3884 3097 3925 nos
3151 3865 3362 3940 dignos
3392 3882 3580 3939 regno
3610 3872 3731 3933 tuo,
3784 3868 3826 3917 et

2182 3958 2363 4016 induc
2390 3975 2498 4019 nos
2539 3958 2599 4012 in
2632 3956 2962 4014 thalamum
2988 3962 3176 4013 tuum.
3211 3957 3279 4011 Et
3308 3962 3559 4029 propter
3592 3955 3717 4010 haec
3744 3956 3827 4008 Ec-

2182 4047 2366 4107 clesia
2404 4052 2503 4102 tua
2535 4051 2591 4102 et
2619 4062 2760 4119 grex
2791 4051 2927 4101 tuus
2951 4044 3306 4119 deprecatur
3337 4050 3419 4109 te,
3469 4049 3529 4101 et
3564 4061 3672 4116 per
3702 4048 3753 4097 te
3780 4045 3823 4095 et

2181 4139 2377 4195 tecum
2409 4136 2646 4194 Patrem
2667 4139 2856 4201 tuum,
2890 4132 3093 4191 dicens
3127 4148 3140 4191 :

2247 4276 2509 4347 Papulas.
2541 4277 2834 4331 Miserere.

2249 4366 2530 4423 Sacerdos.
2559 4365 2676 4420 Nos
2709 4379 2965 4439 quoque,
2998 4368 3110 4420 etc.

2252 4457 2490 4526 Populus
2541 4454 2615 4509 Te
2656 4453 3082 4527 glorificamus.

2247 4547 2541 4601 Diaconus.
2575 4544 2760 4609 Quam
2785 4541 3049 4598 timenda
3075 4549 3165 4599 est
3194 4545 3317 4600 haec
3346 4542 3514 4611 hora,
3551 4550 3666 4601 etc.

2240 4635 2505 4693 Sacerdos
2532 4633 2672 4689 dicit
2702 4635 3106 4689 invocationem
3138 4635 3383 4705 Spiritus
3410 4635 3619 4690 sancti.

2239 4779 2513 4834 Miserere
2544 4776 2895 4841 nobis,Deus
2922 4779 3096 4833 Pater
3127 4777 3539 4849 omnipotens,
3573 4786 3635 4836 et
3663 4778 3808 4834 mitte

2169 4885 2348 4940 super
2377 4883 2487 4922 nos
2511 4866 2796 4937 Spiritum
2845 4872 3009 4921 tuum
3054 4872 3325 4921 sanctum
3371 4868 3475 4938 qui
3516 4869 3719 4927 omnia
3739 4883 3810 4922 re-

2168 4958 2592 5029 plet.Deusque
2618 4960 2705 5009 est
2736 4971 2915 5025 super
2933 4956 3157 5018 omnia,
3180 4956 3804 5027 tibiqueconsubstan-

2169 5046 2332 5101 tialis
2366 5051 2423 5099 et
2451 5044 2760 5115 unigenito
2787 5042 2930 5103 Filio
2964 5048 3066 5100 tuo
3097 5060 3110 5108 ;
3153 5045 3253 5114 qui
3297 5045 3459 5101 omni
3493 5045 3646 5103 hera
3680 5044 3805 5100 dena

2168 5134 2475 5191 distribuit
2500 5151 2511 5199 ;
2539 5132 2863 5203 dividitque
2896 5137 2954 5186 et
2983 5133 3085 5188 dat
3132 5134 3406 5206 singulis,
3455 5142 3639 5203 prout
3667 5132 3803 5189 vnit:

2169 5225 2267 5297 qui
2300 5222 2576 5277 omnibus
2607 5239 2869 5292 pra-sons
2901 5227 3210 5293 est,neque
3233 5222 3365 5279 loco
3394 5220 3810 5281 circumscribi-

2170 5311 2390 5384 tur,qui
2424 5310 2600 5365 vitam
2633 5310 2895 5365 continet
2924 5326 3129 5364 eorum
3164 5311 3263 5381 qui
3295 5311 3519 5379 vivunt,
3551 5318 3612 5369 et
3632 5310 3802 5382 perie-

2167 5409 2294 5458 ctor
2320 5398 2651 5461 sanctitatis
2673 5406 3016 5457 sanctorum
3049 5404 3140 5457 est
3172 5404 3279 5455 :ut
3303 5399 3525 5471 illapsu
3556 5417 3662 5456 suo
3684 5414 3776 5453 san

2168 5491 2435 5551 ctiﬁcans
2463 5488 2747 5560 mysteria
2776 5487 3189 5559 hwcpura.me
3217 5505 3454 5559 quoque
3478 5506 3517 5544 a
3549 5488 3802 5546 sordibus

2166 5578 2457 5639 mundum
2486 5577 2722 5633 efficiat.

2237 5668 2524 5726 Sacerdos.
2560 5666 2787 5729 Exaudi
2813 5682 2928 5733 me,
2962 5667 3233 5729 Domine.
