4004 6226
222 354 342 449 στα

1503 382 1684 448 LITU
1694 378 1878 444 RGlA
1920 382 1984 444 Β.
2031 382 2353 445 lGNATlI.

3513 390 3633 456 974

292 518 555 593 Populus.
590 516 789 593 Kyrie,
824 519 1086 589 eleison;
1129 518 1325 593 Kyrie,
1358 514 1623 586 eleison;
1680 519 1876 589 Kyrie,
1905 514 1957 583 Α
2062 518 2323 588 Populus.
2357 519 2551 590 Kyrie,
2585 520 2833 576 eleison.

220 610 471 668 eleison.

291 700 575 758 Sacerdos.
609 701 823 757 elevans
850 716 1053 757 vocem.
1087 700 1337 773 Ipseque
1372 698 1613 771 illapsus
1658 704 1718 753 et
1747 713 1876 752 sano

223 790 517 854 ctiﬁcans,
536 790 754 846 efﬁciat
775 806 989 862 panem
1014 791 1253 862 quidem
1284 791 1484 857 istum,
1502 804 1714 859 corpus
1739 803 1877 842 san-

223 881 388 933 ctum
411 880 470 932 et
491 877 870 933 sanctiﬁcans
895 894 908 943 ;
942 892 1155 950 corpus
1173 878 1493 950 puriﬁcans
1516 882 1574 933 et
1592 876 1876 949 prepitia-

228 965 485 1034 torium;
520 983 734 1038 corpus
765 966 995 1022 donans
1054 968 1561 1039 incorruptionem
1592 984 1603 1021 :
1662 981 1875 1037 corpus

224 1056 459 1113 Domini
493 1058 594 1112 Dei
628 1062 687 1111 et
715 1057 1029 1113 Salvatoris
1087 1057 1273 1113 nostri
1322 1060 1460 1114 .lesu
1508 1056 1746 1123 Christi,
1803 1055 1874 1112 ad

226 1146 639 1201 remissionem
672 1153 1049 1217 peccatorum
1082 1152 1141 1202 et
1169 1147 1345 1203 vitam
1378 1152 1659 1203 aeternam
1692 1146 1875 1201 susci-

225 1235 541 1308 pientium.

300 1324 570 1395 Populus.
614 1327 821 1381 Amen.

294 1415 579 1470 Sacerdos.
616 1417 685 1469 Et
729 1415 976 1471 calicem
1029 1416 1207 1477 hunc,
1260 1414 1478 1471 efﬁciat
1526 1414 1876 1487 sanguinem

225 1504 421 1560 vivum
456 1509 513 1558 et
540 1505 859 1571 viviﬁcum,
892 1506 1239 1578 sanguinem
1260 1522 1471 1578 purum
1507 1511 1563 1561 et
1584 1512 1875 1573 sanctum,

228 1594 590 1665 sanguinem
614 1594 1027 1666 puriﬁcantem
1043 1601 1100 1649 et
1118 1596 1615 1663 sanctiﬁcantem;
1639 1594 1877 1667 sangui-

227 1698 368 1737 nem
404 1683 635 1737 Domini
670 1684 764 1738 Uei
793 1689 851 1738 et
877 1682 1194 1739 Salvatoris
1225 1685 1410 1739 nostri
1458 1685 1594 1738 .lesu
1637 1683 1876 1750 Christi,

227 1770 303 1827 ad
335 1770 752 1827 remissionem
812 1779 1192 1843 peccatorum
1256 1780 1312 1829 et
1371 1772 1550 1829 vitam
1596 1778 1877 1828 aeternam

228 1861 705 1933 suscipientium.

300 1949 566 2022 Populus.
602 1954 809 2005 Amen.

301 2039 707 2097 Sacerdos.Nos
722 2040 898 2112 igitur
916 2036 1178 2096 illatione
1192 2040 1611 2113 mysteriorum
1629 2040 1877 2096 istorum

232 2135 571 2187 sanctorum
604 2129 765 2201 digni
789 2129 1013 2195 effecti;
1033 2135 1090 2185 et
1116 2147 1221 2202 per
1240 2130 1503 2185 veritatis
1517 2128 1877 2203 agnitionem

229 2218 637 2273 illuminatum
671 2216 959 2273 habentes
989 2217 1207 2273 mentis
1238 2218 1497 2287 oculum,
1524 2234 1801 2291 rogamus
1824 2225 1881 2274 et

224 2309 629 2370 obsecramus.
662 2313 729 2363 ut
756 2309 1047 2380 mysteria
1077 2310 1204 2365 hmo
1224 2311 1546 2382 proposita,
1573 2311 1878 2367 sintnobis

227 2404 286 2455 et
316 2398 417 2453 illa
445 2396 933 2469 suscipientibus,
966 2399 1041 2454 ad
1089 2400 1460 2455 excitandam
1513 2400 1877 2474 vigilantiam

226 2487 466 2551 animae,
501 2486 574 2541 ad
607 2487 925 2543 sanitatem
956 2489 1244 2559 corporis,
1264 2489 1337 2545 ad
1361 2489 1877 2562 participationem

226 2593 431 2634 veram
461 2577 799 2648 adeptionis
830 2578 1115 2648 ﬁliorum,
1157 2594 1226 2636 ac
1279 2579 1877 2636 communicationem

228 2666 485 2739 Spiritus
518 2667 725 2737 sancti,
758 2667 832 2723 ad
863 2668 1273 2725 hereditatem
1295 2669 1463 2741 regni
1486 2669 1774 2726 caelestis:
1803 2670 1877 2727 ad

225 2756 647 2811 remissionem
678 2755 1031 2812 delictorum
1082 2760 1141 2813 et
1183 2761 1581 2831 peccatorum.
1634 2759 1775 2830 quia
1820 2764 1878 2815 te

228 2845 400 2901 decet
431 2846 666 2901 bonitas
698 2848 755 2901 et
784 2862 952 2902 amor
981 2863 1117 2917 erga
1146 2848 1440 2917 homines,
1494 2847 1720 2920 tibique
1750 2848 1875 2922 glo-

226 2936 378 2991 riam
411 2935 726 2991 referimus
758 2940 816 2991 et
844 2936 1165 3009 gratiarum
1215 2939 1531 3008 actionem,
1578 2938 1876 3010 simulque

226 3024 536 3096 unigenito
565 3024 714 3079 Filio
748 3030 868 3089 tuo,
899 3029 1007 3082 etc.

294 3115 560 3184 Populus.
594 3117 805 3169 Amen.

293 3205 559 3264 Sacerdos
588 3205 909 3262 inclinatus.
946 3207 1156 3263 Coram
1186 3213 1261 3273 te,
1297 3206 1566 3275 Domine,
1598 3206 1873 3264 obsecra-

226 3309 383 3362 mus,
416 3309 521 3365 per
550 3293 661 3348 hoc
700 3293 1058 3350 sacriﬁcium
1092 3294 1247 3366 quod
1282 3294 1608 3367 perfectum
1640 3301 1698 3351 et
1718 3312 1876 3352 com-

234 3382 465 3455 piatum
499 3387 590 3437 est
614 3396 721 3453 per
750 3382 1031 3453 Spiritum
1064 3388 1358 3450 sanctum,
1382 3400 1489 3456 pro
1507 3383 1769 3440 Ecclesia
1784 3391 1887 3441 tua

235 3478 445 3527 sancta
473 3470 774 3527 Catholica
805 3475 863 3526 et
891 3473 1247 3544 Apostolica,
1277 3478 1345 3531 ut
1383 3480 1767 3531 conservetur
1795 3491 1884 3530 se-

235 3577 377 3618 cure
402 3566 463 3618 et
492 3562 865 3625 inconcusse,
897 3575 1011 3619 nec
1039 3567 1224 3634 portas
1256 3562 1474 3620 infami
1531 3564 1889 3637 praevaleant

237 3651 554 3707 adversum
590 3666 743 3706 eam.
777 3650 847 3706 Et
896 3666 1003 3723 pro
1032 3652 1299 3724 patribus
1331 3652 1550 3709 nostris
1580 3654 1798 3708 sanctis
1829 3657 1889 3708 et

233 3740 567 3796 rectoribus
599 3741 841 3811 nostris,
874 3741 1172 3814 prmcipue
1200 3758 1307 3816 pro
1328 3742 1887 3812 beatis,Patriarcha

228 3835 435 3886 nostro
467 3831 531 3886 D.
564 3831 631 3884 N.
665 3835 724 3885 et
753 3831 1042 3903 EpiscOpo
1066 3834 1270 3887 nostro
1293 3833 1358 3888 D.
1391 3830 1455 3888 Ν.
1482 3848 1613 3889 cum
1643 3830 1885 3902 reliquis

228 3919 538 3991 Episcopis
565 3920 942 3977 Orthodoxis.
976 3923 1265 3979 Conserva
1296 3940 1396 3980 eos
1428 3921 1498 3979 ab
1526 3922 1886 3978 incursioni-

228 4008 340 4063 bus
370 4008 567 4075 malis,
602 4013 661 4063 et
691 4025 726 4064 a
752 4011 991 4081 pascuis
1021 4012 1392 4082 perniciosis.
1427 4012 1537 4067 Pro
1561 4009 1887 4067 Sacerdoti—

223 4097 337 4152 bus
368 4102 428 4153 et
484 4098 783 4166 Diaconis,
848 4099 1132 4171 omnique
1191 4101 1400 4157 ordine
1458 4101 1881 4167 ecclesiastico,

229 4202 726 4257 unumquemque
759 4202 1119 4245 conservans
1174 4188 1236 4245 in
1282 4204 1351 4245 ea
1415 4191 1721 4247 vocatione
1769 4205 1886 4262 qua

227 4282 470 4331 vocatus
502 4281 611 4345 est,
645 4278 867 4348 absque
898 4278 1170 4347 crimine,
1205 4285 1263 4336 et
1287 4282 1683 4337 accusatione.
1712 4281 1881 4336 Mise-

226 4382 363 4423 rere
382 4366 562 4421 etiam
587 4367 896 4423 tenuitatis
915 4384 1060 4424 mem
1081 4368 1404 4425 secundum
1425 4368 1887 4425 misericordiam

230 4461 292 4511 et
323 4455 928 4528 clementiamneque
949 4458 1127 4514 simul
1149 4460 1362 4530 perdas
1390 4474 1482 4514 me
1506 4474 1634 4515 cum
1672 4458 1885 4532 iniqui-

226 4544 451 4599 tatibus
483 4545 650 4612 meis,
687 4545 790 4600 sed
825 4547 1039 4601 exhibe
1069 4564 1207 4619 erga
1236 4562 1329 4604 me
1352 4548 1671 4604 bonitatem
1698 4556 1883 4608 tuam.

2052 606 2315 661 Sacerdos
2344 608 2556 663 elevans
2584 624 2782 663 vorem.
2819 611 2888 664 Et
2905 622 3207 671 conserva.
3228 615 3495 679 Domine,
3528 632 3633 688 po-

1978 697 2185 766 pulum
2211 704 2376 754 tuum
2410 701 2731 768 ﬁdeiem,et
2759 701 2944 758 libera
2970 716 3076 758 nos
3098 704 3170 758 ab
3201 707 3475 761 omnibus
3505 723 3630 765 ma-

1980 785 2131 839 culis
2152 790 2211 839 et
2232 787 2410 841 naavis
2432 790 2745 857 peccati,et
2761 787 2834 843 ab
2847 791 3010 845 omni
3032 806 3248 863 genere
3266 793 3634 861 atﬁictionis,

1986 879 2045 928 et
2073 875 2614 931 machinationibus
2644 877 2817 932 malis
2845 883 2903 932 et
2924 881 3273 949 perniciosis
3291 881 3629 938 daemonum

1982 968 2041 1018 et
2072 963 2381 1019 hominum
2414 980 2692 1036 nequam.
2726 972 2784 1021 et
2814 968 2885 1022 ab
2919 970 3196 1025 omnibus
3216 971 3522 1026 doloribus
3552 974 3635 1027 in-

1985 1052 2435 1119 tolerabilibus;
2472 1070 2506 1110 a
2538 1056 2850 1127 tyrannide
2880 1058 3171 1128 capitibus
3203 1062 3423 1116 nostris
3455 1062 3639 1133 impo-

1981 1142 2115 1199 sita.
2152 1147 2209 1196 et
2243 1143 2669 1198 lentationibus
2701 1146 3063 1216 gravissimis
3091 1161 3201 1201 nos
3240 1149 3400 1219 eripe
3430 1165 3442 1202 :
3477 1154 3534 1204 et
3565 1149 3639 1204 da

1982 1229 2179 1295 nobis,
2213 1235 2280 1285 ut
2309 1247 2443 1285 cum
2477 1236 2691 1286 ornatu
2722 1247 2970 1303 operum
3003 1234 3295 1289 bonorum
3328 1241 3387 1290 et
3436 1238 3636 1291 beato-

1982 1336 2134 1385 rum,
2160 1320 2566 1391 ingrediainur
2592 1322 2652 1376 in
2678 1324 3015 1378 sanctuaria
3037 1331 3136 1378 tua
3156 1330 3381 1389 sancta,
3404 1332 3461 1380 et
3484 1340 3639 1397 pras—

1984 1409 2142 1465 clare
2176 1411 2539 1481 gaudeamus
2569 1412 2745 1467 donis
2776 1413 3207 1485 spiritualibus.
3244 1421 3301 1470 et
3331 1416 3507 1470 simul
3547 1433 3643 1471 sa-

1982 1499 2320 1554 criﬁcemus
2349 1500 2455 1554 tibi
2514 1502 2808 1557 sacriﬁcia
2856 1504 3263 1574 acceptabiiia.
3308 1510 3367 1559 et
3418 1505 3635 1560 indesi-

1982 1596 2199 1643 neuter
2227 1592 2447 1662 gratias
2479 1606 2721 1662 agamus
2754 1592 2859 1647 tibi
2893 1600 2950 1648 et
2980 1593 3287 1666 unigenito
3319 1594 3465 1650 Filio
3519 1600 3639 1652 tuo.

2059 1678 2317 1748 Populus.
2351 1682 2558 1734 Amen.

2058 1768 2323 1823 Sacerdos
2360 1769 2682 1825 inclinatus.
2720 1771 3015 1826 Memento
3037 1772 3307 1839 Domine,
3328 1786 3642 1845 congrega-

1909 1886 1955 1950 Β
1985 1854 2165 1910 tionis
2179 1857 2358 1928 hujus
2372 1856 2701 1914 benedictus
2715 1857 3085 1915 adorantium
3109 1866 3320 1931 te,quaa
3333 1877 3458 1916 cum
3479 1863 3642 1917 timo-

1986 1960 2051 2000 re
2077 1951 2137 2000 et
2163 1946 2279 2002 ﬁde
2302 1947 2360 2001 in
2386 1952 2586 2011 te,stat
2609 1964 2811 2003 coram
2834 1955 2890 2003 te
2913 1965 2925 2005 :
2951 1956 3008 2004 et
3030 1948 3287 2017 illorum,
3304 1951 3638 2022 quioratio-

1987 2035 2470 2092 nesinﬁrmitatis
2492 2044 2708 2093 nostras
2722 2038 3638 2111 postulant.Memento,Domine,

1986 2128 2256 2182 omnium
2280 2129 2728 2200 generaliter,et
2746 2131 3216 2203 uniuscujusque
3238 2133 3641 2206 singulariter,

1987 2217 2144 2287 quod
2178 2217 2325 2288 ipsis
2359 2218 2733 2290 adjumento,
2793 2222 3317 2292 necessariumque
3360 2237 3488 2277 esse
3536 2239 3641 2294 po-

1987 2311 2125 2373 test,
2160 2306 2515 2364 concedens.
2549 2310 2765 2363 Eorum
2799 2309 2979 2365 etiam
3012 2310 3112 2380 qui
3135 2310 3419 2382 praeclare
3439 2317 3641 2383 agunt,

1987 2400 2048 2449 et
2079 2395 2179 2466 qui
2236 2397 2576 2467 producunt
2624 2398 2851 2453 fructus
2898 2399 3173 2455 Ecclesia)
3221 2405 3337 2456 tuas
3384 2406 3640 2456 sanctast

1989 2499 2198 2539 eorum
2233 2485 2413 2540 etiam
2441 2486 2542 2556 qui
2573 2485 2908 2542 oblationes
2938 2484 3419 2543 obtuleruntnon
3443 2489 3642 2544 oblivi-

1987 2589 2151 2628 scere
2178 2590 2190 2627 :
2224 2580 2284 2629 et
2314 2575 2576 2642 illorum,
2612 2576 2714 2645 qui
2745 2577 2958 2631 oﬁ‘erre
2979 2576 3294 2633 voluerunt
3314 2584 3374 2633 et
3398 2593 3519 2635 non
3540 2595 3641 2649 po-

1990 2664 2255 2729 tuerunt,
2286 2664 2619 2719 recordare.

2060 2751 2311 2820 Populus
2366 2752 2560 2824 Kyrie,
2595 2752 2842 2808 eleison.

2059 2841 2325 2895 Sacerdos
2355 2841 2571 2897 elevans
2602 2857 2800 2898 vocem.
2837 2841 3642 2914 Suscipe,Domine,oblatio-

1986 2944 2114 2994 nes,
2157 2929 2419 2984 decimas
2450 2938 2509 2985 et
2536 2931 2851 3003 primitias,
2886 2932 3234 3003 fructusque
3260 2934 3443 3005 pacis,
3467 2934 3649 2990 sacri.

1986 3018 2260 3073 liciorum
2287 3034 2590 3075 servorum
2625 3026 2861 3075 tuorum
2908 3020 2969 3075 in
3020 3020 3264 3079 odorem
3314 3024 3646 3093 suavitatis,

1986 3113 2047 3162 et
2073 3108 2335 3163 retribue
2368 3113 2547 3180 atque
2579 3110 2749 3166 mitte
2794 3109 2991 3175 nobis,
3025 3126 3059 3165 ο
3091 3111 3420 3168 retributor
3470 3112 3647 3177 bone,

1986 3198 2238 3270 gratiam
2258 3197 2414 3253 dono
2426 3198 3162 3270 rum,amplitudinemque
3182 3215 3501 3257 munerum
3520 3218 3650 3273 quas

2000 3285 2074 3340 ad
2105 3286 2392 3341 auxilium
2444 3293 2714 3343 nostrum
2762 3292 3052 3359 spectant,
3105 3287 3653 3361 abundantiamque

1999 3380 2359 3430 aternorum
2392 3375 2708 3438 bonorum.
2740 3375 2950 3431 divites
2979 3392 3089 3431 nos
3131 3383 3195 3431 et
3237 3377 3374 3432 illos
3428 3378 3653 3434 faciens

1997 3464 2276 3535 operibus
2307 3464 2564 3536 pietatis,
2598 3470 2654 3519 et
2670 3465 2953 3536 justitise:
2981 3466 3398 3522 communiens
3420 3484 3527 3522 nos
3550 3482 3650 3523 cu.

1996 3560 2206 3614 stodiis
2243 3554 2549 3628 angelicis,
2573 3559 2632 3607 et
2661 3568 2769 3623 per
2797 3554 3235 3609 confessionem
3294 3556 3646 3611 immaculao

2001 3653 2119 3703 tam
2151 3653 2209 3701 et
2239 3643 2625 3717 apostolicam
2652 3655 2666 3694 :
2701 3641 2842 3710 quia
2873 3646 2933 3696 tu
2965 3643 3317 3714 magniﬁcus
3350 3644 3409 3699 in
3438 3658 3645 3699 mune-

1995 3737 2161 3791 ribus
2190 3752 2273 3793 es.
2308 3732 2532 3802 tibique
2562 3728 2811 3802 gloriam
2848 3734 2919 3783 et
2976 3731 3300 3801 gratiarum
3348 3734 3643 3788 actionem

1994 3825 2329 3890 referimus,
2363 3824 2423 3876 et
2448 3817 2754 3890 unigenito
2778 3816 2923 3872 Filio
2943 3823 3063 3886 tuo,
3088 3824 3147 3875 et
3167 3819 3409 3890 Spiritui
3434 3826 3640 3877 sancto

1995 3920 2117 3970 tuo.

2067 4001 2310 4072 Populus
2362 4000 2575 4053 Amen.

2066 4091 2330 4149 Sacerdos
2386 4086 2685 4142 inclinatus
2736 4088 3050 4156 Memento,
3101 4088 3369 4158 Domine,
3421 4091 3643 4163 Regum

1995 4181 2260 4238 ﬁdelium
2291 4176 2790 4241 Orthodoxorum,
2826 4182 2887 4231 et
2913 4178 3160 4249 paciﬁca
3204 4178 3521 4251 imperium
3553 4196 3649 4238 eo-

1993 4287 2149 4338 rum,
2179 4274 2239 4324 et
2267 4268 2341 4324 da
2372 4266 2491 4321 illis
2522 4271 2589 4321 ut
2643 4265 2912 4321 subditos
2958 4268 3072 4323 sibi
3130 4268 3464 4339 gubernant
3510 4285 3647 4327 cum

1995 4362 2293 4433 aquitate.

2066 4452 2325 4522 Populus.
2362 4447 2559 4519 Kyrie,
2591 4446 2839 4502 eleison.

2066 4542 2329 4597 Sarerdos
2378 4539 2592 4593 elevans
2649 4550 2847 4591 vocem.
2912 4538 3217 4606 Defensor,
3284 4542 3339 4593 et
3395 4537 3647 4594 salvator

228 4634 505 4705 quamvis
535 4634 647 4689 sim
678 4634 962 4707 indignus
989 4652 1003 4690 τ
1035 4637 1195 4693 salva
1225 4654 1320 4693 me
1343 4639 1668 4694 secundum
1696 4636 1889 4693 multi-
1919 4628 1959 4692 D
1993 4637 2119 4688 esto
2163 4630 2430 4695 Domine,
2456 4627 2866 4681 Ecclesimtuas
2887 4634 3124 4691 sanctas,
3160 4634 3218 4682 et
3236 4627 3437 4682 omnib
3465 4644 3511 4682 rs
3529 4628 3647 4683 ovi-

223 4723 498 4778 tudinem
532 4724 956 4781 misericordia
979 4732 1114 4788 tuas.
1141 4734 1204 4783 ut
1225 4744 1332 4800 per
1348 4729 1549 4784 omnia
1561 4727 1886 4801 gloriﬁcem

224 4817 286 4866 te
321 4811 600 4866 omnibus
630 4813 841 4869 diebus
869 4816 1003 4871 vita;
1033 4832 1213 4872 meas:
1241 4822 1307 4872 ut
1335 4833 1369 4872 a
1391 4818 1643 4873 terrenis
1665 4818 1885 4891 cogita-

225 4899 495 4955 tionibus
511 4916 604 4954 me
621 4916 1250 4975 removeas,purusque
1265 4909 1322 4960 et
1334 4905 1579 4973 nitidus,
1596 4913 1653 4960 et
1666 4905 1889 4976 absque

223 4989 468 5043 macula
502 4989 635 5056 sim,
671 4995 729 5046 et
754 4991 906 5046 sicut
938 4992 1256 5065 vigilantia;
1300 4995 1362 5050 in
1407 4994 1741 5051 ministerio
1792 5011 1888 5049 re-

228 5078 472 5148 quisitas
490 5080 783 5139 convenit.
808 5086 1010 5137 sancte
1034 5087 1276 5138 tractem
1296 5081 1421 5139 hiec
1449 5084 1746 5156 mysteria.
1775 5085 1888 5139 Pro

226 5165 358 5221 illis
388 5168 569 5222 etiam
602 5169 702 5239 qui
734 5170 1116 5227 inﬁrmantur
1146 5186 1412 5244 corpore,
1446 5180 1505 5229 et
1561 5174 1782 5242 anima,
1833 5178 1892 5229 et

225 5272 341 5327 pro
372 5255 496 5310 illis
529 5256 781 5328 reliquis
811 5259 911 5329 qui
974 5260 1033 5315 in
1090 5263 1537 5334 purgationibus
1589 5263 1888 5333 timendis,

224 5345 519 5416 periculis
552 5347 781 5402 scilicet
811 5348 1157 5421 exsiliisque
1181 5356 1508 5420 versantur,
1530 5358 1596 5407 ut
1619 5353 1736 5407 illis
1760 5352 1890 5423 qni-

222 5432 370 5488 dem
403 5434 742 5499 sanitatem,
778 5444 837 5491 et
865 5440 1337 5509 respirationem,
1372 5442 1501 5495 istis
1544 5457 1679 5495 vero
1713 5442 1894 5496 liber-

222 5527 421 5580 tatem
452 5528 514 5578 et
542 5524 961 5583 liberationem
982 5528 1275 5599 concedas
1317 5530 1571 5586 Benedic
1592 5530 1769 5585 etiam
1794 5546 1892 5587 co-

220 5626 399 5669 rona
424 5614 575 5670 anni
607 5631 714 5687 per
742 5616 1170 5691 benignitatem
1211 5625 1411 5685 tuam;
1462 5620 1617 5677 aeris
1656 5634 1894 5694 quoque

223 5708 293 5759 et
325 5703 604 5762 omnium
634 5710 807 5764 terra
836 5707 1160 5779 fructuum,
1189 5717 1478 5783 perpetuo
1505 5711 1842 5770 recordare.

1995 4724 2106 4778 bus
2138 4718 2545 4792 spiritualibus
2576 4732 2807 4789 pascuus
2839 4724 2953 4774 tum
2983 4734 2995 4785 ;
3026 4724 3083 4773 et
3112 4720 3271 4775 salva
3285 4734 3391 4774 nos
3412 4718 3648 4791 perfor-

1997 4811 2314 4867 titudinem
2350 4815 2532 4863 tuam.
2567 4808 2659 4862 cui
2691 4806 2837 4862 nihil
2871 4807 3237 4879 impossibile
3268 4808 3464 4878 est,ab
3482 4807 3645 4864 omni

1995 4902 2151 4957 fame
2182 4897 2414 4959 acerba,
2470 4896 2829 4952 mortalitate
2882 4898 3229 4967 perniciosa,
3278 4915 3311 4953 a
3371 4896 3539 4953 bellis
3588 4900 3647 4951 et

2000 4987 2376 5048 tumultibus.
2409 5001 2442 5039 a
2494 4985 3013 5056 persecutionibus
3059 4985 3418 5053 exitialibus,
3479 4990 3537 5040 et
3583 4986 3645 5039 in

1998 5076 2429 5148 tranquillitate
2463 5080 2521 5127 et
2550 5088 2693 5144 pace
2725 5073 2988 5146 guberna
3018 5090 3128 5130 nos
3159 5092 3290 5131 cum
3324 5090 3485 5130 cura.
3519 5090 3645 5129 om-

2000 5171 2175 5225 nibus
2207 5165 2343 5220 dieb
2389 5180 2417 5218 s
2449 5162 2581 5216 vitae
2615 5170 2854 5228 nostrai,
2887 5166 3025 5234 quia
3055 5181 3175 5219 non
3208 5171 3298 5219 est
3318 5163 3489 5219 nobis
3511 5176 3648 5234 spes

2000 5260 2118 5315 alia
2146 5257 2396 5311 salutem
2431 5253 2854 5322 consequendi,
2886 5254 3000 5309 nisi
3032 5254 3094 5308 in
3127 5259 3203 5315 te.
3234 5253 3500 5309 Domine.
3541 5258 3645 5307 Ive-

2002 5355 2162 5405 strue
2185 5346 2362 5398 etiam
2383 5356 2487 5412 per
2509 5343 2833 5411 potentiam
2859 5342 3374 5413 tuam.potentiam
3403 5342 3648 5397 illorum

2004 5440 2105 5512 qui
2129 5441 2288 5493 stant
2304 5433 2614 5489 adversum
2642 5432 2956 5502 imperium
2978 5437 3232 5498 tuum,et
3249 5445 3652 5502 unumquem-

2005 5544 2119 5603 que
2149 5524 2378 5595 subjice
2407 5520 2679 5576 servituti
2717 5520 2980 5575 nominis
3008 5521 3096 5575 tui
3129 5520 3319 5577 sancti
3346 5536 3360 5575 :
3392 5521 3534 5592 quia
3588 5522 3652 5575 tu

2003 5620 2187 5675 victor
2216 5631 2301 5677 es,
2334 5617 2391 5667 et
2419 5609 2675 5665 bellator
2703 5610 2885 5678 solus,
2918 5614 2979 5665 et
3017 5610 3123 5667 tibi
3152 5610 3403 5685 gloriam
3433 5613 3493 5667 et
3522 5620 3654 5683 grao

2006 5709 2225 5768 tiarum
2265 5702 2560 5760 actionem
2592 5700 2925 5757 referimus.
