4004 6218
474 326 594 387 975
1755 317 2128 380 LlTURGlA

548 462 810 534 Populus.
842 462 1051 516 Amen.

550 551 806 609 Sacerdos
825 547 1144 602 inclinatus.
1170 544 1736 611 Commemorantes,
1772 543 2123 599 memoriam

478 642 704 715 agimus
735 651 935 692 coram
965 640 1043 701 te,
1081 633 1348 704 Domine,
1381 638 1440 688 et
1482 633 1554 689 ad
1601 632 2034 688 obsecrandum
2066 636 2122 687 te

476 727 844 792 adducimus,
874 723 1135 794 primum
1166 722 1408 794 quidem
1466 728 1730 779 sanctam
1775 724 2122 796 genitricem

473 816 576 872 Dei
606 813 869 879 Mariam,
905 816 963 867 et
992 828 1419 883 pracursorem
1447 815 1735 868 Joannem
1778 813 2121 884 Baptistam,

473 904 837 973 Stephanum
866 900 1125 972 primum
1166 900 1584 970 Diaconorum,
1617 908 1675 957 et
1703 906 2122 973 proto-marty-

472 1008 620 1059 rem,
654 1006 987 1063 agmenque
1017 995 1357 1045 sanctorum
1388 991 1837 1062 Prophetarum,
1870 994 2123 1062 Aposto-

468 1081 683 1147 lorum,
736 1081 1079 1151 Martyrum,
1138 1079 1556 1135 Confessorum
1613 1084 1671 1133 et
1730 1079 2117 1150 reliquorum,

475 1188 728 1244 quorum
754 1172 1000 1227 nomina
1028 1171 1249 1242 scripta
1277 1176 1415 1226 sunt
1444 1171 1505 1225 in
1536 1170 1688 1225 libro
1721 1171 1876 1227 vita.

548 1271 807 1341 Populus.
840 1271 1037 1341 Kyrie,
1072 1269 1319 1325 eleison.

542 1361 806 1416 Sacerdos
835 1360 1048 1414 elevans
1076 1375 1278 1414 vocem.
1312 1360 1384 1413 Ut
1413 1358 2118 1430 deprecationesillorum

475 1453 734 1517 tuorum,
760 1447 988 1518 placide
1011 1446 1362 1518 suscipiens,
1387 1447 1684 1501 orationes
1700 1462 1904 1501 eorum
1924 1452 2117 1518 gratas

470 1537 676 1608 pietati
706 1542 821 1591 tua
851 1540 1141 1607 acceptes.
1171 1537 1288 1591 Nos
1310 1552 1546 1606 quoque
1565 1536 1931 1606 conjunctim
1953 1534 2119 1590 obse-

470 1626 797 1681 crationem
830 1625 1239 1696 imperfectam
1270 1630 1556 1693 nostram,
1590 1641 1792 1680 coram
1833 1630 1887 1678 te
1936 1624 2116 1679 simul

470 1714 852 1783 effundimus,
895 1730 1287 1786 rogamusque
1321 1720 1381 1769 et
1429 1714 1838 1785 deprecamur,
1890 1719 1948 1767 et
1995 1730 2114 1768 non

467 1809 695 1858 avertas
718 1804 932 1858 faciem
961 1808 1124 1858 tuam
1146 1820 1179 1858 a
1196 1802 1387 1867 nobis,
1412 1819 1606 1873 neque
1628 1804 1690 1857 in
1716 1803 1803 1858 ira
1823 1802 2115 1875 elongeris

469 1909 503 1947 a
533 1891 707 1947 nobis
734 1910 746 1948 :
780 1909 900 1947 non
932 1892 993 1946 in
1022 1892 1220 1947 furore
1253 1897 1352 1947 tuo
1384 1893 1692 1963 disperdas
1731 1909 1865 1959 nos,
1910 1908 2113 1947 verum

467 1982 794 2038 secundum
824 1981 1300 2038 benevolentiam
1329 1988 1489 2037 tuam
1515 1982 1756 2053 posside
1781 1999 1911 2050 nos,
1936 1988 2117 2053 etper

468 2071 892 2126 abundantiam
922 2072 1205 2128 bonitatis
1234 2078 1373 2140 tua,
1404 2087 1581 2143 parce
1610 2072 1803 2127 nobis.
1832 2071 2113 2127 Illumina

465 2160 689 2214 vultum
719 2165 888 2215 tuum
920 2177 1099 2232 super
1126 2178 1257 2227 nos,
1292 2166 1350 2215 et
1377 2177 1556 2232 super
1584 2178 1824 2217 omnem
1873 2160 2109 2232 plebem

465 2248 828 2303 hareditatis
861 2254 996 2316 tua,
1028 2250 1170 2320 quia
1186 2249 1291 2305 tibi
1313 2249 1509 2321 placet
1528 2250 1780 2306 salutem
1802 2255 2108 2322 prastare,

463 2342 524 2391 et
551 2342 652 2392 tua
682 2343 773 2392 est
799 2355 914 2409 pax
947 2344 1004 2393 et
1034 2338 1195 2394 salus
1220 2356 1233 2393 :
1268 2339 1494 2411 tibique
1523 2339 1773 2412 gloriam
1798 2344 1857 2395 et
1885 2340 2106 2412 gratia-

457 2443 592 2481 rum
623 2427 921 2482 actionem
949 2429 1274 2496 offerimus,
1307 2433 1367 2483 et
1396 2429 1701 2501 unigenito
1730 2429 1876 2484 Filio
1911 2435 2031 2485 tuo.

524 2517 790 2586 Populus.
822 2519 1035 2573 Amen.

521 2606 783 2661 Sacerdos
812 2606 1130 2664 inclinatus.
1166 2610 1458 2664 Memento
1483 2609 1682 2676 etiam,
1711 2609 1978 2679 Domine,
2003 2611 2105 2665 Pa-

448 2698 605 2749 trum
639 2695 966 2752 electorum
999 2703 1055 2752 et
1086 2703 1450 2763 sanctorum,
1512 2699 2010 2767 Patriarcharum,
2044 2704 2102 2753 et

448 2800 656 2840 eorum
679 2785 780 2856 qui
803 2786 1158 2857 interpretes
1180 2791 1238 2842 et
1258 2786 1516 2842 ministri
1539 2788 2101 2859 fueruntmysterio-

446 2889 580 2929 rum
614 2891 917 2931 sacrorum
951 2876 1225 2932 Ecclesia
1253 2883 1366 2932 tua
1393 2882 1610 2933 sancta
1640 2895 1653 2931 :
1680 2878 1935 2934 maxime
1962 2896 2098 2935 vero

445 2964 678 3035 Ignatii,
709 2965 996 3036 Dionysii,
1027 2965 1189 3035 Julii,
1221 2967 1553 3035 Athanasii,
1579 2967 2095 3039 Basilii,Gregorii,

444 3052 734 3123 Dioscori,
767 3053 984 3121 Severi,
1019 3053 1389 3125 reliquorum
1447 3055 1867 3126 Apostolorum
1899 3063 1956 3112 et
1986 3060 2100 3112 Pa-

448 3147 697 3207 storum,
738 3143 838 3213 qui
871 3142 945 3198 ad
978 3148 1033 3198 te
1072 3143 1493 3216 migraverunt.

516 3230 777 3301 Populus.
812 3233 1007 3303 Kyrie‘
1044 3232 1271 3288 eleison

513 3321 781 3376 Sacerdos
811 3321 1027 3377 elevans
1055 3338 1257 3377 vocem.
1291 3323 1591 3389 Doctores,
1644 3323 1985 3395 EpiscOpos,
2039 3330 2097 3379 et

440 3413 705 3465 rectores
731 3411 931 3466 ovium
954 3412 1620 3486 spiritualium,gregum
1639 3419 1876 3470 tuorum
1898 3431 2094 3471 sacer-

448 3497 736 3555 dotalium
768 3501 1023 3572 suscipe,
1056 3502 1328 3569 Domine,
1362 3507 1418 3557 et
1449 3519 1550 3558 eos
1584 3504 1685 3575 qui
1719 3521 1854 3559 cum
1872 3505 2095 3561 sancti-

442 3592 561 3644 tate
591 3589 907 3660 primitias,
951 3607 1117 3646 more
1164 3591 1512 3663 apostolico,
1563 3598 1850 3664 ceperunt
1901 3594 2091 3649 hare-

440 3676 641 3732 ditatis
690 3678 971 3750 pacifica,
1032 3680 1409 3753 Theologiam
1459 3681 1686 3736 scilicet
1737 3682 2089 3754 acquisitam

442 3768 728 3839 sanguine
759 3768 1003 3824 salutari
1034 3769 1250 3824 Christi
1273 3770 1561 3843 unigeniti
1586 3771 1715 3825 Filii
1742 3772 1824 3827 tui
1849 3789 1862 3827 :
1883 3789 2089 3828 eorum

440 3856 543 3927 qui
574 3856 636 3910 in
667 3856 948 3913 Ecclesiis
986 3858 1105 3913 tuis
1137 3860 1357 3914 sanctis
1388 3861 1832 3931 explicaverunt
1874 3861 2085 3928 verbis,

438 3945 688 4017 gloriam
723 3947 1181 4019 magnificentia
1210 3949 1375 4021 regni
1412 3955 1493 4003 tui
1522 3949 1790 4021 gloriosi,
1823 3956 1882 4005 et
1910 3968 2089 4021 super

437 4033 898 4089 fundamentum
918 4036 1052 4090 fidei
1069 4036 1511 4092 adificaverunt
1531 4038 1840 4094 scientiam
1853 4041 2086 4095 univer‘

442 4139 569 4176 sam
596 4139 747 4177 verae
778 4124 1108 4194 religionis,
1168 4126 1586 4198 salubremque
1621 4128 1988 4185 doctrinam:
2022 4136 2089 4185 ut

437 4225 546 4281 per
576 4209 1038 4268 intercessiones
1080 4229 1284 4270 eorum
1344 4233 1522 4287 puras
1570 4223 1629 4272 et
1670 4219 2084 4290 acceptabiles,

434 4298 705 4363 Domine,
736 4316 861 4356 non
899 4300 1166 4374 reliquas
1219 4320 1325 4359 nos
1385 4305 1686 4377 expositos
1738 4307 1971 4363 insidiis
2029 4314 2089 4364 et

435 4387 726 4459 decipulis
758 4390 978 4445 erroris
998 4391 1382 4448 multiformis
1408 4394 1750 4465 dogmatum
1772 4397 2089 4468 reproban-

430 4477 678 4533 dorum:
712 4494 916 4534 verum
961 4496 1068 4552 per
1087 4480 1415 4538 doctrinam
1446 4489 1682 4555 patrum
1714 4484 1955 4541 illorum
1976 4503 2086 4542 no-

2173 318 2236 379 S.
2284 317 2608 381 IGNATII.
3694 328 3785 387 9'10

2150 454 2205 521 Α
2306 454 2565 511 Sacerdos
2594 454 2807 511 elevans
2836 471 3036 511 vocem.
3070 453 3301 511 Placide
3333 459 3390 510 et
3403 457 3670 527 tranquille
3688 477 3788 516 sus-

2232 544 2360 615 cipe
2393 561 2498 615 per
2528 544 2959 617 benignitatem
2992 548 3179 613 tuam,
3228 545 3480 611 Domine,
3527 546 3712 601 animas
3746 555 3789 604 et

2230 633 2473 703 spiritus
2504 650 2805 689 servorum
2838 639 2897 689 et
2942 634 3321 689 adoratorurn
3370 641 3585 690 tuorum
3630 638 3708 706 qui
3736 655 3785 692 ex

2232 722 2341 778 hac
2370 725 2647 795 prasenti
2680 726 2797 780 vita
2827 725 2901 780 ad
2926 730 2979 779 te
2999 725 3394 797 migraverunt
3416 742 3428 779 :
3452 726 3670 782 maxime
3686 745 3782 783 vero

2229 811 2469 867 illorum
2502 831 2607 885 pro
2640 814 2856 885 quibus
2898 819 2956 868 et
3002 831 3109 886 per
3157 831 3303 885 quos
3352 814 3665 871 sacrificium
3705 818 3783 873 hoc

2227 900 2492 957 oblatum
2515 908 2574 957 et
2590 904 2920 974 perfectum
2939 904 3341 958 est.Memento
3365 919 3572 969 eorum,
3588 905 3783 973 quietem

2228 988 2348 1043 illis
2375 995 2607 1061 prasta,
2643 996 2700 1045 et
2730 990 2959 1046 colloca
2988 1007 3089 1046 eos
3118 991 3179 1046 in
3210 991 3549 1046 habitaculis
3592 993 3723 1061 lucis,
3746 996 3788 1048 in

2227 1077 2373 1133 locis
2403 1079 2679 1150 spiritum
2737 1080 3070 1150 beatorum,
3131 1081 3191 1134 in
3246 1078 3557 1135 Jerusalem
3605 1082 3788 1148 ccclesti,

2227 1166 2286 1221 in
2308 1168 2571 1224 Ecclesia
2593 1170 3127 1242 primogenitorum
3148 1169 3569 1241 descriptorum
3586 1170 3635 1224 in
3656 1171 3791 1241 calis,

2226 1258 2697 1329 memoriamque
2732 1264 2789 1313 et
2848 1259 3111 1330 quietem
3161 1259 3417 1314 maxime
3463 1258 3683 1324 felicem,
3720 1278 3794 1331 per

2226 1360 2491 1401 amorem
2514 1352 2682 1401 tuum
2706 1364 2841 1420 erga
2854 1347 3130 1402 homines
3149 1353 3435 1418 prastans
3453 1347 3793 1413 illis,Domine,

2225 1435 2481 1489 concede
2505 1435 2623 1490 illis
2646 1437 2822 1491 vitam
2844 1437 2994 1491 senii
3018 1437 3500 1508 expertem,bona
3519 1454 3623 1491 non
3648 1444 3793 1492 trans-

2224 1524 2445 1588 cuntia,
2479 1528 2537 1578 et
2565 1524 2809 1580 delicias
2851 1525 3031 1580 ﬁnem
3088 1542 3206 1581 non
3267 1525 3562 1581 habentes.
3609 1528 3792 1581 Veniam

2224 1611 2534 1668 obtineant
2563 1630 2670 1685 per
2698 1614 3079 1671 clementiam
3113 1620 3314 1670 tuam:
3349 1616 3593 1686 quietem
3634 1633 3793 1670 conse-

2223 1706 2483 1771 quantur
2512 1719 2618 1774 per
2646 1704 3119 1760 misericordiam
3176 1711 3341 1760 tuam
3368 1721 3380 1760 :
3432 1704 3798 1760 abscondantur

2223 1789 2330 1844 sub
2363 1790 2471 1845 alis
2501 1793 2705 1863 gratia
2739 1797 2875 1861 tua,
2910 1810 3105 1865 neque
3165 1795 3657 1861 condemnentur;
3699 1796 3798 1865 quia

2226 1886 2608 1949 speraverunt
2638 1880 2700 1936 in
2741 1887 2819 1949 te,
2880 1889 2938 1937 et
2985 1883 3363 1954 unigenitum
3416 1884 3613 1939 Filium
3659 1888 3797 1949 tuum,

2222 1984 2330 2037 per
2368 1985 2545 2040 quem
2578 1987 2688 2026 nos
2745 1988 2983 2042 quoque
3031 1989 3345 2044 speramus
3402 1973 3797 2028 misericordiam

2222 2060 2531 2128 consequi,
2565 2066 2676 2115 etc.

2290 2146 2553 2217 Populus.
2586 2150 2855 2214 Quietem
2886 2157 3120 2223 praesta.

2287 2245 2548 2301 Sacerdos
2603 2248 2927 2304 inclinatus.
2989 2251 3189 2319 Parce,
3251 2250 3499 2307 Domine
3566 2252 3712 2318 Deus,
3758 2256 3796 2304 et

2217 2331 2449 2389 dimitte
2480 2352 2686 2391 omnes
2719 2338 3066 2409 iniquitates
3096 2345 3357 2407 nostras,
3391 2348 3448 2395 et
3475 2341 3703 2407 illorum,
3727 2355 3796 2393 ne-

2216 2437 2328 2492 que
2354 2422 2484 2479 illas
2503 2424 2929 2498 imputes,quia
2945 2445 3065 2483 non
3085 2428 3453 2500 justiﬁcatur
3466 2431 3524 2484 in
3539 2434 3797 2502 conspectu

2215 2514 2314 2565 tuo
2337 2514 2530 2568 omnis
2556 2514 2777 2579 vivens,
2800 2532 2993 2588 neque
3011 2518 3167 2573 ullus
3188 2524 3279 2573 est
3300 2536 3485 2591 purus
3513 2536 3546 2575 a
3564 2518 3795 2582 sordibus,

2213 2604 2273 2654 et
2302 2600 2548 2657 maculis
2580 2605 2827 2675 peccati,
2859 2606 2975 2660 nisi
3000 2608 3366 2674 tu,Domine.
3391 2608 3740 2664 Obsecremus
3761 2610 3800 2659 et

2211 2688 2604 2759 deprecamur
2624 2693 2907 2765 abyssum
2929 2695 3508 2767 imperscrutabilem
3538 2696 3798 2753 clementia

2209 2782 2348 2848 tua,
2380 2785 2447 2835 ut
2477 2781 2650 2837 nobis
2684 2782 2967 2853 inﬁrmis,
3004 2790 3059 2840 et
3088 2784 3161 2841 ad
3191 2792 3503 2857 peccatum
3532 2784 3797 2859 propensis,

2209 2867 2440 2924 veniam
2468 2872 2762 2927 concedas
2795 2890 2901 2944 per
2931 2875 3411 2932 misericordiam
3461 2883 3631 2943 tuam,
3657 2889 3797 2945 neque

2208 2955 2472 3014 dimittas
2503 2976 2611 3015 nos
2637 2961 2702 3016 in
2750 2962 3028 3019 manibus
3059 2980 3094 3019 a
3124 2964 3347 3035 quibus
3395 2966 3725 3037 abripiamur
3757 2963 3798 3016 in

2207 3062 2469 3103 errorem
2491 3050 3019 3123 perniciosum,qui
3039 3070 3147 3108 nos
3159 3054 3235 3109 ad
3254 3054 3566 3111 interitum
3583 3055 3795 3110 deducat.

2124 3181 2166 3246 Ο
2206 3136 2317 3192 Sed
2348 3139 2606 3194 concede
2640 3145 2704 3195 ut
2732 3141 3073 3213 gradiamur
3106 3143 3167 3198 in
3199 3144 3309 3199 viis
3336 3144 3795 3211 tuis,etfaciamu5

2203 3226 2569 3283 voluntatem
2600 3235 2785 3298 tuam,
2820 3231 3315 3304 inveniamusque
3364 3234 3791 3295 misericordiam,

2201 3314 2379 3370 finem
2415 3318 2823 3388 tranquillum,
2860 3319 3260 3394 ﬁduciamque
3283 3323 3395 3378 tibi
3422 3324 3795 3395 placentem,et

2200 3405 2653 3461 consistentiam
2684 3407 2908 3479 absque
2942 3411 3295 3468 confusione
3330 3431 3532 3469 coram
3562 3414 3687 3467 solio
3714 3418 3796 3464 ter-

2198 3492 2359 3548 ribili
2393 3496 2687 3567 unigeniti
2708 3497 2840 3551 Filii
2864 3499 2970 3567 tui,
2996 3505 3061 3554 ut
3083 3501 3145 3555 in
3164 3501 3299 3568 hoc,
3326 3504 3484 3559 sicut
3513 3509 3569 3559 et
3591 3504 3644 3557 in
3664 3500 3798 3556 omni-

2196 3580 2330 3648 bus,
2363 3582 2724 3655 glorificetur
2754 3591 2814 3641 et
2869 3586 3149 3644 laudetur
3203 3607 3433 3647 nomen
3483 3599 3640 3648 tuum
3680 3588 3798 3644 valde

2198 3670 2618 3730 honorandum
2641 3681 2699 3730 et
2719 3676 3124 3745 benedictum,
3158 3680 3463 3753 simulque
3494 3680 3703 3738 Domini
3724 3694 3799 3732 no-

2197 3764 2303 3818 stri
2333 3766 2473 3820 Jesu
2503 3766 2721 3822 Christi
2755 3772 2816 3822 et
2845 3768 3097 3840 Spiritus
3130 3772 3212 3826 tui
3248 3774 3468 3843 sancti,
3502 3790 3666 3841 nunc,
3694 3776 3774 3825 etc.

2266 3855 2531 3924 Populus.
2566 3856 2656 3910 Ut.

2271 3942 2555 3999 Sacerdos.
2589 3946 2730 3999 Pax.

2264 4032 2527 4102 Papulas.
2566 4034 2640 4088 Ut
2668 4050 2804 4090 cum
2836 4036 3049 4107 spiritu
3086 4044 3205 4095 tuo.

2266 4120 2548 4176 Sacerdos.
2582 4123 2985 4181 Misericordia
3015 4127 3138 4194 Dei,
3181 4133 3295 4184 etc.

2268 4210 2524 4280 Populus.
2552 4211 2622 4265 Et
2651 4227 2785 4266 cum
2818 4214 3030 4285 spiritu
3062 4220 3183 4271 tuo.

2266 4298 2536 4355 Diaconus
2592 4300 2731 4356 dicit
2789 4301 3149 4360 Catholicam.
3205 4306 3475 4365 Sacerdos
3528 4309 3719 4378 frangit
3759 4310 3793 4357 et

2192 4389 2375 4458 signat
2397 4389 2673 4444 Oblatam.

2265 4478 2557 4535 Diaconus.
2594 4481 2874 4552 Angelus.

2145 1823 2192 1888 B

428 4571 689 4622 strorum
718 4544 1051 4640 beatorum,
1079 4570 1369 4628 conﬁrma
1393 4544 1521 4641 nds,
1555 4580 1614 4629 et
1643 4572 1821 4629 ﬁdem
1843 4574 2080 4632 illorum
2113 4544 2158 4610 D
2262 4567 2522 4625 Sacerdos
2551 4544 3035 4629 άίείενοναιίοηϐγη
3065 4582 3192 4631 ante
3220 4578 3399 4634 Pater
3426 4585 3642 4635 noster.

420 4654 610 4711 funda
640 4656 704 4713 in
734 4658 928 4726 nobis,
969 4659 1263 4733 bonisque
1305 4679 1510 4720 eorum
1542 4680 1641 4720 eos
1672 4664 1879 4737 dignos
1906 4666 2075 4724 effice

426 4747 486 4798 et
514 4760 649 4800 cum
677 4746 793 4803 illis
822 4748 1150 4807 referemus
1181 4751 1287 4807 tibi
1339 4752 1591 4824 gloriam
1637 4758 1693 4809 et
1748 4755 2073 4825 gratiarum

426 4832 744 4890 actionem.

494 4924 760 4995 Populus.
794 4928 1004 4983 Amen.

492 5012 757 5070 Saecrdos
783 5017 1102 5072 inclinatus.
1134 5019 1205 5073 Ut
1235 5019 1415 5074 etiam
1443 5035 1649 5076 eorum
1698 5024 2068 5093 memineris,

420 5101 522 5171 qui
549 5118 619 5158 ex
650 5102 760 5159 hac
787 5104 902 5160 vita
931 5105 1007 5161 ad
1036 5110 1094 5161 te
1124 5107 1547 5178 migraverunt,
1581 5115 1637 5165 te
1656 5110 2065 5182 deprecamur,

416 5190 687 5261 Domine,
720 5193 1104 5252 Sacerdotum
1135 5201 1195 5251 et
1241 5196 1659 5266 Diaconorum,
1707 5201 1807 5271 qui
1867 5219 2068 5260 coram

413 5278 586 5336 altari
613 5284 1081 5353 tuo,Sacerdotio
1104 5291 1164 5341 et
1184 5287 1510 5343 ministerio
1531 5288 1713 5345 functi
1743 5299 1898 5360 sunt,
1931 5311 2065 5350 cum

410 5371 667 5439 puritate
699 5379 757 5428 et
787 5375 1097 5430 sanctitate
1124 5392 1137 5429 :
1174 5375 1703 5447 Subdiaconorum,
1731 5382 2061 5453 Lectorum,

418 5459 873 5532 Religiosorum,
924 5466 1362 5535 Monachorum,
1414 5475 1474 5523 et
1518 5471 1786 5526 omnium
1831 5489 2059 5541 eorum,

416 5562 565 5616 quos
594 5553 1010 5625 unusquisque
1036 5555 1235 5610 animo
1273 5572 1380 5612 suo
1413 5556 1701 5631 designat.

484 5637 746 5704 Populus.
782 5642 977 5710 Kyrie,
1010 5642 1256 5700 eleison.

2261 4668 2406 4723 Vere
2438 4668 2597 4723 enim
2629 4674 2688 4724 et
2714 4670 2937 4743 absque
2970 4673 3174 4742 dubio,
3209 4681 3271 4732 tu
3302 4695 3367 4732 es
3398 4680 3574 4735 Pater
3602 4681 3792 4734 sanctus

2187 4756 2317 4812 Filii
2348 4757 2558 4825 sancti,
2592 4758 2694 4828 qui
2728 4762 3041 4819 sanctitate
3074 4765 3322 4836 aqualis
3353 4775 3447 4823 est
3468 4784 3600 4824 cum
3618 4764 3790 4838 Spiritu

2187 4849 2428 4900 sancto:
2463 4845 2563 4915 qui
2593 4846 2857 4916 perfecte
2886 4855 2946 4904 et
2973 4866 3109 4906 cum
3160 4869 3397 4911 summa
3443 4859 3715 4928 potestate
3746 4849 3787 4903 in

2185 4934 2404 4990 sanctis
2433 4934 2781 5005 requiescis,
2813 4943 2873 4993 et
2901 4946 3187 5012 perpetuo
3220 4946 3706 5000 sanctificationes
3724 4955 3787 4994 eo-

2183 5040 2316 5080 rum
2347 5023 2448 5094 qui
2481 5026 2537 5078 te
2565 5025 2939 5083 sanctiﬁcant
2987 5032 3258 5103 suscipis.
3291 5035 3375 5090 Tu
3402 5050 3468 5090 es
3497 5034 3627 5090 fons
3667 5031 3786 5086 inco-

2182 5112 2492 5180 lumitatis,
2526 5117 2586 5167 et
2613 5114 2775 5186 origo
2807 5117 3188 5190 auxiliorum,
3222 5127 3283 5177 tu
3313 5140 3376 5178 es
3405 5126 3636 5197 genitor
3653 5120 3785 5177 mise-

2179 5203 2474 5274 ricordia,
2509 5208 2568 5259 et
2596 5210 2765 5275 pater
2821 5207 3176 5282 clementia,
3229 5213 3565 5282 miserator,
3611 5212 3785 5269 fautor.

2178 5293 2417 5365 adjutor
2445 5297 2506 5347 et
2534 5292 2873 5363 auxiliator,
2906 5314 3108 5355 curam
3134 5301 3359 5358 habens
3391 5317 3722 5375 pauperum,
3746 5301 3787 5349 et

2178 5383 2467 5455 refugium
2499 5381 2881 5455 afﬂictarum,
2913 5403 3111 5444 comes
3143 5391 3373 5448 itineris
3401 5390 3786 5465 navigantium.

2174 5478 2381 5544 portus
2410 5476 2471 5525 et
2498 5470 2737 5540 requies
2774 5472 3165 5545 jactatorum,
3214 5481 3509 5551 refugium
3558 5482 3787 5551 peccato-

2174 5577 2347 5617 rum:
2381 5558 2650 5615 medicus
2683 5558 2880 5619 bonus
2928 5565 3340 5625 infirmorum:
3391 5570 3494 5640 qui
3538 5583 3690 5624 amas
3730 5563 3789 5616 la-

2175 5667 2407 5724 crymas
2441 5649 2875 5721 panitentium,
2910 5658 3270 5716 emundator
3298 5659 3582 5725 sordium,
3618 5657 3672 5711 in
3692 5651 3787 5708 illis
