4004 6226
224 393 343 454 977

1508 395 1889 458 LITURGIA
1932 398 1997 459 S.
2045 398 2366 461 IGNATII.

3528 410 3648 471 978

222 529 326 599 qui
361 528 656 599 inquinati
692 534 849 598 sunt,
908 529 1153 602 largitor
1202 531 1515 596 donorum,
1560 532 1870 587 thesaurus
1899 535 1954 600 Α
2055 517 2334 591 Sacerdos.
2381 537 2543 593 Juste
2578 542 2634 592 et
2688 539 3018 597 secundum
3049 543 3380 611 veritatem,
3433 544 3632 600 valde-

223 617 593 674 divitiarum.
627 619 706 673 Tu
738 619 812 674 ab
844 619 1039 687 initio,
1077 620 1149 675 ab
1200 625 1446 684 interno,
1494 637 1529 675 a
1589 620 1804 675 saeculo
1834 626 1891 675 et

220 711 785 779 perpetuo,sanctus
817 724 901 776 es,
934 709 1265 779 plenusque
1298 709 1631 775 sanctitate,
1663 708 1884 764 sancti—

223 797 440 851 ﬁcator
469 802 529 851 et
564 797 861 868 perfector
889 802 1250 865 sanctorum,
1285 804 1343 854 et
1373 815 1481 854 nos
1510 797 1883 870 gloriﬁcatio-

222 901 389 951 nem,
420 886 898 956 hymnommqiie
929 886 1405 942 decantationem
1438 887 1744 941 offerimus
1777 886 1882 941 tibi

222 992 359 1029 eam
393 975 584 1046 ipsam
621 992 797 1046 quam
840 993 873 1030 a
903 976 1046 1031 Filio
1079 982 1283 1032 sancto
1317 982 1436 1043 tuo,
1492 975 1633 1030 Filio
1666 981 1767 1030 tuo
1799 975 1883 1031 di-

218 1063 380 1119 lecto
421 1071 691 1119 amanter
738 1064 1099 1119 didicimus:
1160 1064 1540 1136 petimusque
1588 1071 1655 1119 ut
1708 1063 1880 1120 nobis

218 1153 502 1208 omnibus
534 1159 800 1225 praestes,
832 1159 897 1208 ut
927 1154 1103 1209 corde
1136 1154 1423 1225 puro,sed
1447 1154 1726 1209 ardenter
1747 1170 1881 1208 suc-

215 1260 402 1298 censo
434 1260 541 1314 per
568 1243 752 1297 zelum
784 1242 1165 1312 laudabilem,
1199 1243 1497 1299 orationes
1527 1248 1587 1297 et
1606 1243 1882 1313 depreca-

214 1333 414 1387 tiones
447 1338 679 1386 nostras
711 1349 911 1387 coram
933 1338 987 1386 te
1018 1332 1402 1399 effundenda,
1431 1349 1565 1387 cum
1586 1332 1876 1387 mentium

212 1421 1023 1489 illuminatione,animorum
1046 1421 1877 1493 castimonia,linguarumque

212 1512 570 1581 triumphali
595 1511 957 1575 laudatione,
981 1512 1309 1567 clamemus
1339 1512 1411 1567 ad
1448 1519 1523 1578 te,
1556 1528 1793 1566 oremus
1819 1516 1878 1565 et

211 1600 511 1668 dicamus,
544 1603 716 1656 Pater
748 1609 952 1655 noster
982 1602 1081 1671 qui
1116 1619 1179 1655 es
1210 1602 1271 1655 in
1295 1601 1478 1657 caelis.

288 1692 554 1762 Papulas.
590 1691 1003 1746 Sanctiﬁcetur
1032 1707 1250 1746 nomen
1292 1697 1479 1746 tuum.

284 1782 554 1836 Sacerdos
594 1781 808 1834 elevans
866 1796 1064 1834 vocem.
1114 1782 1214 1843 Ne,
1260 1780 1529 1841 Domine,
1563 1781 1872 1852 permittas

208 1886 329 1924 nos
348 1869 562 1940 jactari
595 1869 1002 1923 venationibus
1033 1868 1370 1936 mundanis,
1398 1868 1517 1924 sive
1536 1868 1869 1936 diabolicis,
1904 1896 1949 1960 Β

204 1960 374 2015 ultra
405 1961 463 2014 id
494 1960 648 2031 quod
682 1976 1015 2030 possumus.
1042 1960 1124 2013 ita
1152 1964 1216 2013 ut
1255 1960 1497 2014 omnino
1532 1960 1593 2013 in
1622 1959 1871 2013 infirmi-

205 2055 354 2114 tate,
385 2048 733 2121 mgritudine
794 2054 851 2101 et
880 2048 1281 2102 contractione
1316 2047 1509 2102 cordis
1540 2047 1747 2114 simus,
1808 2053 1866 2101 et

203 2155 240 2193 a
273 2138 607 2193 domestica
650 2137 1055 2191 familiaritate
1089 2142 1189 2191 tua
1220 2137 1399 2192 alieni
1434 2136 1787 2203 efﬁciamur,
1822 2138 1870 2191 si

200 2229 402 2283 nostri
434 2243 638 2282 curam
679 2244 798 2281 non
828 2226 1126 2282 habueris.
1175 2228 1254 2281 Ne
1286 2226 1366 2280 sis
1422 2226 1870 2293 immisericors,

200 2317 684 2387 Domine,neque
711 2320 938 2371 avertas
960 2315 1173 2370 faciem
1201 2320 1362 2369 tuam
1394 2332 1428 2369 a
1457 2315 1651 2382 nobis,
1676 2331 1871 2385 neque

200 2406 421 2479 procul
467 2405 648 2461 facias
679 2404 903 2460 auxilia
934 2409 1067 2470 tua;
1095 2403 1197 2458 sed
1229 2403 1425 2474 aspice
1450 2420 1580 2473 nos,
1613 2409 1670 2459 et
1700 2405 1868 2459 mitte

196 2497 461 2569 gratiam
496 2501 655 2550 tuam
689 2494 763 2549 ad
792 2498 1061 2549 nostrum
1085 2492 1440 2548 subsidium.
1478 2492 1560 2547 Ab
1593 2493 1867 2547 omnibus

197 2586 565 2642 criminibus
592 2585 781 2639 libera
799 2601 927 2651 nos,
948 2598 1143 2653 neque
1174 2583 1423 2637 inducas
1455 2598 1561 2637 nos
1592 2582 1652 2635 in
1682 2587 1868 2637 tenta-

194 2678 458 2744 tionem,
486 2675 625 2745 quia
657 2673 761 2728 tibi
795 2678 884 2728 est
940 2676 1229 2743 potestas,
1263 2676 1322 2726 et
1351 2671 1666 2743 imperium
1700 2677 1865 2726 aster-

194 2782 375 2833 num,
405 2769 463 2819 et
493 2764 596 2819 tibi
629 2762 878 2834 gloriam
918 2767 978 2816 et
1006 2762 1330 2834 gratiarum
1384 2760 1682 2816 actionem
1717 2760 1863 2815 refe-

191 2857 417 2911 rimus.

272 2943 538 3015 Populus.
580 2946 790 2998 Amen.

270 3033 557 3089 Sacerdos.
593 3034 735 3087 Pax.

272 3124 565 3178 Diaconus.
599 3123 749 3175 Ante
780 3120 1217 3190 susceptionem
1252 3117 1674 3189 mysteriorum
1726 3118 1858 3173 isto-

186 3229 336 3268 rum
378 3215 743 3275 sanctorum,
779 3225 909 3279 qua)
964 3207 1164 3262 oblata
1195 3212 1354 3272 sunt,
1412 3206 1626 3261 iterum
1659 3222 1858 3261 coram
1900 3236 1941 3302 ρ

188 3301 453 3357 Domino
485 3298 853 3355 misericordi
887 3297 1082 3368 capita
1098 3302 1300 3350 nostra
1330 3295 1710 3351 inclinemus.

270 3389 535 3460 Populus.
564 3388 775 3442 Coram
809 3390 887 3453 te,
911 3385 1180 3440 Domine.

269 3479 539 3536 Sacerdos
582 3477 797 3532 elevans
847 3491 1051 3530 vocem.
1118 3475 1263 3529 Cum
1320 3473 1487 3528 omni
1546 3478 1761 3528 natura
1809 3479 1863 3528 et

189 3574 477 3627 creatura
506 3565 835 3622 caelestium
866 3571 925 3619 et
955 3564 1352 3631 terrestrium,
1386 3580 1517 3634 qua)
1542 3568 1597 3617 te
1635 3563 1864 3618 adorat,

197 3659 479 3723 Domine,
511 3664 578 3713 ut
605 3659 806 3712 animo
835 3656 1227 3728 concipimus,
1258 3671 1367 3710 nos
1398 3670 1635 3724 quoque
1662 3654 1866 3709 adora‘

196 3750 436 3803 tionem
467 3764 666 3801 veram
698 3764 831 3801 cum
864 3745 1112 3801 cervicis
1134 3743 1494 3799 demissione
1526 3741 1635 3796 tibi
1666 3743 1862 3797 offeri-

196 3854 379 3902 mus;
414 3842 472 3890 et
493 3853 527 3891 a
563 3852 795 3891 summa
817 3835 1106 3890 charitate
1140 3839 1241 3888 tua
1270 3831 1666 3904 postulamus,
1699 3836 1765 3885 ut
1789 3831 1864 3885 il-

194 3926 465 3982 lumines
497 3926 728 3981 animas
754 3930 988 3979 nostras
1019 3923 1263 3977 veritate
1326 3926 1442 3976 tua.
1502 3920 1716 3975 Munda
1752 3937 1863 3975 nos

193 4018 466 4088 hyssopo
486 4020 583 4069 tuo
607 4014 945 4069 :sanctifica
972 4030 1081 4068 nos
1102 4012 1414 4067 sanctitate
1438 4015 1533 4065 tua
1557 4015 1860 4065 :converte

193 4122 312 4161 nos
341 4104 416 4159 ad
447 4104 722 4158 timorem
757 4109 943 4168 tuam,
969 4102 1200 4173 placeat
1232 4100 1337 4154 tibi
1367 4104 1435 4154 ut
1462 4100 1662 4153 mittas
1692 4099 1862 4154 nobis

192 4194 655 4250 benedictiones
684 4192 978 4260 tuas,etin
998 4192 1153 4245 hunc
1182 4190 1422 4245 modum
1444 4194 1620 4259 atque
1645 4188 1862 4244 talibus

195 4285 379 4339 bonis
410 4283 778 4354 locupletans
807 4298 1018 4346 nos,ne
1050 4281 1378 4352 permittas,
1414 4285 1479 4334 ut
1506 4281 1592 4334 rei
1624 4280 1861 4335 acceda-

198 4391 340 4429 mus
385 4372 460 4428 ad
490 4372 972 4427 communionem
1004 4371 1157 4425 hanc
1187 4368 1475 4424 viviﬁcam
1508 4369 1774 4440 corporis
1805 4374 1863 4424 et

198 4462 518 4534 sanguinis
546 4461 836 4534 unigeniti
868 4459 997 4515 Filii
1028 4459 1136 4526 tui,
1162 4475 1265 4529 per
1285 4474 1461 4528 quem
1492 4464 1549 4512 et
1578 4475 1713 4513 cum
1744 4475 1860 4528 quo

197 4559 259 4607 te
287 4552 464 4606 decet
489 4550 677 4623 gloria
695 4555 754 4605 et
770 4548 1089 4620 imperium
1101 4563 1238 4601 cum
1261 4547 1482 4618 Spiritu
1505 4553 1605 4603 tuo
1629 4551 1855 4603 sancto.

274 4639 539 4711 Populus.
572 4642 778 4694 Amen.

277 4730 563 4785 Sacerdos.
598 4730 739 4782 Pax.

273 4817 541 4888 Populus.
574 4819 643 4871 Et
674 4833 806 4871 cum
850 4814 1064 4886 spiritu
1096 4818 1218 4869 tuo.

276 4908 562 4963 Sacerdos.
597 4907 682 4961 Sit
712 4903 1069 4971 benedictio,
1105 4909 1216 4958 etc.

278 4996 540 5066 Populus.
566 4997 635 5049 Et
670 5011 825 5060 cum,
858 4999 970 5048 etc.

279 5088 571 5142 Diaconus.
606 5086 750 5140 Cum
784 5085 1019 5138 timore.

274 5175 562 5233 Sacerdos.
598 5175 815 5229 Sancta
846 5172 1087 5227 sanctis.

280 5265 542 5335 Populus.
579 5265 741 5319 Unus
772 5264 946 5317 Pater
974 5265 1237 5316 sanctus.

278 5354 569 5408 Diaconus.
606 5353 839 5407 Stemus
872 5350 1175 5405 decenter.

280 5444 543 5514 POpulus.
573 5442 801 5499 Gratias
832 5442 1083 5513 agimus.

1997 639 2112 692 que
2169 625 2625 694 rationabiliter,
2668 627 2963 684 debentur
3010 632 3467 703 magnificentim
3525 639 3641 688 tua)

1995 709 2202 766 laudes
2232 729 2438 769 omnes
2460 714 2887 783 indesinentes,
2920 718 3124 789 hymni
3144 724 3201 775 et
3218 722 3644 779 exsultationes

1994 800 2556 873 triumphales,quia
2576 821 2685 859 nos
2702 804 2890 861 fecisti
2904 806 3112 878 dignos
3133 824 3239 879 per
3259 809 3641 867 clementiam

1997 893 2155 943 tuam
2187 888 2340 945 dono
2359 891 2470 946 hoc
2491 891 2670 955 bono,
2696 898 2754 947 et
2769 894 3014 963 caelesti,
3046 896 3315 952 alimenti
3348 897 3525 969 hujus
3556 900 3643 954 in-

1991 979 2425 1050 corruptibilis:
2460 997 2855 1053 rogamusque
2879 1000 3144 1039 amorem
3178 990 3341 1041 tuum
3370 1004 3507 1059 erga
3536 988 3640 1042 ho-

1988 1068 2183 1123 mines
2213 1068 2597 1135 ineffabilem,
2621 1076 2688 1123 ut
2743 1088 2861 1125 non
2920 1080 3225 1129 convertas
3259 1074 3408 1130 festa
3438 1082 3641 1131 nostra

1989 1157 2050 1211 in
2083 1157 2329 1221 luctum,
2350 1174 2542 1228 neque
2564 1159 2797 1215 cantica
2828 1166 3030 1216 nostra
3048 1162 3108 1216 in
3133 1162 3637 1236 ejulatum,neque

1989 1246 2235 1317 dojicias
2258 1248 2451 1318 capita
2482 1253 2685 1302 nostra
2710 1250 3151 1320 coramjudicio
3174 1267 3186 1304 :
3212 1268 3403 1323 neque
3427 1255 3635 1308 erube-

1987 1350 2220 1389 scamus
2250 1335 2309 1389 in
2343 1336 2437 1390 die
2469 1338 2879 1405 novissimo,in
2912 1354 3027 1408 quo
3061 1340 3470 1410 unusquisque
3495 1359 3635 1396 con-

1987 1443 2191 1497 gruam
2226 1428 2768 1483 remunerationem
2823 1429 3074 1500 accipiet
3106 1448 3119 1497 ;
3165 1448 3297 1486 cum
3339 1433 3542 1503 Angcli
3577 1434 3636 1487 in

1987 1515 2198 1568 timore
2230 1515 2578 1577 consistent,
2613 1524 2671 1571 et
2700 1517 3039 1585 unigenitus
3072 1518 3254 1573 Filius
3314 1525 3446 1573 tuus
3484 1520 3638 1588 judi-

1984 1603 2160 1659 cabit.
2219 1604 2328 1659 Sed
2384 1605 2890 1676 quemadmodum
2919 1623 3148 1661 summe
3180 1608 3628 1663 misericordem

1984 1708 2121 1761 erga
2138 1694 2667 1762 nosteexhibuisti,
2692 1711 2865 1765 parce
2887 1695 3364 1765 pusillanimitati
3395 1703 3632 1766 nostris,

1983 1782 2267 1837 miserere
2293 1783 2658 1839 infirmitatis
2702 1790 2929 1839 naturae
2963 1790 3198 1849 nostra),
3235 1803 3354 1841 non
3388 1788 3447 1840 in
3473 1786 3631 1856 judi-

1982 1870 2162 1937 cium,
2212 1878 2313 1926 aut
2360 1873 2919 1928 condemnationem
2978 1880 3261 1945 reputans
3316 1876 3486 1930 nobis
3518 1876 3629 1929 hoc

1980 1977 2197 2015 munus
2231 1962 2528 2030 tuum,sed
2560 1962 2633 2016 ad
2665 1964 3061 2028 sanctitatem,
3085 1969 3144 2018 et
3172 1964 3533 2034 vigilantiam
3571 1969 3629 2017 et

1977 2050 2253 2105 viaticum
2286 2052 2495 2105 salutis
2524 2053 2837 2105 nostraaEt
2868 2057 2923 2106 te
2950 2053 3120 2107 decet
3149 2053 3355 2124 gloria,
3412 2052 3621 2119 honor,

1977 2146 2035 2195 et
2058 2141 2398 2212 imperium,
2433 2141 2731 2211 simulque
2761 2141 3066 2213 unigenito
3098 2141 3243 2196 Filio
3277 2147 3375 2197 tuo
3408 2146 3465 2195 et
3497 2142 3627 2213 Spi-

1976 2231 2115 2285 ritui
2148 2230 2524 2285 sanctissimo
2559 2235 2678 2285 tuo.

2046 2320 2307 2390 Populus.
2339 2321 2546 2374 Amen.

2046 2409 2330 2465 Sacerdos.
2359 2410 2496 2463 Pax.

2048 2499 2310 2569 Populus.
2345 2500 2414 2553 Et
2442 2514 2577 2553 cum
2608 2498 2819 2570 spiritu
2850 2503 2979 2556 tuo.

2047 2590 2333 2644 Diaconus.
2368 2590 2527 2655 Post,
2561 2593 2672 2643 etc.

2047 2679 2309 2749 Populus.
2343 2679 2553 2733 Coram
2578 2682 2654 2733 te.

2044 2769 2305 2825 Sacerdos
2334 2769 2548 2824 elevans
2578 2783 2777 2823 vocem.
2831 2767 2956 2822 Tibi
2989 2768 3091 2838 qui
3128 2769 3365 2840 genitus
3394 2774 3484 2823 est
3540 2768 3612 2824 ab

1976 2864 2296 2925 aaterno,ex
2317 2857 2545 2912 lumine
2577 2862 2824 2924 esterno,
2852 2861 2910 2911 et
2938 2857 3284 2913 incarnatus
3306 2874 3369 2912 es
3390 2857 3611 2928 absque

1970 2948 2092 3003 ulla
2120 2949 2473 3012 mutatione,
2507 2965 2578 3003 ex
2607 2952 2774 3002 utero
2805 2946 3095 3019 virginali,
3119 2947 3336 3020 gratias
3368 2949 3621 3018 agimus,

1969 3042 2029 3091 et
2055 3041 2121 3090 ut
2149 3036 2481 3106 requiescat
2506 3035 2751 3090 dextera
2779 3040 2880 3090 tua
2909 3051 3087 3106 super
3115 3052 3224 3090 nos
3264 3052 3472 3090 omnes
3493 3052 3625 3107 per-

1968 3131 2169 3197 petuo,
2231 3124 2623 3196 postulamus.
2658 3124 3003 3179 Sacerdotes
3051 3122 3256 3178 altaris
3304 3124 3390 3178 tui
3439 3124 3625 3195 gloria

1970 3212 2162 3279 afflce,
2196 3218 2254 3267 et
2309 3212 2720 3267 ministrantes
2772 3211 2878 3266 tibi
2937 3211 3000 3265 in
3048 3211 3273 3266 honore
3305 3211 3623 3266 constitue.

1974 3302 2152 3358 Senes
2184 3300 2640 3356 mansuetudine
2690 3316 2836 3356 orna
2866 3305 2925 3355 et
2953 3299 3207 3371 adjuva;
3236 3299 3493 3371 impetus
3517 3301 3626 3372 ju-

1974 3408 2188 3447 venum
2220 3407 2426 3446 coerce
2459 3406 2472 3457 ;
2506 3407 2721 3461 pueros
2743 3390 2929 3445 educa
2958 3390 3020 3444 in
3065 3389 3375 3455 modestia,
3435 3395 3493 3444 et
3551 3389 3626 3444 ad

1971 3496 2270 3535 summum
2294 3479 2559 3534 scientiaa
2583 3480 2811 3550 apicem
2839 3477 3624 3549 perducito.Sana,Domine,

1970 3567 2439 3635 infirmos,ablue
2463 3567 2725 3622 maculas
2747 3572 3123 3638 peccatorum
3153 3585 3167 3633 ;
3188 3566 3435 3636 obsigna
3451 3582 3625 3621 cruce

1970 3663 2072 3714 tua
2096 3658 2390 3730 virgines;
2424 3656 2653 3712 custodi
2687 3657 2906 3711 lectum
2941 3656 3391 3728 conjugatorum
3417 3656 3620 3721 ;mitte

1970 3748 2173 3819 egenis
2205 3747 2609 3812 saturitatem;
2660 3751 2785 3800 esto
2820 3745 3222 3816 orphanorum
3254 3749 3511 3811 curator,
3561 3750 3622 3799 et

1968 3835 2332 3891 confortator
2358 3833 2691 3889 viduarum.
2734 3836 2915 3889 Parce
2963 3832 3082 3887 illis
3131 3833 3231 3903 qui
3259 3838 3619 3903 acceperunt

1969 3940 2181 3995 corpus
2214 3930 2378 3979 tuum
2407 3940 2421 3989 ;
2455 3927 2512 3977 et
2541 3938 2643 3977 eos
2665 3922 2765 3993 qui
2789 3922 3067 3977 biberunt
3097 3938 3167 3977 ex
3184 3921 3470 3993 sanguine
3492 3925 3614 3991 tuo,

1966 4014 2226 4087 perfecte
2256 4011 2790 4086 puriﬁca.Benedic
2812 4010 2930 4065 illis
2952 4011 3053 4082 qui
3077 4027 3183 4082 per
3198 4026 3437 4064 crucem
3454 4015 3617 4065 tuam

1968 4103 2216 4158 salutem
2274 4100 2580 4157 consecuti
2637 4104 2778 4154 sunt
2810 4120 2824 4165 ;
2856 4099 3162 4154 sanctifica
3218 4098 3396 4154 etiam
3429 4115 3618 4170 agnos

1966 4190 2158 4264 gregis
2184 4190 2293 4251 tui.
2337 4204 2473 4243 oves
2508 4194 2638 4242 tuas
2684 4185 2875 4241 adduc
2905 4185 2979 4241 ad
3009 4185 3157 4241 ovile
3189 4190 3356 4240 tuum
3391 4202 3403 4239 :
3439 4201 3620 4256 agnos

1966 4286 2097 4336 tuos
2130 4281 2191 4335 in
2224 4279 2512 4335 doctrinis
2544 4277 2660 4332 tuis
2693 4277 3005 4340 conﬁrma,
3038 4292 3529 4348 unumquemque
3561 4276 3623 4331 in

1963 4370 2149 4444 gradu
2182 4374 2241 4424 et
2270 4368 2476 4424 ordine
2499 4384 2606 4424 suo
2623 4367 2926 4438 visita,per
2941 4366 3411 4422 misericordiam
3434 4372 3619 4421 tuam-

1963 4462 2079 4516 Nos
2101 4464 2322 4524 autem,
2358 4458 2624 4523 Domine,
2649 4472 2848 4512 servos
2880 4459 3100 4524 tuos,et
3124 4454 3453 4511 sacerdotio
3481 4453 3617 4508 fun-

1967 4553 2175 4622 gentes
2210 4548 2334 4607 tibi.
2369 4547 2576 4619 dignos
2607 4546 2776 4602 efﬁce
2832 4544 3058 4601 visione
3089 4543 3174 4600 tui
3208 4561 3221 4611 ;
3256 4559 3366 4598 nos
3409 4557 3617 4597 omnes

1890 4607 1939 4671 ί)
1968 4607 2159 4694 adduc
2190 4636 2264 4691 ad
2322 4607 2724 4691 habitaculum
2758 4639 2923 4690 tuum
2950 4607 3218 4700 ;mentes
3258 4636 3493 4686 nostras
3524 4630 3620 4684 tir-

1968 4743 2096 4782 mas
2127 4726 2296 4781 efﬁce
2328 4725 2391 4779 in
2420 4724 2739 4779 dilectione
2769 4726 2872 4777 tua
2904 4739 2917 4787 ;
2951 4721 3106 4777 oculi
3162 4721 3349 4775 nostri
3378 4719 3619 4775 videant

1968 4814 2345 4887 majestatem
2359 4813 2688 4869 timendam
2707 4818 2869 4868 tuam
2895 4828 2908 4878 ;
2925 4827 3029 4867 ora
3050 4816 3253 4866 nostra
3272 4810 3617 4881 repleantur

1970 4903 2539 4961 sanctificationibus
2571 4903 2689 4958 tuis
2717 4919 2730 4969 ;
2761 4899 2920 4955 labia
2951 4904 3173 4966 nostra,
3201 4899 3469 4965 Domine,
3494 4898 3620 4953 lau-

1970 4994 2074 5049 des
2110 4998 2237 5047 tuas
2267 4992 2676 5063 pronuntient,
2705 4990 3014 5060 Patrisque
3072 4988 3155 5042 tui
3206 4985 3501 5042 benedicti
3561 4990 3620 5040 et

1970 5083 2151 5140 beati.
2184 5086 2242 5135 et
2271 5081 2522 5151 Spiritus
2554 5080 2662 5145 tui,
2722 5078 2856 5146 vivi,
2920 5076 3129 5146 sancti,
3187 5074 3533 5131 vivificantis
3565 5078 3625 5131 et

1972 5171 2081 5226 tibi
2107 5167 2654 5225 consubstantialis.

2044 5260 2308 5330 Populus.
2344 5261 2551 5314 Amen.

2046 5349 2248 5403 Diacon
2263 5364 2342 5403 us.
2377 5346 2653 5411 Benedic,
2693 5344 2963 5400 Domine.

2048 5438 2331 5493 Sacerdos.
2365 5435 2618 5492 Benedic
2647 5433 2944 5489 omnibus.
