4004 6218
220 377 334 438 981

1695 381 2189 445 MARTYRIUM

3521 387 3644 449 981

221 511 329 564 θῶν
360 510 452 564 καὶ
485 513 671 566 Δακῶν
702 511 794 566 καὶ
826 512 1024 587 ἑτέρων
1054 512 1282 570 πολλῶν
1334 515 1525 585 ἐθνων,
1581 515 1670 571 καὶ
1701 514 1842 591 νομί

1980 517 2281 589 reportata
2301 510 2512 580 elatus,
2536 509 2611 565 ad
2632 508 3066 581 subjectionem
3097 511 3364 567 omnium
3397 514 3507 570 sibi
3530 518 3641 572 ad-

218 620 408 663 σαντος
461 596 540 654 ἔτι
598 598 806 655 λείπειν
866 602 1014 674 αὐτῴ
1073 606 1207 679 πρὸς
1266 610 1435 660 πᾶσαν
1494 602 1772 681 ὑποταγὴν
1809 600 1871 660 τὸ

211 690 323 743 τῶν
381 690 716 763 Χριστιανῶν
773 687 1022 755 θεοσεϐὲς
1070 694 1343 767 σύστημα,
1401 692 1491 750 καὶ
1547 695 1595 749 εἰ
1655 695 1731 768 μὴ
1770 693 1871 764 την

211 782 322 832 τῶν
353 775 626 851 δαιμόνων
676 776 896 835 ἕλοιντο
947 781 1197 858 λατρείαν
1248 783 1381 855 μετά
1424 788 1637 839 πάντων
1682 783 1866 839 ὑπεισ-

216 868 353 922 ιὲναι
384 873 490 923 τῶν
550 867 739 939 ἐθνῶν,
798 866 1042 945 διωγμὸν
1100 872 1386 946 ὑπομένειν
1444 872 1866 942 ἀπειλήσαντος,

209 956 414 1021 πάντας
445 962 559 1029 (93)
586 957 717 1020 τοὺς
758 955 994 1024 εὐσεϐῶς
1024 966 1225 1031 ζῶντας
1283 967 1318 1033 ἢ
1380 963 1523 1027 θύειν
1552 963 1587 1033 ἢ
1612 960 1866 1034 τελευτᾷν

208 1046 636 1121 κατηνάγκαζεν.
693 1048 829 1105 Τότε
883 1048 1064 1105 τοίνυν
1124 1048 1389 1129 φοϐηθεὶς
1447 1053 1578 1126 ὑπὲρ
1616 1056 1716 1121 τῆς
1747 1054 1868 1108 Ἀν-

206 1135 446 1215 τιοχὲων
481 1136 811 1208 Ἐκκλησίας
843 1139 872 1192 6
903 1144 1154 1213 γενναῖος
1200 1146 1298 1197 τοῦ
1329 1142 1569 1216 Χριστοῦ
1600 1140 1868 1212 στρατιώ-

204 1245 333 1296 της,
393 1226 657 1288 ἑκουσίως
712 1224 879 1304 ἤγετο
939 1230 1075 1300 πρὸς
1131 1230 1399 1307 Τραϊανὸν
1442 1231 1575 1305 (94).
1609 1228 1866 1306 διάγοντα

207 1314 306 1387 μὲν
338 1316 456 1369 κατ’
513 1313 715 1371 ἔκεῖνον
773 1318 865 1371 τὸν
920 1319 1108 1393 καιρὸν
1161 1320 1296 1375 κατὰ
1345 1322 1445 1390 τὴν
1499 1321 1861 1394 Ἀντιόχειαν,

204 1400 583 1474 σπουδάζοντα
635 1402 694 1459 δὲ
754 1404 840 1461 ἐπὶ
899 1408 1183 1481 Ἀρμενίαν
1238 1410 1326 1464 καὶ
1390 1409 1652 1484 Πάρθους.
1684 1410 1773 1471 Ὠς
1803 1406 1862 1464 δὲ

200 1493 341 1546 κατὰ
392 1493 684 1568 πρόσωπον
745 1492 873 1565 ἔστη
906 1498 1177 1571 Τραϊανοῦ
1233 1502 1330 1553 τοῦ
1391 1498 1734 1573 βασιλεωςοιι
1766 1500 1860 1562 Τίς

200 1586 276 1650 εἴ,
333 1581 697 1657 κακόδαιμον,
754 1586 851 1647 τὰς
898 1586 1167 1661 ἡμετέρας
1224 1584 1540 1657 σπουδαζων
1598 1586 1861 1659 διατάξεις

202 1666 574 1745 ὑπερϐαίνειν,
611 1675 744 1745 μετᾶ
795 1675 858 1729 τὸ
900 1676 1011 1748 (95)
1042 1676 1131 1731 καὶ
1165 1676 1379 1753 ἑτέρους
1418 1677 1743 1746 ἀναπείθειν,
1768 1676 1860 1733 ’ίνα

195 1766 385 1823 κακῶς
414 1759 767 1832 ἀπολῶνταις
802 1789 829 1815 ›η
865 1765 1122 1840 Ἰγνάτιος
1162 1767 1331 1821 εἶπεν·
1369 1790 1397 1819 ‹‹
1431 1766 1625 1829 Οὐδεὶς
1656 1768 1855 1845 Θεοφό·

199 1870 295 1923 ρον
328 1849 599 1905 ἀποκαλεῖ
625 1849 1018 1924 κακοδαίμονα·
1082 1854 1412 1928 ἄφεστήκασι
1461 1857 1563 1932 γὰρ
1613 1856 1719 1912 ἀπὸ
1748 1862 1854 1912 τῶν
1889 1880 1933 1945 Β

198 1935 419 1993 δούλων
448 1944 546 1994 τοῦ
578 1944 712 1994 Θεοῦ
742 1942 808 1995 τὰ
839 1939 1112 2015 δαιμόνια.
1150 1944 1209 2001 Ei
1252 1942 1330 2013 δὲ,
1362 1944 1447 2002 δτι
1475 1945 1693 2009 τούτοις
1723 1944 1856 2002 ἐπα·-

197 2029 346 2101 χθής
380 2026 518 2101 είμι,
553 2030 665 2102 [καί
700 2032 838 2103 (96)]
897 2032 1061 2087 κακόν
1121 2052 1186 2107 με
1241 2035 1377 2110 πρὸς
1435 2034 1561 2097 τοὺς
1590 2033 1853 2110 δαίμονας

192 2116 518 2188 ἀποκαλεῖς,
575 2121 959 2197 συνομολογῶ.
1021 2124 1251 2197 Χριστὸν
1308 2124 1413 2201 γαρ
1444 2122 1588 2201 ἔχων
1617 2122 1854 2201 ἐπουρά-

186 2227 309 2260 νιον
379 2207 628 2281 βασιλέα,
697 2210 792 2272 τὰς
849 2212 1058 2266 τούτων
1116 2212 1373 2268 καταλύω
1433 2208 1756 2277 ἐπιϐουλάς.
1821 2239 1849 2267 ››

185 2296 456 2369 Τραϊανὸς
490 2298 658 2353 εἶπεν
695 2322 722 2350 ‹‹
758 2301 861 2355 Καὶ
889 2300 972 2363 τίς
1003 2301 1112 2357 ἐστι
1155 2299 1467 2379 Θεοφόροςς
1515 2326 1544 2356 »ι
1594 2305 1847 2380 Ἰγνάτιος

182 2381 535 2457 ἀπεκρίνατο’
573 2407 595 2435 ε
617 2387 675 2443 Ὀ
707 2387 937 2463 Χριστὸν
972 2385 1115 2463 ἔχων
1170 2387 1221 2444 ἐν
1280 2393 1538 2465 στέρνοις.
1593 2415 1620 2441 ι)
1651 2394 1849 2465 Τραϊα-

185 2470 286 2535 νὸς
318 2472 486 2527 εἶπενθ
523 2498 550 2525 ‹‹
580 2474 775 2547 Ἡμεῖς
835 2475 926 2532 οὖν
979 2497 1061 2532 σοι
1122 2475 1388 2553 δοκοῦμεν
1444 2479 1580 2535 κατᾶ
1607 2484 1732 2535 νοῦν
1767 2482 1843 2555 μή

190 2558 342 2636 ἔχειν
386 2560 561 2625 θεοὺς,
595 2564 678 2626 οἷς
735 2565 825 2620 καὶ
888 2566 1151 2640 χρώμεθα
1202 2567 1523 2645 συμμάχοις
1553 2568 1689 2643 πρὸς
1717 2568 1847 2635 ι-,τοῖδς

183 2649 532 2724 πολεμίους;
572 2677 601 2704 ››
662 2654 927 2729 Ἰγνάτιος
986 2654 1152 2710 εἶπεν·
1207 2680 1230 2710 ιι
1284 2657 1366 2713 Τὰ
1429 2654 1683 2731 δαιμόνια
1737 2662 1845 2715 τῶν

183 2738 353 2803 ἐθνῶν
418 2743 571 2805 θεοὺς
646 2744 1075 2821 προσαγορεύεις
1154 2745 1528 2822 πλανώμενος·
1598 2750 1676 2810 εἷς
1740 2749 1841 2826 γὰρ

182 2827 331 2885 ἔστιν
383 2832 530 2904 Θεὸς,
582 2831 609 2886 6
665 2836 897 2905 ποιήσας
954 2835 1044 2891 τὸν
1094 2835 1319 2912 οὐρανὸν
1368 2836 1457 2892 καὶ
1486 2837 1586 2906 τήν
1617 2844 1717 2912 γῆν
1750 2841 1837 2897 καὶ

180 2920 291 2986 τήν
322 2916 609 2994 Θάλασσαν,
638 2921 726 2977 καὶ
778 2923 952 2981 πάντα
1005 2924 1071 2980 τὰ
1130 2923 1183 2979 ὲν
1241 2925 1447 2991 αὐτοῖς’
1474 2928 1561 2982 καὶ
1596 2928 1676 2990 εἷς
1710 2933 1840 3005 Χρι-

185 3007 316 3072 στὸς
369 3010 603 3082 Ἰησοῦς,
636 3012 664 3066 6
695 3010 818 3075 Υἱὸς
876 3016 973 3067 τοῦ
1030 3018 1162 3069 Θεοῦ
1195 3014 1223 3069 6
1257 3018 1581 3093 μονογενὴς,
1635 3018 1698 3072 οὗ
1738 3025 1839 3089 τῆς

184 3095 473 3171 βασιλείας
504 3098 733 3173 ὀναίμην
765 3102 777 3157 l
813 3125 839 3153 η
888 3102 1152 3177 Τραϊανὸς
1184 3104 1353 3159 εἶπεν·
1389 3128 1417 3156 ‹‹
1450 3104 1558 3161 Τὸν
1588 3126 1836 3181 σταυρω-

180 3186 344 3241 Θὲντα
376 3186 552 3263 λὲγεις
582 3188 669 3244 ἐπὶ
702 3190 929 3245 Ποντίου
961 3189 1239 3265 Πιλάτους
1293 3217 1321 3246 ››
1374 3194 1636 3271 Ἰγνάτιος
1664 3195 1831 3251 εἶπεν·

178 3299 209 3327 ‹‹
240 3275 353 3331 Τὸν
410 3274 888 3354 ἀνασταυρώσαντα
943 3280 1041 3350 τήν
1098 3280 1235 3355 ἐμήν
1270 3281 1535 3358 ἁμαρτίαν
1580 3285 1839 3356 μετᾶτοῦ

173 3363 386 3435 ταύτης
436 3366 674 3442 εὑρετοῦ,
724 3366 814 3423 καὶ
847 3373 1021 3424 πᾶσαν
1053 3367 1483 3428 καταδικάσαντα
1516 3368 1840 3447 δαιμονικὴν

186 3451 412 3523 πλάνην
469 3450 558 3511 καὶ
626 3454 816 3513 κακίαν
886 3456 990 3512 ὑπὸ
1046 3459 1174 3521 τοὺς
1234 3456 1406 3523 πόδας
1452 3464 1559 3517 τῶν
1593 3460 1754 3517 αὐτὸν
1789 3461 1839 3517 ἐν

181 3540 388 3616 καρδία
445 3547 775 3622 φοροῦντων.
813 3570 839 3596 ››
897 3550 1163 3619 Τραΐανός
1223 3548 1391 3604 εἶπεν·
1452 3574 1480 3602 ‹‹
1538 3551 1613 3604 Σὺ
1661 3546 1755 3606 οὗν
1788 3550 1839 3606 ἐν

178 3632 364 3700 ἑαυτῷ
423 3631 604 3708 φέρεις
660 3633 751 3687 τὸν
809 3636 1224 3711 σταυρωθέντας
1291 3660 1319 3689 ››
1376 3636 1638 3713 Ἰγνάτιος
1670 3640 1838 3695 εἶπεν·

182 3744 208 3772 ιι
281 3720 401 3774 Ναί’
464 3720 760 3796 γέγραπται
816 3724 938 3798 γάρ·
998 3726 1304 3797 Ἐνοικήσω
1376 3724 1427 3781 ἰν
1485 3726 1689 3793 αὐτοῖς.
1751 3727 1840 3785 καὶ

177 3808 638 3881 ἐμπεριπατήσω.
695 3835 724 3862 ››
784 3813 1046 3886 Τραϊανὸς
1101 3814 1431 3892 ἀπεφήνατο·
1496 3839 1523 3868 ιι
1581 3817 1839 3893 Ἰγνάτιον

177 3897 616 3972 προσετάξαμεν,
671 3902 762 3955 τὸν
815 3899 866 3955 ἐν
915 3903 1087 3974 ἑαυτῷ
1135 3902 1363 3978 λέγοντα
1402 3904 1707 3985 περιφὲρειν
1747 3904 1838 3961 τὸν

177 3985 614 4063 ἐσταυρωμένον,
674 3987 894 4063 δέσμιον
961 3993 1064 4047 ὑπὸ
1139 4001 1483 4066 στρατιωτῶν
1550 3996 1836 4072 γενόμενον

181 4074 411 4149 ἄγεσθαι
442 4078 586 4153 παρὰ
641 4082 740 4149 τὴν
799 4079 1041 4155 μεγάλην
1095 4082 1339 4156 Ῥώμην,
1374 4086 1573 4159 βρῶμα
1604 4088 1839 4163 γενησό-

188 4183 352 4236 μενον
380 4168 588 4238 θηρίων
620 4167 697 4230 είς
726 4167 914 4244 τέρψιν
971 4175 1070 4225 τοῦ
1129 4166 1310 4245 δήμου
1340 4174 1474 4248 (97).
1511 4196 1539 4226 ιι
1570 4176 1781 4245 Ταύτης
1811 4178 1838 4232 6

171 4250 334 4341 ἅγιος
383 4256 589 4331 μάρτυς
635 4257 938 4322 ἐπακούσας
983 4268 1083 4329 τῆς
1120 4263 1466 4339 ἀποφάσεως,
1502 4265 1634 4336 μετὰ
1667 4271 1839 4341 χαρᾶς

169 4338 428 4411 ἐϐόησεν
489 4367 515 4395 ιι
550 4344 879 4422 Εὑχαριστῶ
938 4370 1045 4414 σοι,
1101 4338 1361 4420 Δέσποτα,
1422 4353 1507 4409 ὅτι
1561 4375 1626 4426 με
1655 4338 1838 4427 τελείᾳ

168 4435 245 4504 τῇ
278 4434 416 4506 πρὸς
446 4436 501 4489 σὲ
532 4436 711 4511 ἀγαπῃ
766 4442 996 4511 τιμῆσαι
1038 4439 1401 4514 κατηξίωσας,
1434 4448 1512 4515 τῷ
1544 4443 1837 4518 ἁποστόλῳ

168 4541 276 4573 σου
306 4518 509 4594 Παύλῳ
568 4520 792 4597 δεσμοῖς
845 4525 1110 4597 συνδήσας
1176 4527 1445 4605 σιδηροῖς.
1484 4556 1510 4583 ι»
1545 4534 1728 4589 Ταῦτα
1759 4534 1831 4587 εί-

1869 3239 1918 3306 C

1976 604 2092 659 huc
2119 600 2282 674 pium
2312 596 3029 670 Christianorum-corpus
3063 600 3270 656 deesse
3303 609 3630 676 ratus.per-

1977 693 2488 761 secutionemque,
2512 689 2627 745 nisi
2649 690 2991 745 daemonum
3017 690 3243 747 cultum
3271 708 3407 748 cum
3433 698 3631 753 omni-

1976 784 2085 839 bus
2108 779 2384 854 gentibus
2405 779 2929 850 amplecterentur,
2955 780 3235 847 minatus,
3255 797 3462 839 omnes
3484 786 3625 841 reli-

1974 870 2134 945 giose
2167 871 2423 924 viventes
2475 874 2577 924 aut
2632 869 2969 925 sacriﬁcare
3025 876 3128 926 aut
3171 872 3321 926 mori
3353 874 3620 945 cogebat.

1974 962 2117 1015 Tum
2147 973 2281 1015 vero
2310 972 2415 1030 pro
2476 957 2845 1013 Antiochena
2900 952 3160 1013 Ecclesia
3196 962 3624 1030 pertimescens

1973 1061 2297 1122 generosus
2327 1047 2543 1102 Christi
2568 1046 2755 1109 miles,
2780 1051 2991 1117 sponte
3013 1046 3224 1103 ductus
3254 1055 3346 1103 est
3375 1050 3449 1105 ad
3478 1053 3621 1107 Tra-

1966 1139 2200 1209 janum,
2223 1136 2325 1208 qui
2348 1152 2417 1193 eo
2440 1141 2707 1207 tempore
2729 1136 3055 1191 Antiochia:
3077 1137 3316 1206 quidem
3350 1141 3625 1197 moraba-

1974 1233 2088 1290 tur,
2113 1226 2214 1281 sed
2238 1231 2446 1281 contra
2467 1225 2804 1279 Armeniam
2824 1230 2882 1278 et
2902 1225 3149 1280 Parthos
3176 1225 3260 1281 ire
3282 1226 3621 1285 festinabat.

1974 1318 2044 1373 Ut
2064 1328 2202 1371 vero
2235 1316 2297 1370 in
2327 1319 2647 1385 conspectu
2703 1314 2938 1385 Trajani
3000 1314 3378 1385 imperatoris
3418 1320 3619 1374 stetit:

1972 1428 2000 1456 «
2028 1406 2169 1471 Quis
2201 1420 2284 1470 es,
2318 1404 2535 1475 inquit,
2567 1420 2601 1458 ο
2631 1403 3027 1473 cacodsemon,
3060 1403 3161 1474 qui
3209 1412 3413 1461 nostra
3454 1423 3622 1463 man-

1969 1495 2107 1551 data
2135 1494 2468 1564 transgredi
2500 1493 2766 1559 eniteris,
2791 1493 3087 1563 simulque
3118 1493 3252 1549 aliis
3282 1495 3518 1563 suades,
3548 1503 3614 1552 ut

1968 1584 2120 1640 male
2150 1582 2447 1656 pereant?
2469 1602 2498 1633 »
2529 1583 2785 1653 Egnatius
2808 1581 3151 1653 respondit:
3174 1603 3200 1633 α
3229 1585 3412 1639 Nemo
3433 1585 3622 1642 Theo-

1966 1675 2221 1747 phorum
2250 1678 2418 1728 vocet
2445 1672 2925 1729 cacodaamonem
2949 1689 2963 1737 ;
3011 1671 3430 1729 abscesserunt
3458 1676 3619 1731 enim

1967 1764 2260 1820 daemonia
2289 1778 2323 1817 a
2353 1762 2536 1817 servis
2567 1762 2689 1816 Dei.
2724 1761 2827 1816 Sin
2876 1776 3032 1826 vero,
3080 1762 3221 1831 quia
3260 1763 3334 1817 iis
3363 1763 3618 1821 infestus

1965 1869 2119 1921 sum,
2152 1866 2246 1907 me
2279 1852 2457 1907 etiam
2492 1850 2711 1905 malum
2743 1850 2804 1904 in
2853 1850 3156 1905 dmmonas
3183 1866 3373 1915 vocas,
3405 1868 3616 1908 ascen-

1966 1943 2098 1997 tior.
2119 1944 2262 1996 Cum
2286 1940 2448 1994 enim
2472 1938 2723 1993 habeam
2750 1937 3047 1993 Christum
3073 1938 3371 1993 caelestem
3390 1956 3611 2011 regem,

1964 2030 2213 2087 insidias
2241 2030 2484 2085 illorum
2516 2028 2790 2084 dissolvo.
2823 2050 2851 2079 »
2907 2030 2983 2082 At
3035 2028 3319 2098 Trajanus
3346 2045 3358 2082 :
3410 2050 3439 2080 α
3471 2031 3613 2095 Quis

1963 2117 2615 2190 est,alt,'l‘heophorus?
2644 2136 2670 2169 ε
2700 2117 2960 2189 lgnatius
2990 2116 3336 2189 respondit:
3368 2138 3396 2169 ιι
3428 2119 3610 2191 ls,qui

1963 2210 2143 2265 habet
2170 2209 2470 2264 Christum
2497 2209 2559 2265 in
2582 2214 2839 2279 pectore.
2868 2229 2895 2257 »
2923 2208 3068 2261 Tum
3096 2208 3385 2278 Trajanus
3411 2225 3423 2261 :
3447 2230 3475 2258 «
3500 2216 3615 2264 An-

1963 2318 2083 2357 non
2115 2300 2384 2357 videmur
2412 2297 2542 2365 tibi,
2575 2297 2788 2370 inquit,
2823 2302 2880 2351 et
2923 2313 3033 2351 nos
3061 2297 3121 2350 in
3151 2296 3352 2351 animo
3382 2303 3612 2369 gestare

1961 2390 2104 2444 deos
2134 2393 2390 2455 nostros,
2431 2385 2647 2457 quibus
2702 2386 2984 2441 adversus
3015 2386 3214 2440 hostes
3245 2385 3615 2456 adjutoribus

1959 2479 2184 2533 utimur
2202 2478 2230 2533 ‘I
2252 2501 2279 2528 »
2307 2478 2567 2551 ignatius
2594 2476 2934 2551 respondit:
2962 2502 2989 2529 ‹‹
3020 2478 3320 2535 Βιθωοιιίει
3342 2478 3607 2552 gentium

1960 2584 2166 2624 errans
2188 2583 2359 2625 vocas
2382 2569 2557 2637 deos;
2585 2573 2673 2624 est
2696 2568 2855 2624 enim
2890 2584 3043 2624 unus
3074 2570 3247 2638 Deus,
3272 2570 3372 2644 qui
3396 2568 3609 2626 coelum

1959 2663 2017 2712 et
2048 2664 2265 2714 terram
2293 2663 2353 2712 et
2382 2664 2632 2715 mare.et
2661 2659 2863 2714 omnia
2894 2674 3025 2730 qua;
3056 2666 3193 2714 sunt
3226 2659 3286 2714 in
3316 2660 3409 2727 iis,
3430 2656 3604 2724 fecit;

1959 2753 2016 2801 et
2040 2764 2195 2803 unus
2220 2747 2486 2803 Christus
2506 2749 2693 2814 Jesus,
2718 2746 2901 2802 Filius
2925 2748 3026 2803 Dei
3054 2747 3415 2820 unigenitus,
3439 2749 3608 2820 cujus

1956 2853 2137 2909 regno
2159 2838 2389 2892 utinam
2409 2836 2574 2892 fruar
2597 2836 2609 2891 l
2632 2858 2660 2887 »
2684 2834 2970 2908 Trajanus
2991 2836 3164 2892 dixit:
3188 2860 3215 2888 ι(
3237 2836 3407 2893 illum
3434 2836 3605 2904 dicis,

1955 2927 2056 2996 qui
2088 2926 2196 2981 sub
2227 2925 2435 2981 Pontio
2495 2925 2683 2981 Pilato
2742 2925 3059 2981 cruciﬁxus
3093 2926 3227 2981 est?
3254 2950 3274 2979 ι
3340 2925 3603 2998 Ignatius

1955 3016 2294 3090 respondit:
2323 3039 2349 3067 «
2372 3016 2543 3081 Eum,
2567 3016 2668 3087 qui
2691 3018 2751 3072 in
2774 3032 3012 3072 crucem
3034 3015 3272 3071 sustulit
3294 3021 3603 3089 peccatum

1954 3124 2154 3162 meum
2185 3122 2320 3162 cum
2343 3105 2472 3179 ejus
2494 3107 2821 3171 inventore,
2846 3109 2905 3160 et
2925 3120 3163 3160 omnem
3187 3120 3445 3160 errorem
3481 3105 3602 3160 dm-

1951 3197 2291 3252 moniacum
2322 3209 2681 3267 omnemque
2712 3194 2999 3250 malitiam
3030 3194 3319 3250 damnans
3350 3193 3605 3265 subjecit

1951 3285 2199 3359 pedibus
2231 3301 2460 3356 eorum,
2515 3284 2615 3356 qui
2675 3285 2869 3356 ipsum
2913 3283 2976 3338 in
3007 3283 3181 3339 corde
3208 3287 3439 3356 gerunt.
3469 3306 3497 3333 ››
3531 3289 3605 3339 At

1947 3375 2274 3448 Trajanus:
2308 3396 2336 3425 «
2372 3378 2535 3447 Ergo,
2569 3373 2671 3442 ait,
2703 3373 2859 3446 geris
2915 3373 2978 3427 in
3029 3377 3087 3427 te
3146 3373 3541 3428 cruciﬁxum?
3572 3394 3600 3422 ››

1949 3463 2208 3537 lgnatius
2235 3462 2576 3536 respondit:
2604 3479 2627 3503 «
2653 3465 2775 3517 Imo
2802 3480 2814 3529 ;
2841 3460 3127 3533 scriptum
3153 3462 3310 3516 enim
3336 3466 3459 3517 est:
3494 3462 3605 3516 Ha-

1950 3556 2133 3609 bitabo
2163 3562 2215 3609 et
2245 3553 2537 3608 ambulabo
2577 3554 2721 3607 inter
2766 3567 2855 3607 eos
2874 3552 2944 3607 ³1.
2985 3575 3005 3601 ι»
3040 3553 3327 3622 Trajanus
3358 3557 3601 3605 senten-

1947 3643 2090 3698 tiam
2124 3642 2292 3697 tulit:
2335 3663 2355 3691 ι
2386 3641 2700 3713 Ignatium,
2735 3640 2835 3710 qui
2867 3639 2928 3693 in
2956 3656 3017 3694 se
3049 3641 3176 3709 ipso
3218 3639 3600 3695 circumferre

1946 3732 2297 3791 cruciﬁxum
2328 3729 2659 3797 contendit,
2674 3728 2969 3799 jussimus
2999 3729 3061 3782 in
3088 3727 3322 3782 vincula
3343 3745 3376 3781 a
3402 3727 3595 3781 militi-

1946 3821 2056 3876 bus
2086 3821 2422 3893 conjectum
2457 3818 2669 3876 abduci
2701 3819 2947 3873 Romam
2967 3832 3261 3888 magnam,
3294 3822 3359 3870 ut
3388 3817 3465 3869 sit
3495 3832 3600 3886 pa-

1948 3914 2072 3965 stus
2120 3909 2380 3964 ferarum
2426 3908 2501 3963 ad
2530 3906 2984 3962 delectationem
3018 3906 3240 3976 populi.
3280 3928 3306 3953 ››
3337 3905 3593 3959 Senten-

1950 4001 2091 4055 tiam
2123 4000 2276 4053 hanc
2306 4011 2442 4053 cum
2474 4003 2717 4054 sanctus
2749 4000 2974 4065 martyr
2998 3994 3280 4059 audisset,
3310 4010 3431 4064 pra)
3455 4009 3599 4065 gau-

1946 4089 2044 4143 dio
2076 4087 2468 4144 exclamavit:
2509 4106 2533 4137 ι
2564 4085 2790 4140 Gratias
2842 4084 2944 4139 tibi
2994 4099 3122 4155 ago.
3158 4083 3425 4147 Domine,
3457 4083 3599 4153 quia

1945 4193 2039 4233 me
2064 4177 2325 4249 perfecta
2346 4189 2481 4245 erga
2501 4182 2558 4230 te
2576 4175 2861 4230 charitate
2885 4173 3179 4228 honorare
3211 4173 3486 4245 dignatus
3509 4188 3593 4240 es,

1944 4268 2044 4338 qui
2080 4280 2171 4321 me
2202 4280 2334 4322 cum
2369 4264 2636 4337 apostolo
2660 4270 2759 4318 tuo
2793 4262 2972 4318 Paulo
3023 4262 3086 4317 in
3142 4265 3335 4317 terrea
3363 4261 3598 4317 vincula

1944 4356 2334 4425 conjeceris.»
2371 4356 2501 4409 Hinc
2523 4369 2656 4409 cum
2683 4352 2947 4411 dixisset.
2970 4358 3029 4406 et
3049 4351 3221 4406 hilari
3244 4351 3444 4406 animo
3468 4351 3594 4405 vin-

1944 4447 2077 4501 cula
2108 4445 2485 4515 suscepisset,
2514 4458 2768 4513 cumque
2800 4442 2965 4514 prius
2997 4448 3224 4495 orasset
3256 4456 3361 4511 pro
3396 4439 3595 4495 Eccle-

1945 4536 2051 4601 sia,
2086 4543 2139 4589 ει
2174 4549 2301 4589 eam
2335 4549 2466 4589 cum
2502 4532 2780 4603 lacrymis
2814 4532 3061 4588 Domino
3094 4528 3589 4593 commendasset,

166 4608 310 4677 πὼν,
370 4611 463 4664 καὶ
516 4614 630 4684 μετ’
700 4613 1035 4689 εὖφροσῦνης
1109 4618 1463 4692 περιθέμενος
1520 4620 1585 4675 τὰ
1639 4618 1831 4694 δεσμὰ,

1957 4632 2131 4680 nstar
2159 4624 2363 4679 arietis
2386 4622 2637 4694 insignis
2683 4622 2780 4692 qui
2809 4620 3109 4692 egregium
3139 4633 3374 4689 gregem
3404 4616 3589 4679 ducit,

167 4698 535 4769 ἐπευξάμενος
597 4705 866 4778 πρότερον
934 4710 1002 4779 τῇ
1069 4707 1394 4778 Ἐκκλησία,
1473 4710 1562 4767 καί
1627 4710 1828 4781 ταύτην

164 4787 544 4860 παραθέμενος
606 4793 739 4862 μετὰ
794 4790 1040 4864 δινεύων
1091 4800 1171 4867 τῷ
1228 4797 1434 4870 Κυρίῳ,
1467 4795 1650 4873 ὥσπερ
1680 4800 1833 4874 κριὸς

1939 4713 2132 4768 ferina
2156 4719 2212 4767 et
2232 4712 2474 4767 militari
2494 4710 2814 4766 acerbitate
2838 4714 3143 4778 correptus
3165 4711 3270 4761 est.
3294 4705 3591 4761 abducen-

1942 4802 2052 4856 dus
2086 4805 2328 4857 Romam
2360 4800 2432 4855 ad
2461 4806 2694 4871 pastum
2727 4804 3109 4853 cruentarum
3140 4797 3420 4850 ferarum.

162 4874 465 4964 ἐπίσημος,
500 4878 702 4953 ἀγέλης
732 4880 907 4952 καλῆς
953 4886 1278 4958 ἡγούμενος,
1323 4887 1425 4942 ὑπὸ
1482 4886 1793 4958 θηριώδους
1851 4896 2246 4964 στρατιωτικῆς
2306 4887 2616 4957 δεινότητος
2670 4884 3070 4957 συνηρπάζετο,
3132 4883 3351 4955 θηρίοις
3411 4881 3583 4953 αἱμο-

162 4958 361 5040 6όροις
393 4966 479 5021 ἐπὶ
514 4970 612 5037 τὴν
643 4970 863 5043 Ῥώμην
893 4972 1354 5048 ἀπαχθησόμενος
1384 4977 1522 5051 πρὸς
1557 4978 1746 5053 βοράν.

234 5120 278 5155 ³⁸
316 5119 496 5177 Lavit.
529 5137 681 5191 xxvx,
718 5126 824 5191 l2;
857 5126 907 5181 ΙΙ
939 5126 1069 5184 Cor.
1104 5144 1183 5197 vx,
1215 5127 1303 5185 l6.

161 5296 189 5359 ε
228 5286 391 5396 anxio
408 5280 655 5399 311111130.
694 5298 721 5325 υ
782 5274 1029 5333 Grabius
1087 5279 1326 5351 corrigit
1384 5276 1592 5350 δεκάτῳ
1621 5277 1817 5353 ἰννάτῳ

163 5362 297 5399 ετει.
361 5384 374 5398 ο
450 5388 461 5399 .
599 5388 611 5399 .

163 5362 297 5404 ετει,
334 5360 374 5398 ι.
408 5360 461 5399 a.
490 5360 611 5399 HO.

235 5415 351 5485 (93)
377 5414 440 5469 '0
472 5410 641 5486 φόϐος
672 5423 809 5473 ante
854 5419 1057 5479 πάντας
1106 5420 1168 5476 in
1224 5436 1331 5476 ms.
1366 5423 1520 5478 male
1552 5424 1816 5479 additum

158 5494 577 5561 assumantum
610 5495 719 5558 est,
748 5491 906 5561 quod
940 5497 1151 5546 neuter
1170 5499 1333 5548 vetus
1358 5494 1465 5551 int.
1494 5495 1732 5549 Latinus
1755 5497 1818 5551 in

159 5556 373 5633 codice
388 5575 510 5633 _suo
543 5556 792 5633 legebat.
826 5563 944 5618 Jso.

237 5628 352 5699 (94)
380 5628 644 5708 lgnatius
683 5641 893 5708 sponte
938 5649 1001 5689 se
1033 5636 1284 5708 contulit
1311 5635 1389 5708 ad
1410 5636 1821 5708 Trajanummt

159 5715 305 5753 eum
338 5700 601 5770 placaret
627 5700 997 5776 expositione
1028 5706 1313 5764 doctrinas
1334 5700 1671 5777 Chritianm,
1696 5714 1817 5774 aut,

1929 5283 1977 5337 si
2007 5284 2208 5357 minus
2238 5299 2372 5339 eum
2404 5282 2640 5357 placare
2670 5284 3079 5357 posset,tota_m
3109 5277 3260 5332 iram
3293 5274 3420 5357 ejus
3449 5272 3574 5357 ipse

1929 5355 2247 5425 exciperet,
2309 5351 2748 5423 Ecclesiamque
2803 5351 3232 5406 Antiochenam
3282 5351 3366 5403 sic
3408 5352 3572 5402 metu

1928 5426 2227 5481 liberaret.
2261 5426 2425 5483 Cana.

2000 5499 2111 5565 (95)
2147 5497 2351 5551 Melius
2376 5499 2499 5552 τοῦ.
2527 5496 2712 5550 Smra.

2025 5571 2111 5635 96)
2148 5568 2246 5621 Καί
2276 5568 2553 5623 abundat.
2594 5568 2782 5621 εωτυ.

2023 5642 2112 5709 97)
2143 5640 2257 5695 ca.
2292 5640 2412 5711 ign.
2444 5641 2516 5694 ad
2546 5641 2699 5694 Rom.
2734 5653 2784 5693 e.
2812 5639 2865 5691 6.
