4004 6226
388 345 509 406 983

1889 338 1957 400 S.
2002 337 2300 400 IGNATII

3684 338 3798 399 984

1531 521 1621 575 ΙΙΙ.
1654 521 1712 576 S.
1763 521 2012 589 Ignatius
2058 518 2352 587 Smyrnam
2400 521 2651 589 navigat.

462 653 605 706 Cum
635 647 822 702 multa
847 662 984 717 ergo
1032 645 1337 701 alacritate
1396 652 1453 700 et
1509 645 1735 711 laetitia,
1768 642 2032 715 patiendi

2217 644 2362 698 Μετὰ
2394 642 2617 713 πολλῆς
2662 642 2840 698 τοίνυν
2895 641 3201 717 προθυμίας
3251 643 3343 696 καὶ
3377 648 3584 720 χαρᾶς,
3624 640 3795 703 ἐπιθυ-

391 737 732 807 cupiditate,
757 734 1073 789 Antiochia
1095 734 1423 789 Scleuciam
1445 733 1773 796 descendit,
1797 739 1857 787 et
1882 732 2043 787 illinc

390 824 522 878 navi
552 826 749 875 vectus
806 827 933 889 est;
994 837 1250 892 cumque
1294 827 1428 893 post
1458 821 1678 876 multos
1709 821 1943 876 labores
1969 819 2045 874 ad

392 910 841 982 Smyrnensium
860 910 1069 966 urbem
1091 910 1437 982 appulisset,
1462 910 1651 966 multa
1669 927 1807 965 cum
1837 909 2045 964 latitia

389 1017 419 1055 e
449 1001 581 1054 navi
615 998 944 1067 descendit,
979 1015 1046 1055 ac
1077 1004 1351 1054 sanctum
1383 999 1797 1071 Polycarpum,
1834 999 2041 1068 Smyr-

387 1089 664 1143 nensium
679 1087 1357 1159 episcopum,quondam
1376 1087 1854 1159 condiscipulum
1871 1101 2045 1141 suum

387 1178 585 1232 videre
610 1177 909 1231 festinavit
933 1194 944 1230 :
969 1178 1205 1231 fuerant
1224 1177 1385 1231 enim
1408 1177 1551 1231 olim
1580 1177 1767 1232 sancti
1790 1174 2045 1247 apostoli

388 1266 633 1321 Joannis
654 1265 950 1337 discipuli.
971 1266 1143 1336 Apud
1164 1282 1343 1336 quem
1366 1266 1716 1333 diversatus,
1740 1282 1875 1320 cum
1909 1280 2043 1318 eum

392 1355 793 1425 spiritualium
824 1354 1251 1410 charismatum
1283 1356 1631 1426 participem
1661 1354 2045 1423 fecisset,suis

391 1444 571 1499 etiam
602 1444 854 1498 vinculis
885 1450 1043 1498 esset
1071 1443 1376 1515 gloriatus,
1400 1445 1610 1499 orabat
1639 1461 1797 1512 eum,
1830 1449 1895 1497 ut
1926 1443 2047 1497 vel—

392 1532 477 1586 let
496 1532 864 1603 propositum
889 1532 1074 1602 ipsius
1095 1532 1372 1603 adjuvare
1398 1550 1410 1598 ;
1435 1538 1494 1588 et
1525 1534 1781 1588 maxime
1803 1531 2046 1602 quidem

394 1622 509 1677 hoc
531 1620 773 1692 rogabat
790 1626 970 1675 totam
990 1620 1315 1676 Ecclesiam
1340 1624 1718 1692 (exceperant
1735 1623 1895 1677 enim
1919 1637 2048 1676 san-

392 1715 552 1764 ctum
576 1709 745 1763 illum
761 1709 948 1763 virum
974 1710 1240 1764 civitates
1263 1714 1441 1780 atque
1464 1710 1743 1765 Ecclesia:
1766 1711 1918 1765 Asia:
1942 1726 2048 1781 per

392 1797 704 1868 episcopos
725 1803 784 1851 et
807 1798 1184 1868 presbyteros
1204 1802 1261 1851 et
1285 1798 1730 1863 diaconos,cum
1745 1815 1954 1853 omnes
1972 1798 2044 1854 ad

392 1903 530 1941 eum
560 1886 992 1950 festinarent,si
1024 1887 1176 1942 forte
1206 1892 1439 1961 partem
1472 1889 1845 1944 charismatis
1875 1889 2046 1960 spiri-

2156 734 2257 805 μίᾳ
2283 737 2381 788 τοῦ
2419 732 2644 803 πάθους,
2701 732 2978 797 κατελθὼν
3033 732 3139 786 ἀπὸ
3202 731 3546 806 Ἀντιοχείας
3596 729 3672 791 εἷς
3706 733 3792 799 τὴν

2155 819 2497 887 Σελεύκειαν,
2529 820 2728 875 ἐκεῖθεν
2788 819 2969 894 εἴχετο
3018 823 3117 874 τοῦ
3164 816 3362 881 πλοός·
3414 819 3508 874 καὶ
3540 817 3791 895 προσχὼν

2155 906 2493 981 μετὰπολὺν
2549 906 2791 980 κάματον
2846 910 2915 972 τῆ
2976 906 3302 982 Σμυρναίων
3351 905 3519 961 πόλει
3553 909 3688 977 (98),
3714 907 3791 959 σὺν

2154 992 2342 1068 πολλῇ
2404 999 2549 1073 χαρᾷ
2601 989 2838 1056 καταϐὰς
2897 997 2995 1062 τῆς
3051 995 3206 1064 νηὸς,
3260 992 3491 1048 ἒσπευδε
3530 993 3627 1046 τὸν
3656 994 3795 1065 ἅγιον

2156 1082 2537 1158 Πολύκαρπον,
2564 1084 2655 1138 τὸν
2687 1083 3008 1157 Σμυρναίων
3032 1082 3359 1153 ἐπὶσκοπον,
3377 1082 3472 1137 τὸν
3503 1102 3796 1155 συνακροα-

2151 1175 2270 1243 τὴν,
2304 1173 2609 1228 θεάσασθαι·
2645 1172 2981 1249 ἐγεγόνεισαν
3031 1172 3132 1247 γὰρ
3190 1170 3363 1226 πάλαι
3422 1172 3667 1244 μαθηταὶ
3709 1175 3801 1224 τοῦ

2153 1261 2307 1337 ἁγίου
2361 1260 2672 1317 ἀποστόλου
2730 1262 3000 1317 Ἰωάννου.
3060 1263 3191 1335 Παρ’
3249 1259 3293 1332 ᾦ
3352 1260 3676 1335 καταχθεὶς,
3722 1260 3802 1312 καὶ

2155 1351 2535 1424 πνευματικῶν
2570 1350 2717 1422 αὖτῷ
2763 1352 3101 1421 κοινωνήσας
3152 1350 3543 1424 χαρισμάτων,
3575 1350 3669 1401 καὶ
3700 1353 3802 1408 τοῖς

2157 1436 2380 1513 δεσμοῖς
2435 1438 2878 1514 ἑγκαυχώμενος,
2938 1438 3233 1512 παρεκάλει
3283 1437 3570 1501 συναθλεῖν
3620 1441 3688 1509 τῇ
3719 1436 3805 1490 αὖ·

2154 1532 2251 1584 τοῦ
2279 1529 2528 1604 προθέσει
2563 1531 2696 1601 (99),
2734 1526 2972 1601 μάλιστα
3020 1529 3116 1601 μὲν
3174 1530 3333 1600 κοινῇ
3365 1532 3541 1580 πᾶσαν
3572 1524 3806 1595 Ἐκκλη-

2156 1620 2273 1674 σίαν
2335 1616 2655 1689 (ἐδεξιοῦντο
2711 1618 2815 1691 γὰρ
2847 1617 2937 1672 τὸν
2999 1619 3155 1692 ἅγιον
3213 1614 3304 1670 διὰ
3348 1620 3456 1669 τῶν
3496 1615 3801 1669 ἐπισκόπων

2154 1710 2242 1764 καὶ
2277 1703 2654 1783 πρεσϐυτέρων
2706 1709 2793 1761 καὶ
2840 1704 3101 1761 διακόνων
3150 1707 3204 1760 αἱ
3248 1713 3349 1774 τῆς
3398 1704 3592 1768 Ἀσίας
3623 1703 3804 1765 πόλεις

2153 1799 2242 1854 καὶ
2288 1797 2633 1867 Ἐκκλησίαι,
2688 1797 2897 1852 πάντων
2949 1794 3315 1870 ἐπειγομένων
3367 1795 3505 1869 πρὸς
3546 1793 3732 1859 αὐτὸν,
3764 1793 3804 1846 εἳ

2153 1908 2270 1949 πως
2319 1886 2483 1961 μέρος
2542 1884 2885 1964 χαρίσματος
2946 1878 3157 1940 λάϐωσι
3214 1886 3615 1956 πνευματικοῦ)
3677 1880 3805 1954 ἐξαι-

393 1974 573 2031 tualis
595 1976 667 2031 ab
690 1992 759 2031 eo
783 1977 1123 2048 acciperent
1142 1976 1207 2045 ³³)
1235 1994 1249 2043 ;
1283 1994 1348 2033 ac
1371 1996 1490 2049 praa
1513 1979 1742 2034 caateris
1774 1983 2042 2034 sanctum

2159 1977 2323 2049 ρὲτως
2358 1973 2414 2030 δὲ
2444 1975 2535 2030 τὸν
2569 1976 2722 2050 ἅγιον
2770 1972 3157 2049 [Ιολύκαρπον,
3190 1971 3305 2039 ἵνα,
3339 1970 3428 2026 διὰ
3457 1976 3570 2027 τῶν
3607 1972 3803 2047 θηρίων

396 2065 809 2136 Polycarpum,
843 2072 908 2120 ut
959 2066 1136 2121 citius
1165 2084 1272 2138 per
1324 2068 1499 2135 feras,
1533 2068 1954 2139 inconspicuus
1985 2069 2047 2123 in

402 2154 624 2209 mundo
652 2156 863 2222 factus,
897 2172 1098 2211 coram
1129 2156 1361 2211 Christo
1392 2163 1783 2229 compareret.

2159 2068 2347 2119 θᾶττον
2405 2065 2611 2140 ἀφανὴς
2663 2068 2741 2135 τῷ
2798 2064 2992 2136 κόσμῳ
3047 2061 3359 2139 γενόμενος,
3391 2061 3703 2139 ἐμφανισθῇ
3732 2064 3803 2130 τῷ

2158 2154 2439 2229 προσώπῳ
2468 2156 2564 2208 τοῦ
2591 2156 2841 2226 Χριστοῦ.

1323 2272 1413 2325 IV.
1444 2273 1693 2341 Ignatius
1721 2273 1911 2328 scribit
1942 2272 2215 2342 Ecclesiis,
2253 2269 2561 2342 praesertim
2588 2272 2867 2325 Romanae.

462 2397 655 2466 Atque
686 2396 810 2450 haac
833 2396 916 2451 sic
937 2397 1172 2454 dicebat
1194 2405 1251 2454 et
1274 2399 1358 2454 sic
1385 2398 2043 2470 contestabatur,usque

399 2484 545 2539 adeo
578 2484 904 2540 extendens
944 2504 1207 2543 amorem
1240 2488 1301 2542 in
1332 2488 1652 2556 Christum,
1685 2492 1751 2542 ut
1778 2504 1885 2559 per
1914 2487 2050 2558 pul—

395 2574 598 2628 chram
622 2573 1057 2631 confessionem
1076 2582 1134 2631 et
1153 2575 1413 2631 studium
1435 2577 1766 2648 eorum,qui
1790 2593 1894 2647 pro
1917 2576 2048 2648 ejus

395 2662 721 2717 certamine
753 2662 927 2718 simul
960 2663 1144 2719 Deum
1176 2664 1662 2729 orabant,cmlum
1695 2670 1853 2719 esset
1881 2680 2049 2719 acce-

396 2757 627 2823 pturus,
656 2758 837 2822 utque
868 2748 1160 2820 Ecclesiis,
1184 2771 1313 2824 qua}
1338 2755 1447 2826 ipsi
1480 2772 1587 2825 per
1618 2759 1877 2809 rectores
1910 2769 2048 2808 suos

402 2848 804 2907 occurrerant,
838 2842 1175 2897 mercedem
1200 2844 1491 2907 redderet,
1511 2844 1729 2915 gratias
1756 2860 1937 2914 agens
1960 2843 2050 2897 lit-

400 2930 545 2984 teris
576 2930 651 2984 ad
682 2948 780 2986 eas
810 2932 1030 2999 missis,
1052 2948 1081 2986 e
1104 2931 1319 3002 quibus
1349 2933 1538 3003 gratia
1566 2932 1892 3003 spiritualis
1914 2949 2047 2987 cum

399 3020 549 3074 votis
581 3026 641 3075 et
668 3020 1183 3092 adhortationibus
1208 3020 1488 3075 stillabat.
1514 3021 1657 3075 Cum
1683 3037 1819 3093 ergo
1843 3038 2049 3076 omnes

397 3125 535 3181 erga
566 3127 628 3165 se
660 3111 941 3165 benevole
973 3112 1217 3166 affectos
1264 3116 1553 3178 cerneret,
1589 3111 1804 3166 veritus
1833 3117 1941 3175 est,
1976 3128 2049 3166 ne

394 3196 645 3253 fratrum
678 3200 937 3255 charitas
987 3199 1249 3254 studium
1283 3199 1458 3254 eundi
1501 3199 1574 3255 ad
1606 3202 1791 3254 Deum
1824 3200 2047 3255 incide-

395 3293 506 3354 ret,
539 3288 681 3342 dum
715 3288 964 3359 pulchra
994 3288 1105 3358 ipsi
1139 3294 1517 3358 essetaperta
1549 3289 1813 3359 martyrii
1837 3289 2044 3359 janua.

397 3376 537 3440 Qum
576 3376 650 3431 ad
697 3376 1021 3432 Ecclesiam
1078 3379 1477 3433 Romanorum
1513 3377 1749 3447 scripsit
1780 3376 2047 3448 subjecta

396 3470 553 3520 sunt.

2232 2395 2329 2453 Καὶ
2358 2399 2524 2451 ταῦτα
2583 2393 2762 2455 οὕτως
2812 2389 3017 2470 ἔλεγεν,
3050 2392 3138 2448 καὶ
3171 2393 3341 2454 οὕτως
3386 2389 3807 2466 διεμαρτύρατο,

2155 2485 2413 2541 τοσοῦτον
2458 2483 2772 2539 ἐπεκτείνων
2828 2485 2926 2552 τήν
2986 2483 3121 2556 πρὸς
3179 2482 3410 2557 Χριστὸν
3467 2481 3808 2556 ἀγάπτ,ν,ὡς

2158 2573 2386 2649 οὒρανοῦ
2450 2573 2672 2647 μέλλων
2731 2576 2808 2646 (1)
2858 2567 3321 2645 ἐπιλαμϐάνεσθαι
3371 2569 3462 2626 διὰ
3507 2578 3611 2640 τῆς
3642 2569 3809 2638 καλῆς

2157 2663 2465 2740 ὁμολογίας
2496 2662 2583 2718 καὶ
2616 2669 2716 2732 τῆς
2757 2667 2864 2716 τῶν
2899 2663 3304 2738 συνευχομένων
3342 2662 3477 2735 ὑπὲρ
3509 2668 3613 2729 τῆς
3645 2659 3809 2729 ἀθλή-

2159 2775 2294 2816 σεως
2326 2751 2591 2821 σπουδῆς,
2616 2749 2916 2806 ἀποδοῦναι
2966 2749 3021 2806 δὲ
3068 2752 3160 2807 τὸν
3198 2752 3389 2824 μισθον
3421 2756 3543 2812 ταῖς
3577 2746 3805 2817 Ἐκκλη-

2159 2843 2302 2906 σίαις
2332 2848 2450 2904 ταῖς
2510 2842 2907 2910 ὑπαντησάσαις
2948 2839 3094 2912 αῦτῷ
3155 2837 3246 2894 διὰ
3301 2845 3408 2894 τῶν
3471 2837 3808 2914 ἡγουμένων,

2156 2932 2495 3008 γραμμάτων
2553 2931 2894 3006 εὐχαριστῶν
2951 2933 3023 3001 (2)
3081 2929 3496 3004 ἐκπεμφθέντων
3554 2928 3695 3001 πρὸς
3726 2925 3808 2980 αὖ·

2157 3022 2273 3088 τὰς,
2308 3022 2679 3092 πνευματικήν
2743 3020 2858 3090 μετ’
2917 3019 3089 3092 εὐχῆς
3137 3019 3223 3072 καὶ
3274 3018 3650 3089 παραινέσεως
3676 3015 3805 3070 ἀπο·

2159 3109 2462 3177 σταζόντων
2517 3109 2679 3183 χάριν
2745 3110 2841 3180 (3).
2896 3108 3202 3179 Τοιγαροῦν
3260 3104 3389 3167 τοὺς
3439 3106 3646 3166 πάντας
3678 3106 3809 3179 ὁρῶν

2159 3197 2420 3260 εὖνοῖκῶς
2451 3193 2829 3270 διακειμένους
2869 3195 2991 3267 περὶ
3024 3193 3204 3261 αὐτὸν,
3240 3189 3525 3272 φοϐηθεές,
3579 3197 3655 3266 μή
3688 3213 3806 3247 ποτε

2157 3288 2192 3355 ἡ
2224 3292 2323 3355 τῆς
2363 3282 2736 3362 ἆδελφότητος
2792 3285 2995 3358 στοργή
3054 3285 3153 3352 τήν
3213 3284 3351 3357 πρὸς
3405 3284 3603 3356 Κύριον
3654 3283 3805 3337 αὐτοῦ

2159 3372 2397 3443 σπουδὴν
2428 3371 2650 3447 ἐκκόψῃ,
2698 3371 2873 3440 καλῆς
2932 3372 3303 3446 ἀνεῳχθείσης
3342 3374 3495 3444 αὖτῷ
3527 3372 3692 3443 θύρας
3718 3374 3802 3426 τοῦ

2159 3462 2478 3537 μαρτυρίου,
2508 3465 2598 3517 οἷα
2626 3462 2763 3536 πρὸς
2811 3462 2911 3530 τήν
2969 3460 3301 3530 Ἐκκλησίαν
3334 3458 3650 3516 ἐπιστέλλει
3674 3461 3801 3515 Ῥωη

2159 3554 2334 3629 μαίων
2347 3594 2360 3620 ,
2394 3552 2771 3608 ὑποτέτακται.

1064 3699 1294 3767 Legitur
1322 3698 1410 3753 hic
1441 3697 1689 3769 Epistola
1720 3698 1774 3753 S.
1806 3699 2015 3768 Ignatii
2043 3699 2117 3752 ad
2160 3700 2450 3753 Romanos.
2501 3696 2635 3750 Vide
2662 3712 2833 3766 supra
2862 3695 2974 3751 col.
3003 3697 3126 3750 685.

1506 3824 1568 3878 V.
1603 3822 1852 3893 lgnatius
1881 3840 1915 3878 a
1942 3824 2178 3893 Smyrna
2222 3818 2442 3877 Romam
2471 3821 2693 3876 dicitur.

471 3950 787 4019 Postquam
821 3965 957 4021 ergo
985 3989 999 4016 ,
1044 3953 1110 4002 ut
1167 3945 1417 4015 volebat,
1451 3947 1703 4018 epistola
1737 3964 1843 4002 sua
1874 3964 2051 4017 repu-

389 4043 637 4108 gnantes
668 4038 878 4092 fratres
906 4039 1201 4091 Romanos
1247 4036 1699 4105 composuisset,
1732 4053 1767 4091 a
1797 4037 2049 4107 Smyrna

389 4125 624 4179 solvens
646 4123 991 4193 (urgebatur
1013 4125 1172 4178 enim
1198 4140 1232 4178 a
1257 4123 1548 4177 militibus
1561 4124 2043 4193 Christophorus.

387 4217 453 4264 ut
475 4210 549 4264 ad
572 4209 811 4279 publica
834 4211 1174 4281 spectacula
1194 4226 1421 4282 magna:
1450 4213 1649 4265 Romaa
1673 4216 2042 4281 properaret,

391 4315 508 4369 quo
538 4314 656 4369 pra:
684 4297 872 4353 oculis
898 4297 1100 4368 populi
1124 4297 1374 4353 Romani
1394 4298 1533 4352 feris
1555 4298 1760 4353 bestiis
1792 4298 2044 4354 traditus

393 4402 672 4442 coronam
706 4386 1047 4441 certaminis
1079 4387 1564 4457 consequeretur)
1598 4385 1827 4457 appulit
1865 4389 2042 4442 Troa-

390 4476 540 4531 dem.
568 4474 789 4531 Deinde
823 4475 988 4529 illinc
1019 4475 1307 4546 Neapolim
1339 4474 1570 4544 ductus,
1604 4492 1710 4545 per
1737 4475 2040 4547 Philippos

392 4566 722 4639 peragravit
778 4564 1176 4619 Macedoniam
1209 4568 1268 4617 et
1313 4563 1388 4618 ad
1417 4579 1547 4619 eam
1578 4563 1735 4635 Epiri
1785 4570 2036 4635 partem,

397 4672 528 4725 quae
550 4654 624 4710 ad
646 4654 1035 4725 Epidamnum
1061 4652 1174 4708 sita
1197 4657 1304 4717 est,
1324 4653 1385 4706 in
1409 4652 1723 4708 maritimis
1744 4652 1889 4707 locis
1910 4654 2039 4708 navi

463 4824 511 4859 ³⁸
537 4826 704 4880 Rom.
737 4840 775 4891 ι,
809 4824 901 4880 11.

462 5017 575 5087 (98)
607 5016 724 5072 Cfr.
756 5014 987 5087 Ign.i_ad
1016 5015 1166 5087 Βοῃι.
1199 5028 1251 5067 c.
1286 5015 1336 5066 5.

467 5084 580 5161 (99')
604 5090 719 5161 Le.
744 5084 1018 5161 precibus
1039 5101 1072 5138 a
1088 5084 1205 5138 Deo
1226 5088 1519 5161 petere_,ut
1545 5084 1831 5161 ignatium
1853 5084 2041 5161 gloria

394 5155 664 5231 martyrii
679 5155 937 5231 donaret.
952 5156 1123 5231 eique
1137 5155 1530 5231 constantiam
1551 5155 2034 5231 praeberetﬁum.

464 5221 661 5302 (1)'lta
690 5228 944 5302 Toupius
976 5221 1435 5302 et_J_acobsonus.
1470 5221 1570 5302 bis.
1608 5221 1856 5302 μὲλλερ.

403 5313 406 5317 ’
567 5301 722 5378 Lege
746 5294 1168 5378 εὐχαριστικῶνἶ
1198 5298 1392 5378 ϐλυμε
1436 5294 1757 5378 ειῦχαρίτνων.
1793 5298 1960 5378 'l:o_I.JP.

463 5366 537 5440 (3)
561 5366 969 5440 Similem'fere
994 5368 1353 5422 locutionem
1377 5366 1555 5421 babes
1577 5366 1637 5421 in
1657 5366 2033 5435 Ep.adMagn.

392 5456 440 5492 c.
473 5434 565 5499 14,
599 5434 968 5510 δροσισθῆναι.
1202 5508 1211 5510 _
1435 5507 1471 5510 η
1698 5434 1711 5435 7
1765 5504 1774 5510 _
1868 5500 1901 5510 ,,

462 5512 537 5576 (4)
568 5510 611 5560 Ι.
635 5504 697 5562 ὀ.
732 5524 1086 5577 componere
1118 5508 1349 5561 animos
1398 5507 1571 5577 aliter
1626 5504 2029 5577 sentientium:

394 5565 611 5644 eosque
644 5577 717 5630 ad
748 5577 807 5629 id
838 5565 1232 5646 probandum,
1265 5575 1423 5644 quod
1454 5576 1580 5643 ipse
1611 5571 1904 5640 cupiebat,
1936 5565 2033 5619 ad-

390 5645 627 5701 ducere.
662 5647 827 5699 Cum.

432 5662 627 5700 ucere.
662 5660 827 5699 ULBR.

2234 3943 2569 4019 Καταρτίσας
2622 3943 2818 4015 τοίνυν,
2876 3941 2951 4003 ὠς
3009 3937 3303 4011 ἠϐούλετο,
3361 3942 3490 4002 τοὺς
3540 3940 3591 3995 ἐν
3619 3940 3794 4012 Ῥώμῃ

2155 4038 2261 4087 τῶν
2295 4030 2543 4109 ἀδελφῶν
2593 4029 2820 4093 ἄκοντας
2881 4028 2969 4086 διὰ
3014 4037 3114 4100 τῆς
3163 4028 3466 4100 ἐπιστολῆς
3499 4034 3599 4104 (4),
3632 4030 3793 4087 οὕτως

2157 4122 2412 4196 ἀναχθεὶς
2444 4119 2549 4176 ἀπὸ
2596 4127 2694 4188 τῆς
2746 4120 3025 4194 (Σμύρνης
3072 4120 3396 4195 κατεπίγετο
3427 4121 3534 4195 γὰρ
3567 4119 3665 4173 ὑπὸ
3694 4121 3791 4171 τῶν

2156 4214 2500 4285 στρατιωτῶν
2551 4210 2579 4264 ὁ
2631 4208 3005 4287 Χριστοφόρος
3181 4209 3384 4288 φθάσαι
3438 4209 3536 4268 τὰς
3585 4206 3792 4286 φιλοτι-

2156 4297 2283 4369 μίας
2316 4302 2391 4371 (6)
2419 4298 2470 4353 ἐν
2498 4302 2566 4371 τῇ
2602 4295 2809 4370 μεγάλῃ
2842 4297 3058 4370 Ῥώμῃ,
3101 4296 3186 4351 ἳνα
3232 4294 3318 4351 ἐπ’
3371 4293 3526 4368 ὄψεσι
3573 4301 3666 4350 τοῦ
3694 4293 3787 4362 δή·

2156 4407 2262 4459 μου
2292 4386 2579 4459 Ῥωμαίων
2641 4385 2833 4459 θηρσὶν
2893 4384 3108 4459 ἀγρίοις
3163 4383 3517 4459 παραδοθεὶς,
3557 4389 3649 4440 τοῦ
3676 4403 3789 4437 στε-

2152 4474 2318 4547 φάνου
2360 4477 2458 4542 τῆς
2513 4473 2795 4542 ἀθλήσεως
2854 4472 3115 4548 ἐπιτύχῃ)
3153 4476 3430 4549 προσέσχε
3458 4479 3527 4547 τῇ
3560 4467 3782 4546 Τρωάδι.

2155 4564 2283 4621 Εἶτα
2339 4562 2536 4617 ἐκεῖθεν
2594 4561 2885 4636 καταχθεὶς
2941 4560 3029 4615 ἐπὶ
3084 4563 3184 4629 τήν
3244 4560 3545 4628 Νεάπολιν,
3579 4558 3660 4615 διὰ
3686 4564 3781 4613 Φι-

2150 4650 2370 4706 λίππων
2401 4647 2710 4726 παρώδευεν
2745 4648 3076 4707 Μακεδονίαν
3134 4651 3233 4723 (τ),
3283 4651 3372 4705 καὶ
3420 4650 3544 4726 περὶ
3592 4653 3662 4724 (8)
3691 4656 3781 4711 τήν

2216 5014 2290 5084 (5)
2323 5012 2437 5069 Cfr.
2470 5014 2603 5084 Ign.
2626 5012 2701 5066 ad
2727 5012 2868 5081 Eph.
2902 5028 2953 5066 c.
2987 5015 3039 5066 9.

2218 5083 2295 5164 (6)
2401 5100 2450 5138 e.
2487 5083 3153 5164 ludi,.magno‘sumptu
3213 5102 3248 5139 a
3304 5087 3636 5143 candidatis
3666 5099 3775 5140 ma-

2145 5153 2495 5238 gistratuum
2528 5171 2591 5207 ex
2602 5153 2790 5238 hiberi
2813 5153 2994 5238 soliti.
3014 5153 3222 5238 ‘SAiITH.

2217 5227 2301 5293 (7)
2331 5226 2493 5280 Adde
2549 5227 2707 5296 πεζῇ.
2769 5231 2833 5278 ut
2884 5226 3109 5297 legebat
3143 5232 3256 5283 vet.
3313 5229 3423 5286 int.
3461 5231 3639 5285 Sum].
3672 5225 3774 5280 Cfr.

2143 5293 2267 5347 Act.
2302 5312 2416 5356 xv1,
2453 5300 2475 5349 1
2471 5299 2538 5376 ’1,
2575 5299 2658 5348 12.
2691 5296 3074 5376 ξεηαξξιιξγὶθ.
3117 5299 3387 5376 Egnatia,
3423 5297 3772 5376 Thessaloni-

2143 5377 2271 5442 (iam
2291 5381 2444 5442 εαξη.
2470 5366 2788 5442 Dy_rrach_io
2820 5366 3195 5442 (Epidamno)
3212 5366 3493 5442 jungenti
3516 5386 3647 5426 usus
3672 5371 3770 5422 est.

2142 5430 2469 5506 gfr.‘Tafel,
2518 5430 2777 5505 Epistola
2827 5430 3233 5506 'gr‘atulatoriav
3262 5430 3365 5496 adu
3386 5444 3769 5498 universitatem

2142 5499 2377 5581 Eoéting-
2416 5499 2789 5581 1837.'pp..3.
2826 5499 2910 5573 i5,
2945 5514 3004 5563 et
3032 5511 3259 5567 Dissert.
3293 5513 3361 5567 de
3408 5518 3500 5569 via
3524 5508 3765 5581 Egnatia.

2140 5568 2382 5648 Tubinjg.
2419 5568 2576 5648 1841,
2687 5568 2928 5648 _i6’sqq'.

2207 5640 2287 5708 (8)
2317 5644 2420 5697 Ms.
2452 5645 2575 5717 περὶ
2605 5640 2717 5704 καί.
