4004 6218
1764 373 2278 438 MARTYRIUM.

3601 370 3719 433 986

293 505 680 580 Ἦπειροντήν
706 504 845 580 πρὸς
902 503 1260 579 Ἐπίδαμνον,
1321 504 1373 561 ἐν
1427 511 1544 569 τοῖς
1602 507 1950 581 παραθαλατ-

2065 508 2321 576 inventa,
2341 523 2447 578 per
2466 505 2829 561 Adriaticum
2847 519 3010 559 mare
3033 502 3323 576 navigavit
3344 523 3359 571 ;
3395 502 3531 559 inde
3561 506 3711 576 Tyr-

295 596 437 656 τίοις
456 595 585 665 νηὸς
617 593 923 675 ἐπιτυχὼν,
966 589 1123 651 ἔπλει
1179 597 1242 651 τὸ
1296 594 1636 672 Ἀδριατικὸν
1694 597 1953 671 πέλαγος,

296 685 541 748 κάκεῖθεν
596 679 789 746 ἐπιϐὰς
875 689 973 740 τοῦ
1031 684 1393 762 Τυρῥηνικοῦ,
1444 688 1535 742 καὶ
1593 682 1950 762 παραμείϐων

297 775 499 844 νήσους
525 794 585 828 τε
613 774 704 829 καὶ
756 772 973 845 πόλεις,
1006 772 1438 850 ὑποδειχθέντων
1469 776 1549 848 τῷ
1580 777 1723 854 ἁγίῳ
1755 774 1949 831 Ποτιό-

298 863 436 929 λων,
468 862 630 924 ωὐτὸς
666 863 759 936 μὶν
788 861 1021 937 ἐξελθεῖν
1056 862 1328 934 ἔσπευδεν,
1360 866 1480 922 κατ’
1523 863 1676 941 ἷ¹χνος
1713 863 1947 941 βαδίζειν

299 950 501 1008 ἐθέλων
531 956 628 1008 τοῦ
652 951 965 1008 ἀποστόλου
998 952 1242 1010 Ηαύλοὺ.
1273 955 1362 1017 Ὡς
1394 952 1450 1010 δὲ
1479 953 1733 1011 έπιπεσὸν
1771 954 1949 1029 βίαιον

296 1046 512 1114 πνεῦμα
544 1041 606 1097 οὐ
640 1042 965 1117 συνεχώρει,
995 1050 1096 1113 τῆς
1128 1043 1264 1113 νηὸς
1309 1043 1368 1099 ἐκ
1425 1044 1679 1120 πρύμνης
1736 1045 1949 1119 ἐπειγοο

301 1132 491 1203 μένης,
526 1131 825 1206 μακαρίσας
879 1132 979 1200 τὴν
1029 1130 1081 1187 ἒν
1133 1132 1324 1206 ἐκείνῳ
1352 1138 1428 1205 νῷ
1458 1133 1610 1207 τόπῳ
1638 1138 1746 1189 τῶν
1777 1131 1948 1189 ἀδελ-

297 1225 413 1299 φῶν
437 1220 674 1294 ἀγάπην,
723 1218 866 1273 οὕτω
923 1219 1212 1297 παρέπλει.
1248 1224 1553 1299 Τοιγαροῦν
1587 1221 1638 1277 έν
1677 1228 1774 1296 μιᾷ
1805 1223 1950 1296 ἠμέ-

300 1330 369 1385 ρᾳ
399 1310 488 1365 καὶ
520 1310 673 1365 νυκτὶ
702 1313 770 1384 τῇ
814 1311 953 1384 αὐτῇ
1013 1311 1221 1386 οὐρίοις
1279 1311 1502 1386 ἀνέμοις
1555 1316 1951 1389 προσχησάμε-

294 1421 405 1463 νοι,
436 1402 601 1471 ἡμεῖς
637 1400 731 1472 μὲν
764 1399 985 1462 ἄκοντες
1046 1401 1391 1477 ἀπηγόμεθα,
1451 1403 1720 1465 στένοντες
1754 1403 1840 1458 ἐπὶ
1872 1405 1951 1476 τῷ

298 1486 390 1563 ἀφ’
418 1489 580 1559 ἡμῶν
617 1483 881 1557 μέλλοντι
913 1493 1186 1562 χωρισμῷ
1207 1493 1305 1543 τοῦ
1336 1486 1555 1544 δικαίου
1578 1491 1837 1567 γίνεσθαι·
1861 1495 1952 1562 Τῷ

298 1571 359 1628 δὲ
396 1576 514 1628 κατ’
540 1573 709 1649 εὐχήν
742 1569 1027 1630 ἀπέϐαινεν
1060 1575 1348 1633 σπεύδοντι
1402 1580 1591 1633 θᾶττον
1653 1576 1952 1655 ἀναχωρῆ-

299 1684 388 1718 σαι
418 1667 514 1719 τοῦ
543 1663 776 1737 κόσμου,
834 1664 925 1743 ξίνα
956 1666 1129 1741 φθάσῃ
1191 1668 1328 1741 πρὸς
1380 1668 1439 1721 ’ὀν
1505 1667 1789 1745 ἥγάπησεν
1840 1668 1948 1725 K6-

299 1773 437 1828 ριον.
486 1751 880 1816 Καταπλεῦσας
908 1757 1036 1829 γοῦν
1070 1754 1148 1818 εἷς
1175 1756 1302 1817 τοὺς
1363 1753 1589 1830 λιμένας
1639 1757 1949 1831 Ῥωμαίων,

2066 599 2317 653 rhenum
2368 597 2686 669 ingressut,
2746 595 2972 651 insulas
3022 601 3080 650 et
3133 595 3397 650 civitates
3454 595 3711 664 transiit,

2064 688 2433 757 ostensisque
2466 692 2670 742 sancto
2688 687 2812 741 viro
2845 684 3126 753 Puteolis,
3148 685 3271 756 ipse
3287 684 3532 756 quinem
3556 701 3717 755 egre-

2064 776 2121 830 di
2153 775 2450 848 cupiebat,
2480 793 2614 831 cum
2637 775 2813 831 vellet
2844 792 2950 846 per
2976 773 3221 846 vestigia
3262 773 3427 828 Pauli
3459 773 3714 845 apostoli

2059 866 2337 921 incedere
2358 864 2424 919 '3.
2460 866 2603 920 Cum
2636 881 2771 920 vero
2804 864 3038 919 irruens
3068 869 3276 918 ventus
3305 863 3716 917 vehementior

2068 955 2127 1012 id
2153 972 2274 1010 non
2304 959 2609 1026 pateretur
2662 970 2805 1008 nave
2838 970 2871 1007 a
2901 952 3083 1024 puppi
3142 952 3416 1021 impulsa.
3476 952 3708 1007 beatam

2060 1044 2403 1117 praedicavit
2433 1044 2781 1099 charitatem
2840 1042 3090 1097 fratrum
3150 1042 3311 1095 illius
3373 1041 3510 1107 loci,
3545 1047 3603 1097 et
3627 1043 3710 1095 sic

2060 1133 2586 1206 praeternavigavit.
2611 1132 2794 1204 Igitur
2824 1149 2943 1186 uno
2967 1131 3060 1185 die
3089 1136 3149 1185 et
3176 1137 3347 1186 nocte
3378 1130 3583 1185 eadem
3616 1147 3706 1184 se-

2064 1223 2274 1279 cundis
2304 1223 2493 1277 ventis
2523 1222 2614 1276 usi
2638 1220 3106 1287 abducebantur,
3130 1236 3239 1274 nos
3256 1219 3495 1288 quidem
3521 1220 3707 1287 inviti,

2060 1318 2368 1385 gementes
2398 1311 2472 1365 ob
2494 1309 3099 1383 separationemjusti
3128 1308 3294 1363 illius
3317 1324 3351 1362 a
3382 1308 3555 1362 nobis
3580 1323 3715 1362 mox

2062 1402 2428 1457 futuram.At
2459 1400 2510 1453 ei
2544 1417 2617 1453 ex
2646 1405 2780 1453 voto
2811 1415 2907 1453 res
2930 1397 3647 1469 contingebat,festinanti
3680 1412 3711 1449 e

2062 1490 2283 1545 mundo
2309 1489 2612 1544 discedere
2644 1495 2711 1543 ut
2738 1488 2811 1543 ad
2844 1487 3123 1543 dilectum
3161 1487 3473 1541 Dominum
3505 1501 3710 1555 perve—

2060 1580 2236 1636 niret.
2270 1581 2458 1645 Quare
2490 1596 2624 1634 cum
2656 1577 2986 1649 navigando
3018 1577 3383 1650 pervenisset
3413 1577 3473 1630 in
3504 1580 3713 1646 portus

2060 1673 2484 1734 Romanorum,
2515 1670 2768 1739 ﬁnisque
2784 1668 3075 1724 immundi
3095 1666 3417 1738 spectaculi
3440 1666 3711 1720 immine-

2059 1766 2170 1827 ret,
2204 1760 2426 1815 milites
2458 1759 2794 1814 tarditatem
2829 1774 2981 1829 aagre
3015 1756 3324 1820 ferebant;
3387 1760 3447 1810 at
3478 1754 3708 1826 episco—

300 1839 621 1915 μελλούσης
655 1840 833 1915 λέγειν
863 1849 964 1911 τῆς
1024 1843 1326 1914 ἀκαθάρτου
1384 1844 1725 1922 φιλοτιμίας,
1761 1848 1812 1901 οἱ
1843 1848 1942 1918 μὲν

2065 1866 2163 1922 pus
2192 1848 2454 1922 gaudens
2484 1848 2832 1920 urgentibus
2854 1847 3120 1918 parebat.

299 1935 632 2002 στρατιῶται
665 1932 795 2004 ὑπὲρ
820 1938 920 2002 τῆς
952 1929 1286 2007 βραδυτῆτος
1318 1933 1633 2011 ἤσχαλλον,
1668 1937 1696 1990 ὁ
1729 1934 1784 1991 δὲ
1814 1934 2109 1999 ἐπίσκοπος
2142 1937 2349 2012 χαίρων
2375 1935 2781 2009 κατεπείγουσιν
2817 1936 3141 2005 ὑπήκουσεν.

1397 2063 1488 2117 VI-
1519 2064 1771 2132 Ignatius
1803 2068 1989 2122 Rome
2018 2082 2052 2119 a
2083 2063 2265 2120 bestiis
2302 2063 2613 2119 devoratur.

376 2181 608 2243 Ἐκεῖθεν
649 2178 742 2233 οὖν
774 2180 1054 2251 έώσθησαν
1114 2181 1219 2236 ἀπὸ
1276 2186 1373 2237 τοῦ
1426 2184 1767 2258 καλουμένου
1801 2187 1946 2262 Πόρ-

297 2288 399 2323 του
431 2269 506 2342 (6)
564 2265 960 2348 διεπεφημιστο
1014 2271 1117 2347 γὰρ
1175 2268 1285 2341 ἢδη
1335 2272 1403 2326 τὰ
1454 2274 1593 2328 κατά
1646 2275 1738 2329 τὸν
1799 2276 1954 2352 ἅγιον

300 2357 593 2432 μάρτυρα)·
656 2363 1002 2432 συναντῶμεν
1034 2361 1146 2433 (10)
1196 2365 1313 2421 τοῖς
1376 2359 1634 2438 ἀδελφοῖς
1684 2359 1837 2441 φόϐῳ
1866 2366 1955 2420 καὶ

295 2451 450 2522 χαρᾷ
479 2447 965 2521 πεπληρωμένοις,
1021 2448 1308 2524 χαίρουσιν
1369 2450 1462 2522 μὲν
1521 2451 1602 2529 ἐφ’
1633 2453 1721 2515 οἷς
1751 2454 1952 2527 ἠξίωνο

296 2556 365 2591 το
395 2542 496 2604 τῆς
526 2540 623 2590 τοῦ
659 2537 935 2613 Θεοφόρου
967 2536 1279 2613 συντυχίας,
1313 2534 1678 2616 φοϐουμένοις
1700 2538 1777 2611 δὲ,
1812 2540 1952 2597 διότι

296 2644 404 2699 περ
435 2624 519 2679 ἐπὶ
553 2624 776 2689 θάνατον
813 2627 840 2680 ὁ
872 2630 1121 2688 τοιοῦτος
1184 2624 1371 2702 ἤγετο.
1432 2629 1556 2684 Τισὶ
1590 2627 1647 2684 δέ
1678 2632 1769 2685 καὶ
1799 2652 1947 2707 παρ-

296 2713 573 2788 ήγγελλεν
602 2716 923 2789 ἡσυχάζειν,
966 2714 1144 2785 ζέουσι
1194 2717 1284 2771 καὶ
1345 2715 1567 2793 λέγουσι
1625 2721 1952 2777 καταπαύειν

292 2802 391 2856 τὸν
426 2800 602 2875 δῆμον
639 2804 778 2879 πρὸς
831 2804 895 2858 τὸ
952 2806 1026 2878 μὴ
1087 2802 1360 2875 ἐπιζητεῖν
1422 2805 1715 2862 ἀπολέσθαι
1747 2810 1839 2863 τὸν
1870 2807 1950 2864 δί-

294 2910 478 2948 καιον.
527 2894 623 2955 Ὃς
678 2893 833 2957 εὐθὺς
892 2893 1051 2969 γνοὺς
1119 2899 1200 2966 τῷ
1258 2895 1544 2968 πνεύματι,
1603 2898 1693 2952 καὶ
1750 2899 1954 2964 πάντας

294 2981 703 3057 ἀσπασάμενος,
738 2981 966 3054 αῗτήσας
1020 3004 1079 3038 τε
1134 2985 1262 3059 παρ’
1320 2984 1494 3039 αὐτῶν
1552 2988 1650 3056 τήν
1684 2986 1952 3058 ἀληθινήν

298 3072 542 3145 ἀγάπην,
574 3072 802 3128 πλείονά
824 3094 882 3128 τε
903 3078 1009 3128 τῶν
1039 3072 1092 3128 ἐν
1114 3078 1181 3147 τῇ
1215 3073 1478 3148 ἐπιστολῇ
1500 3072 1815 3155 διαλεχθεὶς
1838 3079 1950 3150 (11)

293 3161 392 3214 καὶ
421 3160 609 3223 πείσας
643 3163 718 3234 μή
752 3164 1016 3238 φθονῆσαι
1066 3167 1144 3233 τῷ
1204 3160 1491 3218 σπεύδοντι
1536 3165 1670 3234 πρὸς
1715 3166 1805 3220 τὸν
1842 3166 1949 3223 Κύ-

2138 2187 2310 2242 Illinc
2341 2203 2476 2259 ergo
2508 2186 2784 2241 abierunt
2813 2186 2885 2240 ab
2947 2201 3037 2252 eo,
3098 2183 3199 2254 qui
3259 2182 3475 2237 dicitur
3505 2184 3713 2235 Portus

2064 2277 2213 2348 (jam
2242 2293 2378 2331 vero
2401 2292 2607 2347 sparsa
2624 2282 2751 2331 erat
2772 2275 2959 2330 sancti
2984 2272 3258 2345 martyris
3280 2273 3456 2341 fama)
3482 2288 3495 2337 ;
3521 2269 3717 2324 obvia-

2066 2383 2199 2421 mus
2229 2365 2509 2421 fratribus
2534 2370 2695 2420 metu
2717 2371 2775 2420 et
2793 2364 3007 2437 gaudio
3032 2362 3294 2434 repletis,
3320 2358 3713 2432 gaudentibus

2066 2454 2495 2525 quidem,quod
2516 2470 2836 2526 congressu
2854 2452 3183 2523 Theophori
3208 2453 3360 2506 Deus
3382 2451 3543 2521 ipsos
3556 2453 3716 2503 esset

2066 2544 2362 2617 dignatus,
2389 2544 2740 2598 timentibus
2764 2548 2983 2611 autem,
3008 2541 3167 2613 quod
3200 2541 3333 2595 talis
3354 2541 3440 2594 vir
3460 2538 3533 2594 ad
3556 2555 3718 2592 mor-

2064 2638 2184 2687 tem
2206 2632 2845 2697 duceretur.Quosdam
2869 2632 3049 2687 etiam
3072 2630 3324 2696 monuit,
3357 2635 3423 2684 ut
3448 2628 3715 2698 quiesce-

2063 2729 2213 2777 rent.
2252 2723 2352 2794 qui
2386 2722 2687 2778 fervebant
2736 2721 3114 2791 aiebantque,
3147 2737 3207 2774 se
3259 2718 3547 2790 populum
3588 2733 3716 2771 esse

2064 2812 2392 2877 sedaturos,
2427 2828 2501 2865 ne
2533 2811 2721 2865 virum
2746 2809 2975 2880 justum
3026 2808 3099 2864 ad
3158 2824 3367 2863 necem
3399 2810 3711 2877 quaereret.

2063 2901 2169 2966 Qui
2195 2918 2327 2955 cum
2361 2900 2674 2956 confestim
2707 2916 2832 2955 rem
2865 2898 3079 2970 spiritu
3102 2897 3470 2970 cognovisset
3499 2900 3557 2949 et
3585 2910 3712 2948 om-

2064 3006 2172 3043 nes
2229 2990 2559 3056 salulasset,
2595 2994 2653 3043 et
2682 2988 2754 3044 ab
2788 2988 2860 3042 iis
2894 3004 3095 3042 verum
3150 3002 3414 3041 amorem
3445 2984 3715 3056 pluribus

2064 3079 2278 3148 verbis,
2313 3096 2491 3149 quam
2521 3079 2579 3132 in
2613 3078 2884 3149 epistola,
2920 3077 3207 3147 petiisset,
3241 3076 3431 3145 iisque
3473 3089 3715 3145 persua-

2064 3168 2259 3236 sisset,
2294 3185 2367 3222 ne
2399 3167 2510 3222 sibi
2552 3167 2883 3222 inviderent
2915 3166 2989 3221 ad
3023 3165 3340 3220 Dominum
3388 3162 3716 3227 festinanti,

295 3269 445 3324 ριον,
478 3247 622 3306 οὕτω
657 3251 790 3322 μετὰ
847 3249 1199 3325 γονυνλισίας
1256 3253 1472 3307 πάντων
1528 3258 1635 3308 τῶν
1675 3251 1948 3334 ἀδελφῶν,

2071 3276 2248 3328 nunc,
2284 3266 2599 3330 postquam
2656 3258 2852 3313 cuncti
2894 3258 3108 3312 fratres
3165 3271 3357 3327 genua
3389 3254 3720 3319 ﬂexissent,

294 3338 685 3413 παρακαλέσας
733 3339 824 3394 τὸν
860 3341 981 3395 rte»
1010 3345 1107 3395 τοῦ
1168 3344 1303 3396 Θεοῦ
1364 3341 1496 3416 ὑπὲρ
1550 3348 1656 3397 τῶν
1714 3342 1956 3416 Ἐκκλη-

297 3431 461 3498 σιῶν,
495 3428 626 3503 ὑπὲρ
657 3431 756 3493 τῆς
794 3432 890 3483 τοῦ
943 3426 1196 3505 διωγμοῦ
1251 3430 1662 3499 καταπαύσεως,
1694 3433 1825 3506 ὑπὲρ
1857 3440 1956 3502 τῆς

298 3522 420 3572 τῶν
468 3513 717 3595 ἀδελφῶν
772 3517 850 3579 εἰς
910 3516 1196 3587 ἀλλήλους
1248 3519 1483 3592 ἀγάπης,
1543 3521 1770 3596 ἀπήχθη
1826 3523 1958 3595 μετὰ

306 3603 555 3675 σπουδῆς
589 3608 664 3670 είς
691 3607 752 3661 τὸ
810 3608 1199 3683 ἀμφιθέατρον.
1251 3608 1389 3663 Εἶτα
1445 3608 1598 3671 εὐθὺς
1661 3607 1960 3681 ἐμϐληθεὶς

300 3696 445 3750 κατὰ
472 3695 535 3750 τὸ
564 3694 734 3750 πάλαι
782 3696 1103 3773 πρόσταγμα
1150 3697 1246 3752 τοῦ
1307 3698 1571 3773 Καίσαρος
1629 3702 1766 3773 (12),
1820 3700 1957 3773 μελ-

304 3784 529 3841 λουσῶν
575 3788 899 3841 καταπαύειν
948 3791 1056 3842 τῶν
1090 3786 1424 3864 φιλοτιμιῶν
1482 3788 1569 3858 (ἦν
1629 3790 1731 3865 γὰρ
1760 3788 1953 3867 ἐπιφα-

296 3875 422 3942 νὴς,
485 3875 559 3935 ὡς
616 3872 859 3946 ἐδόκουν,
910 3878 944 3946 ἡ
1005 3874 1279 3953 λεγομένη
1337 3880 1407 3950 τῇ
1460 3877 1750 3950 Ῥωμαῖκῇ
1805 3883 1956 3955 φωνῇ

297 3961 727 4037 τρισκαιδέκάτη
788 3967 923 4037 (13),
978 3967 1098 4029 καθ’
1155 3966 1222 4034 ἢν
1281 3963 1591 4027 σπουδαίως
1651 3967 1956 4041 συνῄεσαν),

299 4050 484 4114 οὕτως
518 4053 711 4125 θηρσὶν
741 4053 918 4126 ὠμοῖς
946 4054 1094 4128 παρά
1138 4058 1217 4123 τῷ
1274 4059 1387 4127 ναῷ
1413 4050 1791 4129 παρεϐάλλετο
1821 4060 1956 4129 (14),

303 4139 386 4202 ὡς
413 4141 539 4216 παρ’
570 4140 705 4195 αὖτά
758 4145 854 4196 τοῦ
886 4142 1049 4218 ἁγίου
1084 4143 1357 4217 μάρτυρος
1390 4143 1654 4218 Ἰγνατίου
1701 4142 1955 4219 πληροῦ-

299 4240 427 4293 σθαι
462 4234 561 4300 τήν
594 4230 882 4303 ἐπιθυμίαν
915 4235 1046 4304 (15),
1068 4233 1205 4288 κατά
1259 4239 1321 4288 το
1365 4237 1767 4310 γεγραμμένον·
1812 4236 1958 4290 Ἐπι-

299 4319 479 4392 θυμία
509 4317 722 4375 δικαίου
755 4318 938 4392 δεκτή·
988 4321 1077 4376 ’ἰνα
1140 4320 1328 4395 μηδενὶ
1388 4328 1496 4378 τῶν
1551 4323 1804 4402 ἀδελφῶν
1827 4325 1954 4380 ἐπα-

299 4412 451 4483 χθὴς
476 4406 564 4462 διὰ
591 4415 689 4478 τῆς
723 4407 1005 4484 συλλογῆς
1058 4414 1156 4465 τοῦ
1190 4409 1442 4486 λειψένου
1496 4411 1746 4486 γένηται,
1777 4415 1954 4476 καθὼς

296 4509 511 4574 φθασας
542 4497 595 4553 έν
622 4503 690 4571 τῇ
744 4497 1010 4573 ἐπιστολῇ
1058 4501 1157 4568 τήν
1220 4498 1360 4556 ἰδίαν
1424 4502 1682 4575 ἐπεθύμει
1712 4503 1955 4577 γενέσθαι

288 4586 598 4643 τελείωσιν.
638 4587 784 4644 Μόνα
816 4588 917 4661 γὰρ
949 4588 1017 4643 τὰ
1044 4589 1356 4665 τραχύτερα
1387 4596 1496 4646 τῶν
1554 4591 1726 4666 ἀγίων
1785 4591 1951 4647 αὐτοῦ
1982 4626 2028 4689 D

295 4675 573 4751 λειψάνων
628 4675 979 4754 περιελείφθη
1015 4720 1029 4745 ,
1098 4677 1251 4733 ἅτινα
1307 4680 1383 4741 εἶς
1441 4681 1541 4749 τήν
1602 4680 1947 4759 Ἀντιόχειαν

369 4867 417 4904 ⁸³
446 4869 575 4927 Act.
607 4886 801 4938 xxvm,
834 4870 923 4937 13,
957 4872 1043 4925 14.
1119 4867 1168 4905 ³⁵
1195 4870 1362 4924 Prov.
1395 4886 1455 4936 χ,
1487 4871 1577 4930 24.

366 5062 445 5126 (9)
479 5058 659 5114 Hodie
692 5059 737 5113 Il
766 5061 935 5115 Porto
964 5075 1147 5132 prope
1180 5060 1413 5115 ostiam.

370 5132 485 5200 (10)
515 5132 603 5187 Ita
634 5139 912 5188 monente
944 5131 1191 5187 S'mithio
1223 5131 1484 5187 restituit
1518 5132 1883 5187 Jacobsonus
1917 5148 1947 5187 e

295 5203 505 5259 codice
564 5204 830 5257 Pariensi
889 5221 994 5275 pro
1048 5204 1280 5276 vulgata
1336 5204 1592 5258 lectione
1650 5200 1743 5255 σὺν
1802 5201 1949 5273 αὐτῷ

303 5277 406 5347 μέν

372 5318 483 5414 liti)
516 5346 586 5400 Sc
643 5345 703 5399 in
743 5345 1004 5416 Epistola
1036 5363 1142 5402 sua
1180 5345 1253 5401 ad
1285 5348 1600 5403 Romanos.

366 5419 481 5487 (t2)
513 5416 604 5470 Sic
632 5416 896 5485 loquitur
926 5418 1183 5489 Martyrii
1216 5421 1489 5488 scriptor,
1513 5416 1651 5486 quia
1679 5422 1815 5472 ante
1839 5418 1952 5472 ali-

293 5494 448 5561 quot
495 5503 733 5542 menses
794 5490 1154 5545 sententiam
1221 5489 1637 5560 pronuntiaret
1664 5489 1950 5560 Trajanus

294 5563 484 5703 alii?)
520 5630 611 5685 Sc.
626 5634 783 5703 _an_te
834 5631 1122 5703 Kalendas
1166 5632 1498 5703 Ianuarias,
1528 5635 1597 5686 ut
1654 5646 1724 5685 ex
1755 5648 1883 5703 cap.
1918 5632 1951 5683 7

290 5698 551 5774 apparet
577 5717 589 5755 :
626 5698 852 5773 Εγένετό
885 5699 942 5756 δὲ
969 5706 1137 5758 ταῦτα
1164 5708 1231 5771 τῆ
1264 5702 1372 5778 πρὸ
1404 5700 1700 5777 δεκατριῶν
1730 5698 1953 5757 Καλαν-

2063 3349 2307 3420 ipseque
2340 3348 2553 3402 Filium
2589 3347 2689 3402 Dei
2712 3366 2817 3419 pro
2849 3346 3127 3401 Ecclesiis
3159 3353 3216 3400 et
3245 3361 3351 3416 pro
3382 3344 3712 3398 cessatione

2064 3438 2496 3509 persecutionis
2519 3444 2577 3491 et
2597 3454 2702 3508 pro
2718 3442 2922 3491 mutuo
2954 3436 3202 3490 fratrum
3235 3436 3390 3488 inter
3419 3450 3480 3488 se
3512 3447 3713 3487 amore

2068 3532 2344 3598 precatus
2372 3530 2546 3593 esset,
2605 3526 2893 3580 abductus
2926 3530 3015 3579 est
3045 3524 3353 3578 confestim
3387 3523 3447 3576 in
3479 3521 3712 3592 amphi-

2064 3616 2383 3671 theatrum.
2417 3615 2565 3669 Dein
2597 3614 2754 3669 illico
2786 3614 2848 3667 in
2889 3613 2949 3668 id
2986 3614 3289 3667 immissus
3330 3628 3400 3665 ex
3430 3610 3710 3665 mandato

2063 3703 2311 3760 Caasaris
2341 3702 2571 3774 pridem
2604 3703 2761 3768 dato,
2810 3704 2925 3758 fine
2986 3701 3454 3772 spectaculorum
3512 3699 3711 3753 immi-

2066 3798 2245 3847 nente
2275 3797 2427 3860 (erat
2447 3793 2605 3846 enim
2638 3792 2945 3858 solemnis,
2991 3798 3055 3846 ut
3086 3790 3394 3861 putabant,
3426 3789 3574 3855 dies,
3608 3787 3709 3856 qui

2063 3882 2281 3936 dicitur
2311 3884 2572 3937 Romana
2601 3880 2800 3952 lingua
2830 3881 3038 3935 tertius
3069 3879 3355 3946 decimus,
3416 3895 3531 3948 quo
3586 3881 3712 3931 stu—

2064 3971 2232 4026 diose
2263 3973 2700 4040 convenerant),
2735 3969 2819 4024 sic
2839 3968 3180 4025 crudelibus
3211 3967 3351 4023 feris
3375 3967 3545 4038 juxta
3568 3972 3711 4020 tem-

2062 4060 2226 4131 plum
2254 4065 2342 4114 est
2372 4059 2659 4131 objectus,
2695 4064 2761 4113 ut
2790 4057 2951 4112 illico
2984 4057 3171 4112 sancti
3205 4054 3480 4127 martyris
3503 4053 3709 4127 Ignatii

2064 4149 2413 4219 impleretur
2441 4148 2825 4216 desiderium,
2859 4152 3034 4218 prout
3076 4145 3361 4217 scriptum
3395 4150 3522 4200 est:
3556 4145 3705 4198 Desi-

2061 4237 2273 4291 derium
2291 4238 2435 4307 justi
2454 4244 2531 4292 est
2560 4241 2840 4307 acceptum
2859 4236 2932 4302 3‘;
2952 4240 3017 4290 ut
3042 4250 3256 4305 nempe
3288 4232 3438 4287 nulli
3460 4234 3709 4287 fratrum

2062 4327 2252 4398 gravis
2283 4326 2451 4381 fieret
2472 4326 2547 4381 ob
2580 4341 2820 4380 suarum
2852 4324 3242 4394 reliquiarum
3275 4322 3714 4385 collectionem,

2064 4415 2569 4486 quemadmodum
2604 4415 2768 4486 prius
2800 4415 2860 4468 in
2891 4413 3141 4484 epistola
3186 4417 3509 4483 optaverat,
3545 4427 3713 4465 suam

2061 4505 2633 4561 consummationem
2661 4505 2809 4559 fieri.
2837 4503 2983 4558 Solae
3007 4504 3162 4557 enim
3190 4501 3459 4556 duriores
3483 4504 3715 4554 sancta-

2060 4611 2191 4648 rum
2210 4595 2339 4665 ejus
2361 4594 2746 4663 reliquiarum
2771 4598 2965 4663 parles
2988 4592 3229 4657 relictae,
3253 4594 3310 4643 et
3337 4587 3710 4642 Antiochiam

2059 4684 2271 4739 ablata)
2302 4688 2643 4753 sunt,atque
2666 4681 2727 4736 in
2751 4682 2935 4736 linteo
2958 4679 3262 4750 depositae,
3297 4683 3359 4732 ut
3393 4677 3705 4731 thesaurus

2057 5057 2163 5115 δῶν
2201 5059 2595 5131 Ἰαννουαρίων.
2629 5061 2732 5116 Die
2765 5061 2866 5116 illo
2901 5056 3360 5131 celebrabantur
3389 5056 3543 5111 binis
3578 5055 3705 5110 die-

2057 5134 2167 5189 bus
2199 5129 2508 5204 Sigillaria,
2542 5132 2783 5203 adjectA
2812 5129 3240 5204 Saturnalibus.

2129 5207 2240 5274 (14)
2263 5199 2410 5259 Erat
2438 5199 2942 5274 amphitheatrum
3000 5207 3102 5257 aut
3150 5202 3274 5274 iovi
3337 5199 3573 5274 Latiari,
3607 5203 3708 5253 aut

2059 5272 2277 5348 Stygio.
2309 5283 2369 5331 et
2398 5272 2597 5331 Dianas
2629 5292 2859 5330 sacrum
2889 5292 2903 5340 ;
2929 5273 3315 5348 quamobrem
3347 5272 3567 5348 mirum
3588 5286 3707 5348 non

2060 5343 2299 5415 estfhic
2332 5348 2536 5418 templi
2576 5343 2962 5418 mentionem,
3002 5345 3150 5418 fieri.
3210 5344 3375 5418 Cum.
3414 5345 3587 5418 V_et_us
3622 5343 3709 5418 in-

2060 5413 2288 5491 terpres
2320 5436 2438 5491 non
2454 5413 2601 5491 'legii
2629 5422 2709 5488 τῷ
2763 5421 2893 5491 ναῷ,
2955 5417 3136 5491 habet
3166 5417 3323 5491 enim
3355 5431 3369 5491 _:
3404 5415 3490 5491 ab_
3506 5413 3711 5483 impiis,

2060 5482 2310 5617 gortasse
2344 5482 2555 5561 legens
2575 5507 2587 5544 :
2652 5482 2807 5543 ποιπᾶ
2848 5482 2968 5541 ’τῶν
3027 5485 3263 5541 ἀνοσίων
3319 5486 3438 5541 sive
3469 5482 3710 5557 ἀνομων.

2103 5577 2249 5615 mra.

2103 5577 2228 5615 ΠΙἹἮ
2240 5604 2249 5612 .

2135 5632 2249 5703 (15)
2282 5632 2422 5687 Vide
2453 5633 2573 5704 lgn.
2607 5633 2698 5688 ad.
2728 5634 2883 5689 Rom.
