4004 6226
893 484 1122 539 CAPUT
1158 485 1230 539 II.

318 624 532 683 Postea
562 642 698 682 vero
729 643 862 683 cum
894 643 1054 683 nono
1085 640 1242 682 anno
1260 627 1435 699 regni
1471 620 1561 680 sui
1609 621 1896 695 Trajanus

244 721 581 773 remeasset
608 717 679 771 de
710 716 954 773 victoria
984 718 1330 789 Scytharum
1365 722 1423 771 et
1452 717 1671 770 Dacum
1715 718 1775 767 et
1804 711 1898 765 di—

245 820 556 864 versarum
587 806 851 878 gentium
877 822 892 874 ;
925 812 982 863 et
1010 811 1247 877 putaret
1275 805 1434 877 quod
1478 808 1677 875 posset
1721 815 1895 857 suum

245 896 569 969 imperium
592 897 886 965 amittere,
920 896 1035 951 nisi
1067 897 1538 951 Christianorum
1560 893 1896 965 piissimum

244 986 471 1041 cultum
496 985 572 1041 ad
587 985 984 1043 idololatriam
1007 985 1343 1051 inclinaret;
1369 998 1575 1039 omnes
1591 982 1692 1038 Dei
1708 981 1895 1037 culto-

243 1090 343 1130 res
373 1080 477 1130 aut
508 1076 865 1144 sacrificare,
911 1080 1012 1130 aut
1060 1079 1218 1131 certe
1275 1075 1426 1130 mari
1480 1071 1894 1144 compellebat.

244 1168 410 1221 Tunc
439 1168 653 1221 timens
686 1184 790 1238 pro
820 1165 1085 1221 Ecclesia
1114 1165 1620 1221 Antiochenorum
1644 1162 1895 1217 fortissi-

247 1270 383 1310 mus
416 1255 633 1310 Christi
665 1257 839 1311 miles
876 1256 1156 1328 ignatius,
1187 1255 1342 1309 ultro
1374 1253 1637 1326 perrexit
1666 1253 1740 1307 ad
1757 1253 1895 1306 Tra-

239 1348 479 1419 janum.
515 1351 921 1401 transeuntem
952 1345 1056 1401 illo
1086 1351 1353 1416 tempore
1380 1342 1895 1415 perAntiochiam,

245 1442 309 1491 et
329 1436 712 1491 festinantem
738 1434 811 1490 ad
832 1434 1173 1490 Armeniam
1199 1438 1258 1489 et
1280 1432 1814 1503 Parthos.Cumque
1838 1432 1898 1485 in

244 1526 465 1580 faciem
497 1525 650 1596 regis
707 1524 942 1596 Trajani
1003 1524 1305 1591 astitisset,
1364 1523 1651 1593 Trajanus
1704 1521 1896 1575 dixit:

250 1635 278 1664 «ι
317 1614 460 1679 Quis
493 1629 553 1668 es
580 1620 663 1679 tu,
697 1614 1096 1681 cacodmmon,
1129 1614 1230 1683 qui
1256 1616 1461 1667 nostra
1488 1617 1781 1683 praecepta
1812 1611 1900 1666 fe-

252 1703 443 1758 stinas
474 1702 827 1775 transgredi.
861 1708 920 1757 et
947 1702 1080 1757 aliis
1110 1701 1430 1773 persuades
1460 1706 1527 1755 ut
1581 1700 1731 1756 male
1761 1715 1895 1771 pera

252 1798 395 1849 eant
419 1792 448 1849 ?
480 1814 508 1840 ››
539 1792 797 1861 ignatius
828 1792 1013 1848 dixit:
1048 1813 1075 1840 «
1109 1793 1290 1847 Nemo
1339 1791 1752 1862 Theophorum
1801 1806 1895 1845 ca-

247 1881 660 1941 codasmonem
691 1888 857 1937 vocat
886 1899 899 1949 ς
932 1881 1103 1953 longe
1135 1881 1293 1937 enim
1327 1895 1362 1936 a
1392 1878 1571 1935 servis
1603 1878 1704 1935 Dei
1736 1894 1901 1937 rece-
1934 1855 1977 1916 Β

240 1973 395 2028 dunt
412 1972 733 2026 dmmones.
758 1971 888 2027 Scio
912 1970 1150 2040 quidem
1174 1970 1312 2040 quia
1333 1968 1614 2027 molestus
1632 1968 1717 2023 eis
1731 1983 1863 2024 sum
1885 1984 1899 2035 ;

246 2064 567 2134 propterea
598 2075 689 2114 me
724 2060 874 2114 male
906 2058 1378 2114 cucodaemenem
1412 2057 1650 2113 vocasti.
1702 2056 1901 2112 Confl-

243 2158 375 2207 teor
407 2148 568 2205 enim
599 2164 694 2204 me
721 2147 1019 2207 Christum
1048 2163 1244 2221 regem
1269 2144 1487 2202 habere
1513 2163 1525 2201 :
1561 2148 1621 2204 et
1639 2143 1898 2203 dissolvo

244 2238 489 2295 illorum
523 2236 791 2295 consilia.
822 2258 850 2287 »
882 2238 1170 2309 'l‘rajanus
1214 2235 1399 2293 dixit:
1455 2259 1481 2286 ι(
1512 2237 1582 2292 Et
1628 2235 1762 2305 quis
1813 2240 1903 2293 est

242 2326 634 2396 Theopborus
658 2324 685 2381 ‘i
706 2346 734 2375 n
767 2325 1027 2395 Ignatius
1057 2324 1247 2379 dixit:
1287 2348 1306 2372 ιι
1341 2323 1449 2387 Qui
1474 2323 1772 2378 Christum
1796 2322 1902 2378 hae

244 2418 350 2472 bet
374 2416 436 2470 in
466 2420 725 2488 pectore.
760 2434 789 2465 n
821 2413 1113 2485 Trajanus
1147 2410 1335 2470 dixit:
1366 2434 1393 2462 ››
1425 2415 1494 2468 Et
1522 2427 1632 2467 nos
1661 2411 1900 2467 nontibi

246 2505 523 2563 videmur
552 2501 769 2561 habere
798 2504 940 2559 deos
990 2503 1050 2561 in
1103 2508 1360 2576 pectore,
1412 2518 1560 2573 quos
1609 2498 1900 2561 habemus

247 2593 636 2653 auxiliatores
666 2601 872 2650 contra
899 2592 1149 2651 hostes?
1178 2612 1201 2637 ιι
1234 2593 1496 2665 ignatius
1542 2588 1727 2648 dixit:
1770 2615 1797 2641 ιι
1832 2590 1902 2651 Et

244 2685 546 2741 dmmonia
575 2684 841 2751 gentium
865 2683 1006 2738 deos
1029 2683 1585 2749 existimans,erras,
1621 2681 1781 2737 Unus
1811 2686 1900 2736 est

241 2774 406 2829 enim
430 2774 604 2841 Deus,
632 2773 731 2844 qui
756 2771 894 2827 fecit
915 2772 1125 2827 cwlum
1150 2776 1206 2826 et
1229 2776 1469 2839 terram,
1495 2785 1657 2825 mare
1690 2774 1748 2824 et
1769 2785 1899 2824 om-

235 2862 339 2917 nia
371 2878 505 2935 quaa
536 2861 597 2915 in
639 2860 726 2917 eis
781 2864 959 2916 sunt:
1017 2865 1074 2914 et
1132 2876 1290 2914 unus
1336 2859 1679 2931 unigenitus
1727 2860 1895 2915 Jesus

237 2951 509 3009 Christus
539 2949 722 3007 Filius
754 2948 903 3021 ejus,
936 2946 1107 3020 cujus
1137 2947 1463 3005 amicitiam
1521 2947 1826 3019 acquisivi.
1864 2970 1893 2999 υ

236 3043 533 3111 Traianus
564 3039 748 3096 dixit:
812 3060 839 3091 ς(
873 3039 1228 3095 Cruciiixum
1280 3038 1427 3094 dicis
1460 3054 1493 3092 a
1546 3039 1755 3092 Pontio
1788 3038 1892 3092 Pi-

236 3130 403 3185 lato?
432 3151 462 3178 »
495 3124 753 3201 lgnatius
782 3124 928 3182 dixit
956 3142 967 3181 :
1001 3150 1027 3177 α
1073 3127 1245 3182 illum
1277 3127 1376 3197 qui
1436 3126 1725 3182 crucifixit
1756 3140 1895 3200 pec-

1726 345 2211 411 HARTYRIUM
2222 392 2236 406 .

1919 480 1974 545 Α
2002 495 2137 535 cum
2167 480 2436 551 apostolo
2468 487 2569 536 tuo
2600 481 2783 537 Paulo
2815 480 3024 537 ferreis
3046 481 3292 538 vinculis
3337 483 3585 553 alligari.
3618 504 3647 535 η

3536 350 3656 413 990

2006 570 2126 627 Hoc
2155 568 2379 640 dicens,
2413 577 2471 626 et
2501 587 2634 629 cum
2669 571 2871 627 lmtitia
2911 572 3240 643 suscipiens
3284 573 3539 640 vincula,
3592 579 3649 631 et

2005 672 2182 715 orans
2214 660 2405 729 primo
2437 678 2541 731 pro
2574 661 2853 726 Ecclesia,
2898 667 2956 715 et
3012 678 3141 715 eam
3191 676 3327 715 cum
3376 661 3653 734 lacrymis

2006 747 2432 805 commendans
2475 750 2761 815 Domino;
2810 750 2963 805 sicut
3013 750 3167 804 aries
3216 766 3466 822 magnus
3513 750 3655 806 boni

2006 834 2196 905 gregis
2218 833 2359 903 dux,
2383 850 2416 891 a
2437 837 2821 892 ferocissimis
2847 836 3133 892 militibus
3157 836 3656 904 ducebatur,cru-

2006 923 2324 981 delissimis
2338 926 2884 991 manibusﬁomam
2897 927 3102 983 bestiis
3117 928 3190 983 ad
3203 927 3629 983 comestionem
3644 967 3656 981 .

2650 1063 2880 1116 CAPUT
2916 1063 3011 1119 ill.

2077 1182 2376 1239 Tollentes
2407 1184 2585 1257 igitur
2612 1185 2848 1239 beatum
2902 1184 3216 1257 ignatium,
3273 1187 3538 1256 pervenit
3579 1185 3653 1241 ad

2007 1270 2335 1327 Seleuciam
2362 1289 2375 1339 ;
2409 1272 2567 1328 unde
2598 1279 2655 1327 et
2685 1272 2956 1345 navigare
2990 1272 3342 1328 habuerunt.
3378 1274 3447 1327 Et
3476 1272 3659 1347 respi-

2008 1361 2171 1416 ciens
2193 1367 2432 1416 sanctus
2481 1363 2736 1433 ignatius
2784 1369 2916 1434 post
2968 1361 3218 1417 multum
3269 1362 3530 1417 laborem
3583 1361 3657 1417 ad

2008 1452 2446 1521 Smyrnmorum
2465 1451 2783 1517 civitatem,
2809 1467 2940 1507 cum
2969 1449 3154 1506 multo
3177 1450 3388 1525 gaudio
3412 1452 3655 1506 descen-

2010 1539 2156 1595 dens
2183 1541 2255 1595 de
2284 1542 2438 1609 navi,
2471 1541 2791 1611 festinabat
2822 1546 3089 1598 sanctum
3124 1542 3511 1615 Polycarpum
3539 1541 3659 1617 epi-

2009 1645 2251 1701 scopum
2285 1631 2723 1702 Smyrnseorum
2757 1630 3163 1704 coadjutorem
3217 1646 3389 1689 suum
3437 1630 3660 1689 videre.

2008 1721 2267 1775 Fuerunt
2295 1728 2489 1774 autem
2541 1720 2715 1775 ambo
2772 1717 3045 1792 discipuli
3097 1721 3338 1776 Joannis
3385 1721 3656 1790 apostoli.

2008 1810 2188 1877 Quem
2224 1809 2332 1865 sibi
2366 1809 2688 1867 adductum
2722 1809 2929 1871 beatus
2960 1810 3315 1882 Polycarpus
3346 1809 3573 1877 videns,
3600 1814 3657 1864 et

2008 1898 2397 1969 spiritualiter
2411 1898 2462 1953 ei
2487 1899 2956 1967 communicatis,
2975 1905 3035 1953 et
3058 1897 3305 1955 vinculis
3335 1896 3465 1967 ejus
3487 1913 3657 1951 coax-

2008 1986 2257 2051 saltans,
2293 1993 2457 2059 rogat
2486 2003 2618 2042 eum
2653 1988 2737 2041 ire
2770 1988 2843 2043 ad
2866 1988 3231 2059 propositum
3260 2000 3453 2042 suum.
3479 1986 3657 2058 Magis

2007 2082 2203 2133 autem
2236 2077 2634 2131 communiter
2674 2077 2869 2132 omnis
2901 2077 3159 2135 Ecclesia
3185 2082 3349 2149 rogat
3386 2092 3521 2133 cum
3552 2091 3659 2148 per

2006 2173 2278 2223 sanctum
2309 2164 2653 2239 episcopum
2693 2165 3107 2239 Polycarpum.
3164 2172 3220 2223 et
3266 2183 3372 2237 per
3420 2172 3654 2222 sanctos

2003 2256 2381 2329 presbyteros
2411 2260 2469 2311 et
2498 2255 2804 2312 diaconos.
2853 2256 2965 2311 Sed
3014 2262 3073 2311 et
3121 2272 3328 2310 omnes
3376 2254 3653 2310 Ecclesia

2002 2346 2157 2401 Asia;
2187 2345 2548 2401 festinabant
2579 2346 2652 2400 ad
2703 2358 2859 2416 eum,
2913 2350 2981 2400 ut
3028 2344 3525 2417 participarentur
3578 2343 3651 2399 de

2004 2432 2295 2507 splrituali
2331 2436 2460 2506 ejus
2492 2433 2925 2491 benedictione.
2954 2435 3202 2491 Maxime
3226 2439 3423 2491 autem
3441 2438 3497 2488 et
3515 2450 3652 2488 san-

2003 2531 2164 2583 ctum
2200 2523 2582 2597 Polycarpum
2618 2524 3025 2593 hortabantur,
3061 2533 3124 2579 ut
3152 2540 3288 2581 cum
3336 2524 3649 2590 animaret,

2004 2630 2120 2684 quo
2152 2620 2599 2669 consummatus
2631 2628 2665 2667 a
2692 2612 2924 2679 bestiis,
2956 2611 3276 2666 invisibilis
3307 2610 3528 2665 mundo
3564 2610 3651 2662 ef~

2003 2702 2213 2767 fectus,
2245 2706 2711 2772 praesentaretur
2744 2701 3047 2757 obtutibus
3079 2700 3318 2755 Christi.

2604 2924 2645 2977 E
2685 2922 2935 2981 CAPITE
2976 2923 3040 2977 V.

2074 3082 2088 3102 .
2133 3082 2145 3097 .
2192 3080 2205 3098 .
2251 3081 2264 3097 .
2313 3081 2326 3097 .
2369 3082 2384 3097 .
2426 3043 2494 3097 Et
2534 3040 2744 3099 exinde
2776 3041 3183 3112 proficiscens,
3214 3039 3402 3111 Trojm
3433 3054 3647 3109 appro-

1997 3130 2322 3203 pinquavit.
2347 3130 2428 3185 Ad
2439 3130 2649 3185 ductus
2673 3136 2868 3187 autem
2887 3130 3328 3201 Neapolim,per
3347 3127 3644 3199 Philippe-

230 3226 456 3281 catum,
491 3224 550 3273 et
579 3218 948 3272 inventorem
980 3215 1146 3285 ejus;
1180 3222 1239 3271 et
1290 3215 1391 3289 qui
1437 3230 1556 3270 non
1597 3214 1890 3287 justiflcat
1931 3220 1973 3286 C
2002 3219 2121 3275 sios
2152 3220 2384 3276 transiit
2417 3218 2820 3275 Macedoniam
2854 3219 3125 3293 pedibus,
3151 3223 3210 3274 et
3238 3218 3480 3289 Epirum
3514 3234 3644 3287 quae

228 3308 531 3366 idolorum
564 3306 930 3373 servitorem,
958 3305 1063 3362 sed
1088 3304 1189 3377 qui
1222 3305 1282 3359 in
1318 3302 1493 3361 corde
1516 3322 1622 3363 suo
1654 3306 1765 3363 hoc
1789 3322 1878 3363 δᾶ-

232 3399 342 3471 pit.
378 3420 407 3449 »
447 3397 736 3468 Trajanus
767 3395 950 3450 dixit:
999 3418 1027 3444 ‹‹
1059 3395 1143 3449 Tu
1192 3409 1328 3465 ergo
1382 3394 1443 3449 in
1485 3395 1671 3466 teipso
1720 3395 1881 3449 Chri-

235 3494 397 3542 stum
427 3492 618 3558 gestas
639 3484 666 3540 ?
698 3506 725 3534 ι»
762 3484 1019 3555 ignatius
1049 3483 1229 3537 dixit:
1264 3504 1291 3532 «
1331 3482 1557 3553 Utique.
1588 3483 1881 3554 Scriptum

236 3581 330 3630 est
364 3575 526 3631 enim
556 3589 569 3629 :
606 3571 881 3630 Habitabo
910 3574 967 3626 in
998 3574 1092 3639 eis,
1124 3577 1175 3626 et
1204 3570 1577 3626 inambulatio.
1617 3596 1638 3626 ι
1675 3570 1883 3643 Traja-

232 3682 349 3721 nus
382 3662 572 3720 dixit:
605 3685 633 3714 ‹‹
672 3661 962 3735 ignatium
991 3661 1217 3727 censui,
1251 3659 1546 3716 dicentem
1588 3660 1650 3717 in
1691 3660 1883 3730 seipso

232 3755 544 3811 continere
566 3752 939 3819 cruciﬁxum,
974 3751 1232 3806 vinctum
1263 3766 1297 3804 a
1327 3750 1617 3805 militibus
1641 3749 1884 3821 perduci

232 3845 309 3901 ad
341 3858 616 3911 magnam
645 3839 856 3896 urbem
889 3842 1155 3895 Romam.
1180 3854 1375 3895 escam
1400 3839 1603 3893 bestiis
1626 3856 1730 3909 pro
1749 3854 1880 3893 ανον

234 3932 474 3989 catione
506 3929 726 4007 pOpuli.
760 3950 786 3978 υ
816 3928 973 3985 Hanc
995 3926 1352 3983 sententiam
1375 3927 1623 3983 audiens
1644 3933 1884 3983 sanctus

238 4030 470 4095 martyr
498 4022 779 4095 ignatius,
813 4036 948 4077 cum
1002 4016 1217 4091 gaudio
1262 4017 1882 4089 exsultavitpdicens:

242 4136 271 4164 ‹‹
305 4112 537 4168 Gratias
569 4110 671 4165 tibi
700 4126 827 4181 ago,
862 4108 1131 4177 Domine,
1165 4108 1445 4177 quoniam
1486 4124 1579 4162 me
1628 4108 1884 4178 perfecte

238 4201 547 4257 honorasti
583 4200 641 4253 in
673 4204 772 4253 tua
802 4196 1141 4264 dilectione,
1177 4202 1235 4251 et
1264 4196 1509 4268 dignum
1550 4211 1644 4251 me
1691 4184 1883 4253 fecisti

308 4355 755 4432 (20)}ntqgrum
788 4353 1215 4432 caput_4,_curn
1255 4354 1419 4425 parte
1470 4351 1738 4432 proxime
1788 4368 1880 4406 se-

234 4421 502 4500 quentis,
533 4421 701 4500 abest
731 4442 765 4479 a
794 4421 905 4481 ms.
966 4421 1352 4500 Cottoniaiio;
1401 4421 1531 4500 qua:
1582 4421 1819 4500 quidem
1856 4440 1886 4478 e

233 4492 413 4557 tertio
442 4492 877 4571 [gnatianarum
909 4494 1294 4569 epistolarum
1354 4492 1671 4550 collectore
1722 4496 1888 4550 Usse-

234 4573 363 4627 rius
394 4568 706 4642 supplevit.

332 4644 424 4714 2i)
460 4636 589 4714 [ἐς.
624 4661 651 4690 ‹‹
682 4636 1128 4714 Tyrrhenicum.
1167 4656 1194 4685 ››

329 4706 422 4780 22)
468 4706 630 4768 Alter
683 4706 848 4765 vetus
905 4709 1246 4780 interpres:
1305 4706 1630 4780 «UOstensis
1678 4712 1883 4765 sancto

305 4718 428 4838 (22%
468 4718 630 4768 Alter
683 4718 848 4765 vetus
905 4718 1246 4780 interpres:
1305 4729 1331 4758 ‹‹
1366 4718 1630 4764 Ustensts
1678 4718 1882 4765 sancto

232 4786 406 4840 Pocio
437 4784 509 4849 is,
544 4802 573 4832 »
606 4780 703 4839 ubi
736 4779 1051 4853 legendum
1084 4800 1110 4853 «ς
1145 4777 1424 4853 Puteolis.
1461 4800 1487 4827 υ
1523 4776 1624 4853 Hic
1682 4785 1882 4839 autem

232 4847 621 4933 thtpniahus
652 4847 966 4933 interpres.
1021 4874 1047 4933 ις
1093 4847 1817 4933 Ppntiqlumppiscopum
1850 4871 1878 4903 π

228 4924 562 4999 fabricavit,
596 4940 772 4999 quem
803 4920 861 4980 et
891 4926 1094 4979 sancto
1126 4922 1349 4999 lignatio
1374 4996 1381 4999 _
1408 4920 1636 4999 obviam
1678 4920 1880 4999 exisse

232 4996 421 5064 ﬁnxit,
457 4994 790 5053 Graacbrum
850 5012 979 5066 qua:
1038 4994 1298 5066 vertebat
1354 4996 1633 5048 Actorum
1682 4994 1879 5048 minus

232 5078 393 5126 recte
426 5070 705 5142 percepta
736 5064 1280 5142 sen_tentia._ilssea.

302 5135 720 5211 (23t'Exactior
750 5137 989 5209 quidem
1016 5135 1172 5211 allus
1202 5140 1371 5211 vetus
1400 5135 1714 5211 interpres.

295 5205 409 5286 (24)
446 5205 943 5292 Reliquahorum
996 5210 1277 5292 Actorum
1315 5205 1605 5292 similiter
1647 5206 1879 5292 praesti-

228 5275 455 5349 tissem,
493 5275 613 5337 nisi
638 5279 978 5353 interpretis
1009 5278 1335 5335 obstitisset
1378 5275 1612 5349 ἀκρισία,
1649 5275 1765 5351 ’ῳιί
1816 5279 1875 5334 in

1996 3315 2086 3367 est
2108 3308 2280 3381 juxta
2308 3308 2726 3380 Epidamnium
2751 3325 2919 3362 secus
2956 3323 3154 3375 mare;
3205 3311 3382 3376 atque
3435 3304 3646 3360 exinde

1994 3397 2193 3455 navim
2214 3397 2642 3466 conscendens,
2666 3396 2955 3469 navigavit
2978 3412 3080 3466 per
3103 3395 3468 3451 Adriaticum
3487 3393 3643 3464 pela-

1994 3501 2123 3561 gus.
2156 3490 2226 3541 Et
2254 3502 2388 3541 cum
2419 3488 2559 3541 inde
2590 3486 2937 3542 ascenderet
2976 3486 3049 3540 ad
3105 3484 3456 3556 Tyranicum
3506 3484 3637 3553 (2i),

1995 3581 2299 3631 ostensum
2331 3578 2423 3629 est
2452 3580 2655 3629 sancto
2688 3574 2959 3628 Pontiolo
2992 3574 3100 3648 (22.)
3134 3572 3430 3647 episcopo.
3483 3569 3642 3642 quod

1997 3667 2122 3738 ipse
2152 3662 2508 3723 transiturus
2531 3668 2706 3720 esset.
2730 3663 2798 3721 Et
2819 3661 3048 3721 obviam
3073 3662 3124 3717 ei
3146 3662 3371 3729 exiens,
3398 3661 3640 3716 festina-

1997 3754 2097 3808 bat
2126 3751 2291 3820 sequi
2325 3752 2454 3823 ejus
2485 3750 2728 3821 vestigia
2752 3756 3037 3820 tanquam
3068 3748 3321 3819 apostoli
3354 3748 3539 3803 Pauli.
3574 3749 3642 3801 Et

1996 3856 2115 3895 non
2148 3840 2339 3911 potuit
2370 3839 2558 3909 sequi,
2592 3835 2801 3909 spiritu
2834 3839 2997 3892 navis
3019 3850 3208 3908 prorae
3231 3836 3636 3891 incumbente.

1995 3930 2065 3986 Et
2093 3929 2377 4002 ignatius,
2412 3926 2755 3983 beatiticans
2781 3925 2843 3982 in
2874 3943 2941 3981 eo
2974 3923 3101 3981 loco
3121 3924 3362 3983 fratrem
3386 3941 3557 3980 suum
3582 3924 3642 3980 in

1996 4016 2315 4074 dilectione
2346 4018 2477 4088 (23),
2512 4016 2593 4071 ita
2625 4015 2931 4087 navigavit.
2978 4014 3236 4085 Denique
3270 4030 3389 4069 una
3438 4013 3533 4069 die
3586 4016 3645 4068 et

1999 4125 2067 4167 ea
2095 4113 2266 4167 nocte
2297 4105 2600 4178 prosperis
2628 4105 2822 4163 ventis
2851 4104 2963 4174 usi,
2998 4109 3394 4175 pervenerunt
3423 4103 3496 4158 ad
3544 4117 3644 4157 ur—

1996 4198 2132 4255 bem
2164 4199 2409 4253 Romam
2440 4197 2574 4267 (2t).

1997 4352 2175 4407 rebus
2206 4351 2791 4422 postquamilomam
2820 4349 3112 4421 attigisset
3152 4346 3409 4422 ignatius
3433 4420 3441 4422 _
3465 4364 3642 4419 expo-

1998 4420 2235 4489 nendis‘,
2270 4420 2605 4492 posthabita
2635 4435 2838 4477 eorum
2873 4420 2973 4491 qui
3006 4420 3177 4492 agoni
3202 4420 3477 4492 martyris
3502 4435 3645 4489 pra:-

1999 4500 2197 4552 sentes
2217 4490 2474 4551 adfuisse
2499 4510 2558 4547 se
2584 4493 2859 4549 dixerunt
2880 4490 3643 4558 narra'tione,recentiorem

1919 4585 1965 4649 ι)
1998 4566 2387 4649 biographum
2419 4565 2588 4634 sequi
2624 4566 2807 4649 magis
2838 4564 3054 4645 voluit;
3084 4564 3186 4649 qui
3218 4561 3449 4649 poetica
3473 4560 3644 4649 plane

1996 4632 2340 4704 fide'longos
2363 4632 2835 4690 sermonesinler
2853 4632 3266 4704 imperatorem
3288 4632 3642 4701 etlgnatium

1992 4710 2212 4765 ibidem
2236 4706 2665 4773 intercessisse,
2682 4715 2739 4759 et
2760 4706 2917 4759 varia
2946 4709 3372 4776 tormentorum
3397 4716 3636 4776 genera,

1990 4786 2124 4836 ante
2155 4787 2486 4834 extremum
2518 4778 2898 4849 supplicium,
2951 4774 3263 4849 pertulisse
3315 4774 3633 4847 martyrem

1990 4856 2361 4907 commentus
2375 4856 2463 4904 est
2488 4860 2500 4915 ;
2530 4846 2660 4904 cum
2687 4846 3053 4905 oruciatuixm
3070 4846 3306 4902 illorum
3327 4846 3521 4916 neque
3541 4864 3640 4901 an-

1991 4926 2030 4978 ti
2080 4926 2247 4978 uiora
2271 4924 2433 4980 Acte.
2457 4934 2651 4990 neque
2675 4920 2689 4973 i
2739 4936 2799 4975 se
2822 4919 3246 4992 Metaphrastes
3268 4920 3633 4973 mentionem

1991 4942 2173 5045 uﬂam
2200 4993 2438 5045 fecerit:
2464 4997 2522 5045 et
2540 4996 2670 5045 nost
2688 4936 3023 5045 Earthicam
3047 4989 3482 5045 expeditionem
3506 4990 3633 5043 'l‘ra-

1991 4942 2030 4978 ῐὶ
2080 4942 2247 4978 mora
2271 4942 2433 4980 Λοια.
2458 4942 2689 4990 neque!
2739 4942 2799 4975 56
2822 4942 3246 4992 ωθιᾶρυνδδιεδ
3270 4942 3633 4973 ωυιιιιυιιυιιι

1988 4942 2173 5050 uﬂam
2200 4993 2438 5056 fecerit;
2464 4997 2522 5045 et
2540 4996 2670 5062 post
2688 4942 3023 5063 Earthicam
3047 4989 3482 5063 eXpeditionem
3506 4990 3639 5063 'i‘ra—

1979 5069 2193 5149 janum
2228 5060 2815 5149 nunquam—Romam
2850 5060 3403 5149 rediisse,’ide'pque
3456 5060 3636 5115 rebus

1987 5133 2117 5193 istis
2159 5138 2444 5191 interesse
2477 5133 2719 5191 omnino
2752 5150 2872 5188 non
2904 5134 3186 5205 potuisse,
3232 5135 3495 5188 Romana
3527 5147 3635 5186 nos

1985 5210 2188 5264 doceat
2222 5207 2486 5262 historia.
2526 5206 2813 5274 Usssmus,
2848 5205 2909 5261 in
2941 5205 3171 5276 praefat.
