4004 6226
244 375 368 434 993

1374 372 1875 436 RESTRICTUM
1920 374 2019 435 DE
2060 374 2595 439 CHRISTIANIS.

3537 384 3657 445 994

565 545 629 603 C.
668 542 850 603 Plinii
885 543 1170 616 Secundi,
1206 543 1514 623 Bithyniae
1564 543 1986 623 propraetoris,
2035 547 2114 605 ad
2161 549 2446 609 eumdem
2479 550 2557 611 de
2588 549 2843 621 eisdem,
2902 551 3143 612 Relatio
3176 552 3332 632 (26).

313 732 590 788 Solemne
616 738 704 786 est
732 733 1178 803 mihi,domine,
1203 734 1404 789 omnia
1434 732 1503 788 de
1537 732 1751 803 quibus
1783 731 1895 785 du—
1924 738 1977 798 Α
2006 749 2102 787 res
2133 749 2339 803 annos,
2374 754 2495 790 non
2552 753 2728 791 nemo
2758 738 2938 793 etiam
2971 742 3107 793 ante
3140 738 3342 809 viginti
3378 756 3613 809 quoque
3641 760 3655 805 ;

242 822 391 889 bito,
453 822 523 876 ad
561 828 613 876 te
672 823 911 877 referre.
972 824 1111 887 Quis
1143 823 1303 878 enim
1332 828 1527 893 potest
1557 821 1772 877 melius
1802 820 1899 875 vel

241 912 683 967 cunctationem
751 928 946 966 meam
1000 928 1223 984 regere,
1256 912 1345 967 vel
1379 911 1771 983 ignorantiam
1804 911 1899 964 in-

243 1006 475 1055 struere
500 1000 527 1054 ?
545 1001 989 1071 Cognitionibus
1013 1002 1084 1056 de
1103 1002 1454 1057 Christianis
1486 1000 1728 1056 interfui
1752 1016 1900 1054 nun-

246 1106 467 1161 quam:
503 1090 634 1144 ideo
665 1090 864 1145 nescio
897 1091 1059 1160 quid,
1108 1096 1165 1145 et
1202 1096 1538 1162 .quatenus,
1571 1096 1672 1145 aut
1700 1087 1899 1160 puniri

244 1179 456 1248 soleat,
489 1184 591 1235 aut
622 1179 827 1249 quaeri.
860 1180 979 1235 Nec
1009 1180 1388 1235 mediocriter
1431 1179 1710 1247 haesitavi,
1744 1179 1896 1233 sitne

244 1267 487 1339 aliquod
520 1268 843 1323 discrimen
891 1268 1182 1324 natatum?
1232 1286 1307 1324 an
1356 1267 1897 1339 quamlibet‘teneri

244 1357 398 1412 nihil
416 1375 450 1413 a
467 1357 903 1413 robustioribus
928 1357 1244 1413 differant“?
1265 1358 1514 1413 deturne
1537 1357 1897 1430 pmnitentiaa

242 1447 459 1503 venia?
479 1464 554 1501 an
572 1448 647 1509 ei,
671 1448 771 1518 qui
823 1448 1064 1503 omnino
1093 1447 1465 1503 Christianus
1486 1448 1617 1517 fuit,
1651 1447 1897 1503 desiisse

242 1556 367 1593 non
399 1539 631 1610 prosit?
652 1556 873 1595 nomen
910 1540 1126 1611 ipsum,
1151 1540 1384 1595 etiamsi
1410 1540 1646 1611 ﬂagitiis
1678 1543 1895 1604 careat,

243 1644 323 1683 an
364 1628 589 1700 ﬂagitia
619 1629 979 1684 cohaerentia
1010 1629 1239 1683 nomini
1264 1629 1590 1700 puniantur
1607 1629 1634 1683 ‘?
1656 1628 1898 1682 Interim

243 1716 305 1770 in
330 1717 422 1785 iis,
459 1718 559 1788 qui
585 1718 659 1773 ad
680 1734 774 1772 me
796 1722 1084 1788 tanquam
1107 1718 1424 1773 Christiani
1460 1717 1896 1783 deferebantur,

239 1806 403 1861 hunc
433 1824 564 1862 sum
598 1812 832 1862 secutus
864 1807 1127 1862 modum.
1181 1807 1539 1879 Interrogavi
1600 1807 1780 1878 ipsos,
1822 1822 1898 1859 an

245 1901 450 1951 essent
497 1896 865 1951 Christiani?
897 1896 1245 1951 conﬁtentes
1274 1897 1490 1951 iterum
1513 1913 1579 1952 ac
1608 1896 1782 1950 tertio
1815 1895 1901 1948 in-

242 1984 558 2057 terrogavi,
577 1984 933 2057 supplicium
964 1986 1225 2040 minatus
1249 2002 1262 2041 :
1291 1990 1738 2057 perseverantes
1766 1982 1903 2038 duci

2008 839 2216 878 omnes
2249 830 2309 879 et
2366 825 2682 897 imaginem
2743 832 2907 882 tuam
2939 827 3303 898 deorumque
3337 828 3658 882 simulacra

2007 914 2266 968 venerati
2297 919 2454 981 sunt,
2488 921 2543 969 et
2574 916 2802 970 Christo
2845 916 3298 971 maledixerunt.

2078 1002 2468 1058 Afﬁrmabant
2526 1011 2723 1059 autem
2782 1005 2937 1059 hanc
2991 1005 3174 1060 fuisse
3219 1022 3513 1060 summam
3566 1006 3657 1059 vel

2008 1091 2196 1162 culpa)
2229 1108 2369 1160 suae,
2403 1092 2491 1146 vel
2547 1093 2784 1159 erroris,
2844 1095 3001 1164 quod
3059 1100 3260 1149 essent
3317 1095 3472 1149 soliti
3506 1101 3656 1151 stato

2008 1178 2102 1232 die
2134 1186 2271 1234 ante
2330 1180 2525 1235 lucem
2584 1182 2924 1249 convenire,
2985 1198 3343 1252 carmenque
3400 1183 3656 1249 Christo,

2009 1269 2176 1337 quasi
2209 1275 2345 1337 Deo,
2407 1269 2602 1324 dicere
2662 1287 2862 1324 secum
2922 1270 3173 1324 invicem
3210 1287 3222 1335 ;
3256 1287 3435 1340 seque
3470 1288 3661 1326 sacra-

2010 1366 2207 1415 mento
2240 1378 2358 1416 non
2391 1361 2451 1416 in
2496 1361 2689 1417 scelus
2738 1362 2982 1432 aliquod
3028 1361 3417 1433 obstringere,
3451 1362 3553 1416 sed
3585 1379 3659 1416 ne

2006 1450 2265 1513 furta,ne
2297 1451 2629 1517 latrocinia,
2656 1468 2730 1506 ne
2761 1451 3050 1507 adulteria
3091 1452 3553 1517 committerent,
3585 1467 3658 1505 ne

2010 1539 2184 1595 ﬁdem
2216 1540 2596 1609 fallerent,ne
2618 1541 2950 1612 depositum
2974 1540 3251 1612 appellati
3277 1540 3656 1612 abnegarent,

2009 1630 2224 1702 quibus
2248 1631 2522 1701 peractis,
2548 1648 2774 1686 morem
2795 1631 2904 1685 sibi
2930 1630 3270 1685 discedendi
3300 1630 3502 1699 fuisse,
3526 1648 3659 1685 rur-

2010 1737 2227 1791 susque
2259 1720 2511 1775 coeundi
2531 1720 2603 1775 ad
2635 1720 2989 1791 capiendum
3031 1721 3660 1791 cibum,promiscnum

2012 1815 2209 1864 tamen
2241 1814 2297 1864 et
2336 1810 2645 1864 innoxium
2680 1827 2691 1874 ;
2745 1810 2902 1880 quod
2934 1811 3123 1881 ipsum
3159 1808 3351 1864 facere
3388 1808 3659 1876 desiisse,

2011 1905 2144 1971 post
2174 1900 2428 1954 edictum
2482 1916 2700 1967 meum,
2735 1916 2850 1970 quo
2890 1899 3218 1953 secundum
3251 1896 3532 1953 mandata
3562 1904 3661 1952 tua

2011 1990 2286 2044 hetaerias
2318 2005 2446 2043 esse
2504 1994 2825 2044 vetueram.
2858 1990 2979 2053 Quo
3011 1988 3198 2060 magis
3256 1987 3659 2042 necessarium

238 2072 421 2143 jussi,
458 2074 658 2144 Neque
700 2074 859 2129 enim
888 2072 1233 2129 dubitabam
1255 2074 1689 2145 (qualecunque
1722 2077 1899 2140 esset,
1933 2106 1979 2171 Β
2012 2078 2257 2146 credidi,
2289 2095 2358 2133 ex
2389 2078 2616 2133 duabus
2638 2077 3031 2148 ancillis,quae
3062 2076 3348 2131 ministrae
3380 2074 3660 2130 diceban-

243 2163 404 2232 quod
434 2163 786 2233 faterentur)
809 2164 1202 2235 pervicaciam
1230 2169 1387 2219 certe
1420 2170 1478 2219 et
1508 2162 1898 2219 inflexibilem

238 2252 712 2308 obstinationem
744 2252 961 2308 debere
998 2253 1223 2324 puniri.

313 2345 580 2397 Fuerunt
605 2341 705 2397 alii
761 2343 976 2397 similis
1033 2344 1330 2412 amentia},
1375 2361 1522 2414 quos
1553 2343 1716 2415 (quia
1744 2344 1900 2399 cives

243 2434 498 2488 Romani
532 2434 721 2506 erant)
782 2435 1060 2491 annotavi
1092 2436 1153 2490 in
1208 2436 1423 2491 Urbem
1468 2435 1896 2491 remittendos:

242 2538 387 2576 mox
420 2522 550 2594 ipso
583 2527 927 2590 tractatu,ut
955 2524 1083 2579 ﬁeri
1117 2525 1287 2593 solet,
1305 2524 1672 2581 diffundente
1704 2541 1765 2580 se
1790 2524 1898 2579 cri-

243 2611 640 2683 mineplures
670 2613 896 2684 species
932 2612 1288 2668 inciderunt.
1316 2614 1657 2685 Propositus
1688 2620 1777 2670 est
1831 2614 1899 2667 li-

244 2699 449 2755 bellus
479 2701 607 2755 sine
638 2707 901 2767 auctore,
936 2702 1258 2757 multorum
1288 2703 1533 2757 nomina
1563 2704 1897 2773 continens,

250 2788 352 2859 qui
388 2794 673 2861 negarent
702 2807 762 2843 se
821 2806 947 2845 esse
977 2789 1358 2856 Christianos,
1402 2796 1504 2845 aut
1532 2790 1733 2857 fuisse,
1767 2809 1903 2847 cum

252 2884 560 2949 praeeunte
609 2894 703 2932 me
738 2878 877 2932 deos
937 2878 1328 2950 appellarent,
1384 2884 1444 2933 et
1497 2880 1736 2953 imagini
1789 2886 1902 2936 tua)

250 2966 457 3037 (quam
490 2972 731 3038 prepter
762 2966 873 3022 hoc
905 2968 1204 3039 jnsseram
1249 2985 1383 3023 cum
1433 2968 1765 3024 simulacris
1796 2987 1903 3025 nn-

247 3059 483 3113 minum
515 3059 736 3126 afferri)
783 3060 954 3115 thure
994 3077 1062 3115 ac
1117 3061 1250 3115 vino
1290 3061 1720 3132 supplicarent,
1754 3079 1907 3133 prie-

244 3154 412 3203 terea
433 3148 863 3203 maledicerent
883 3149 1136 3220 Christo(
1144 3166 1397 3220 quorum
1417 3151 1565 3205 nihil
1580 3152 1708 3223 cogi
1733 3169 1904 3222 posse

244 3238 550 3306 dicuntur,
584 3239 686 3311 qui
711 3244 850 3293 sunt
871 3256 1073 3294 revera
1103 3239 1443 3310 Christiani)
1476 3258 1492 3294 :
1521 3240 1906 3297 dimittendos

243 3328 468 3399 putavi.
501 3328 616 3383 Alii
649 3329 721 3383 ab
754 3328 947 3385 indice
980 3328 1428 3394 nominati,esse
1459 3347 1520 3384 se
1539 3330 1906 3386 Christianos

248 3415 554 3486 dixerunt,
587 3423 645 3472 et
674 3435 813 3473 mox
871 3422 1264 3489 negaverunt;
1291 3417 1472 3472 fuisse
1506 3419 1768 3488 quidem,
1801 3421 1905 3475 sed

2013 2174 2127 2237 tur,
2160 2166 2302 2239 quid
2334 2172 2492 2222 esset
2512 2168 2630 2221 veri
2662 2172 2717 2221 et
2758 2183 2866 2239 per
2895 2170 3192 2220 tormenta
3222 2180 3509 2235 qumrere.
3545 2163 3657 2219 Sed

2007 2257 2159 2312 nihil
2188 2256 2347 2312 aliud
2377 2257 2595 2324 inveni,
2628 2273 2805 2328 quam
2829 2255 3310 2327 superstitionem
3340 2270 3577 2325 pravam
3602 2255 3662 2307 et

2010 2346 2393 2402 immodicam
2422 2364 2433 2401 :
2467 2346 2719 2418 ideoque
2750 2345 2936 2401 dilata
2973 2344 3309 2416 cognitione
3340 2343 3414 2398 ad
3446 2358 3659 2399 consu-

2012 2437 2254 2493 lendum
2288 2442 2343 2491 te
2376 2435 2634 2492 decurri.

2084 2529 2219 2583 Visa
2250 2533 2338 2582 est
2369 2527 2529 2581 enim
2561 2526 2707 2581 mihi
2736 2542 2830 2580 res
2853 2526 3032 2597 digna
3062 2522 3661 2591 consultatione,ma-

2013 2617 2169 2672 xime
2190 2621 2432 2688 propter
2451 2614 2915 2687 periclitantium
2937 2629 3272 2668 numerum.
3308 2610 3470 2665 Multi
3502 2610 3656 2664 enim

2014 2706 2207 2760 omnis
2238 2705 2650 2775 mtatis,omnis
2683 2702 3249 2771 ordinis,utriusque
3283 2716 3458 2755 sexus
3482 2698 3660 2753 etiam

2012 2802 2297 2850 vocantur
2326 2795 2386 2849 in
2410 2794 2763 2866 periculum,
2799 2797 2857 2846 et
2886 2791 3475 2860 vocabuntur.Neque
3501 2788 3661 2843 enim

2014 2886 2278 2942 civitates
2293 2882 2657 2950 tantum,sed
2678 2883 2836 2936 vicos
2864 2882 3040 2936 etiam
3066 2885 3243 2950 atque
3265 2895 3434 2951 agros
3458 2894 3662 2948 super-

2015 2973 2274 3029 stitionis
2305 2974 2479 3028 istius
2509 2972 2777 3043 contagio
2811 2975 3122 3042 pervagata
3144 2973 3253 3037 est,
3280 2984 3409 3038 qua;
3434 2966 3665 3021 videtur

2016 3062 2143 3118 sisti
2175 3068 2232 3116 et
2283 3060 2495 3132 corrigi
2554 3075 2745 3130 posse.
2807 3058 2976 3113 Certe
3023 3056 3165 3111 satis
3195 3060 3446 3118 constat,
3478 3070 3661 3125 prope

2008 3153 2135 3225 jam
2165 3149 2425 3205 desolata
2441 3147 2661 3218 templa
2686 3146 2932 3217 ccepisse
2954 3144 3263 3212 celebrari,
3297 3148 3355 3197 et
3383 3158 3549 3197 sacra
3571 3157 3663 3195 so-

2017 3240 2236 3297 lemnia
2260 3240 2361 3294 diu
2385 3237 2727 3292 intermissa
2760 3233 3327 3306 repeti,passimque
3359 3231 3555 3285 venire
3586 3230 3664 3283 vi-

2017 3332 2227 3387 ctimas
2253 3347 2266 3396 ;
2294 3343 2547 3399 quarum
2563 3326 2756 3381 adhuc
2778 3324 3119 3379 rarissimus
3146 3326 3379 3391 emptor
3402 3319 3663 3375 invenie-

2018 3422 2210 3476 batur.
2243 3422 2325 3473 Ex
2357 3435 2472 3489 quo
2504 3416 2677 3471 facile
2710 3420 2799 3469 est
2829 3412 3084 3485 opinari,
3108 3428 3239 3482 qua;
3274 3408 3446 3463 turba
3475 3408 3665 3462 homi-

261 3469 270 3470 κ
596 3469 642 3472 η
674 3469 812 3473 --ρ-
872 3469 1018 3489 ﬂow
1513 3469 1768 3488 Γ-ρς--η
1802 3469 1905 3475 -ς-
2018 3469 2210 3476 πη--
2244 3469 2324 3473 ---
2364 3469 2464 3489 τη
2504 3469 2632 3471 κ
2870 3469 2886 3485 .
3070 3469 3082 3479 ι
3129 3469 3144 3482 .

245 3505 522 3576 desiisse,
549 3506 789 3577 quidam
820 3511 957 3562 ante
972 3507 1318 3576 triennium,
1352 3507 1593 3577 quidam
1619 3514 1755 3563 ante
1772 3509 1903 3580 plu-
1938 3469 1980 3535 Ο
2013 3527 2158 3566 num
2184 3507 2490 3564 emendari
2526 3504 2730 3577 possit,
2762 3504 2810 3557 si
2841 3503 2918 3557 sit
2945 3495 3307 3573 pmnitentiaa
3338 3498 3521 3553 locus.

1101 3791 1355 3870 Trajani
1386 3792 1804 3871 imperatoris,
1842 3794 1920 3854 de
1963 3792 2354 3863 Christianis,
2395 3790 2809 3868 Rescriptnm.

326 3952 457 4024 Traj
466 3969 613 4008 anus
624 3952 818 4008 Plinio
835 3953 1107 4008 S.Actum
1121 3968 1299 4023 quem
1313 3952 1566 4007 debuisti
1577 3953 1677 4019 ,mi
1698 3955 1911 4009 Secun-

252 4043 419 4111 de,in
442 4042 810 4097 excutiendis
832 4042 1025 4097 causis
1058 4041 1395 4112 eorum,qui
1418 4042 1735 4096 Christiani
1758 4043 1832 4097 ad
1854 4049 1910 4098 te

253 4132 432 4188 delati
455 4132 710 4199 fuerant,
736 4135 973 4186 secutus
996 4131 1285 4200 es.Neque
1309 4130 1469 4184 enim
1486 4130 1544 4184 in
1563 4131 1906 4187 universum

252 4220 667 4292 aliquid,qnod
685 4220 854 4292 quasi
869 4225 1093 4274 certam
1108 4219 1358 4274 formam
1375 4219 1607 4285 habeat,
1624 4222 1905 4275 constitui

253 4308 883 4383 potest.Conquireudi
914 4326 1037 4364 non
1067 4314 1203 4364 sunt
1227 4326 1240 4376 ;
1266 4309 1313 4363 si
1355 4308 1701 4365 deferantur
1731 4315 1789 4365 et
1813 4327 1907 4365 ar-

2022 3972 2083 4009 se
2114 3953 2512 4009 Christianum
2540 3965 2689 4015 esse,
2733 3947 2911 4017 idque
2942 3944 3139 4016 reipsa
3168 3942 3548 3998 manifestum
3580 3940 3667 3995 fe-

2021 4044 2169 4098 cerit
2211 4041 2295 4114 (id
2336 4046 2424 4096 est
2472 4037 2857 4110 supplicando
2909 4034 3023 4089 diis
3073 4032 3342 4104 nostris),
3401 4030 3668 4102 quamvis

2022 4136 2331 4203 suspectus
2373 4129 2433 4183 in
2468 4127 2831 4199 praeteritum
2860 4124 3057 4190 fuerit,
3093 4123 3323 4177 veniam
3365 4138 3435 4175 ex
3478 4118 3670 4190 paeni-

2020 4219 2207 4275 tentia
2238 4219 2534 4289 impetret.
2570 4216 2705 4272 Sine
2730 4219 2969 4270 auctore
3003 4229 3136 4267 vero
3169 4210 3454 4283 propositi
3486 4207 3671 4262 libelli

2018 4309 2182 4365 nullo
2210 4308 2458 4363 crimine
2489 4305 2692 4361 locum
2736 4303 2955 4359 habere
2987 4302 3226 4357 debent.
3260 4301 3405 4355 Nam
3440 4304 3500 4352 et
3540 4314 3675 4369 pes-

255 4405 538 4472 guantur,
560 4398 846 4470 puniendi
871 4402 1010 4454 sunt
1041 4416 1052 4453 :
1090 4398 1173 4453 ita
1187 4403 1386 4453 tamen
1409 4404 1472 4453 ut
1490 4398 1591 4469 qui
1616 4400 1917 4470 negaverit
1948 4386 1992 4449 Π
2025 4399 2164 4455 simi
2197 4397 2472 4469 exempli,
2506 4412 2617 4450 nec
2648 4394 2835 4450 nostri
2865 4392 3066 4449 saeculi
3101 4395 3206 4446 est.

251 4714 383 4785 jam
417 4728 578 4768 mors
607 4713 789 4785 etiam
820 4710 933 4766 fuit
953 4710 1610 4785 _multorum_bonorum
1642 4712 1920 4785 concilia-

262 4780 421 4849 trix;
460 4804 483 4835 η
516 4783 659 4854 quia
716 4782 1208 4854 lioc,7nimirum,
1261 4780 1573 4854 decretum
1622 4783 1919 4854 mitiorem

260 4848 564 4928 effecisset,
590 4853 1087 4928 persecutionem,
1118 4851 1216 4928 :53
1258 4848 1499 4926 διωγμὸν
1533 4851 1919 4928 μετριώτερον,

260 4934 329 4982 ut
355 4928 417 4981 in
439 4924 675 4997 Trajani
704 4924 955 4980 historia
986 4924 1459 4997 habetZonoras.

335 4998 454 5053 Sub
488 4995 662 5052 tertio
694 4996 928 5067 Trajani
963 4995 1296 5062 consulatu,
1321 4996 1422 5067 qui
1455 4996 1517 5050 in
1543 5012 1762 5051 annum
1790 5015 1921 5053 aarre

262 5068 616 5125 Christianas
648 5068 856 5122 incidit
886 5067 1299 5135 centesimum,
1322 5067 1383 5122 Ο.
1416 5067 1674 5122 Plinium
1700 5069 1921 5124 Kalen-

264 5142 358 5196 dis
391 5139 835 5211 Septembribus
884 5138 1257 5193 consulatum
1309 5155 1482 5211 suum
1536 5139 1920 5211 honorarium

264 5209 567 5277 iniisse,in
589 5213 918 5283 primorum
936 5227 1225 5283 annorum
1240 5209 1472 5283 Trajani
1497 5210 1716 5283 tabella
1740 5214 1920 5268 chro-

266 5281 682 5362 nelogicajam
724 5281 1115 5362 indicavimus
1141 5300 1152 5347 ;
1178 5298 1294 5362 quo
1320 5281 1642 5362 ipso‘e't‘iam
1675 5299 1831 5338 anno
1866 5289 1925 5362 et

267 5355 369 5434 die
402 5351 690 5434 insignem
719 5352 888 5434 illum
940 5351 1358 5434 panegyricum
1389 5351 1462 5407 ad
1492 5353 1808 5434 Traianum
1828 5356 1921 5434 “ab

267 5427 401 5497 ipso
426 5423 608 5481 fuisse
642 5426 927 5492 habitum,
948 5423 1007 5478 in
1033 5423 1300 5496 ejusdem
1322 5429 1668 5497 argumento
1701 5428 1921 5480 conﬁr-

267 5494 393 5552 mat
428 5497 673 5569 Lipsius.
704 5496 820 5569 sub
843 5494 1077 5569 quarto'
1110 5503 1310 5569 tamen
1347 5494 1578 5564 Trajani
1613 5497 1926 5553 consulatu

267 5566 636 5623 factnm'hoc
670 5568 788 5621 vult
845 5566 1163 5621 Baronius:
1198 5566 1297 5635 qui
1348 5571 1405 5620 et
1462 5581 1616 5618 annn
1650 5569 1923 5635 proximo

267 5641 528 5694 Plinium
552 5638 914 5711 provinciam
932 5639 1260 5711 suscepisse
1280 5637 1925 5711 administrandam,at-

256 5727 382 5782 que
413 5712 520 5766 has
550 5708 625 5767 ad
671 5711 988 5781 Trajanum
1039 5709 1266 5765 litteras
1298 5708 1531 5763 dedisse
1565 5708 1867 5768 existimat
1902 5729 1914 5777 ;

2029 4712 2290 4783 indeque
2319 4732 2350 4783 «ν
2381 4708 2599 4783 erroris
2630 4705 2904 4783 redargui
2928 4705 3065 4773 jure
3097 4717 3267 4783 posse
3303 4721 3329 4749 ››
3361 4697 3676 4783 Eusebium

2033 4784 2143 4839 sibi
2176 4769 2355 4837 videri
2382 4779 2695 4853 signiﬁcat,
2726 4769 2882 4853 apud
2905 4769 3081 4853 quem
3101 4769 3323 4853 positis
3351 4787 3433 4824 eas
3457 4769 3679 4853 fuerint

2032 4871 2188 4911 anno
2223 4877 2250 4904 «
2285 4839 2600 4926 undecimo
2627 4872 2653 4898 »
2683 4839 2954 4920 ejusdem
2986 4839 3399 4926 imperatoris...
3415 4839 3679 4926 vel‘u'de:

2034 4928 2189 4982 cimo
2224 4946 2251 4976 »
2283 4924 2608 4996 potius,_ut
2658 4911 2737 4996 ex
2795 4911 3675 4996 emendatipribus“Eusebi‘ani

2035 4981 2301 5055 Chronici
2327 4981 2630 5050 codicibus
2650 4992 2939 5062 Josephus
2971 4983 3448 5062 Scaligeredidit.
3482 4981 3677 5062 Vider-

2034 5054 2130 5125 tur
2158 5069 2284 5140 ipse
2306 5066 2616 5140 Baronius,
2637 5054 3199 5140 ad_annum_Christi
3217 5054 3536 5140 “ignauum.
3568 5055 3678 5140 let

2034 5142 2109 5214 5),
2144 5127 2320 5211 quem
2352 5155 2485 5193 arras
2517 5135 2864 5214 Christiana:
2895 5131 3147 5214 vulgaris
3182 5131 3298 5214 l0‘2‘
3322 5127 3383 5214 in
3415 5127 3677 5214 Chrqnico

2034 5196 2139 5268 suo
2160 5196 2313 5266 recte
2338 5213 2611 5264 numerat
2643 5208 2705 5262 D.
2733 5196 3201 5278 Petavius'ﬂicet
3231 5199 3468 5278 adneum
3494 5196 3679 5276 histo-

2032 5285 2184 5339 riam
2215 5284 2369 5337 hanc
2400 5298 2519 5335 non
2550 5284 2708 5334 recte
2740 5278 2974 5332 referat.
3016 5275 3201 5337 Quam
3236 5269 3487 5348 inﬁrmis
3519 5269 3679 5347 enim

2036 5354 2385 5417 Baroniana,
2420 5350 2719 5423 quamgille
2755 5350 3118 5423 secutus-est.
3143 5340 3451 5423 sententia
3472 5340 3679 5418 innixa

2036 5425 2216 5480 fuerit
2238 5410 2662 5487 fundamentis,
2711 5437 2744 5473 a
2797 5421 2859 5493 ᾗ.
2910 5410 3511 5493 Halloixiopluribus
3553 5410 3679 5480 jam

2038 5495 2267 5568 pridem
2298 5500 2390 5549 est
2418 5486 2745 5568 ostensum,
2796 5490 2978 5543 Notat.
3036 5486 3094 5540 in
3134 5486 3241 5540 Vit.
3280 5486 3512 5553 Ignatii,
3546 5496 3678 5551 cap.

2039 5566 2125 5633 li,
2159 5570 2361 5637 qumst.
2406 5568 2447 5617 l.
2485 5566 2665 5637 ,υκεεειι

2111 5634 2223 5709 (26)
2256 5637 2407 5691 Plin.
2445 5636 2542 5690 lib.
2578 5653 2632 5702 x,
2666 5634 2836 5704 epist.
2881 5636 2967 5684 U7.
