4004 6226
402 351 520 418 995

1607 347 1670 408 ε.
1715 343 2240 410 ΡοιῐαΑιιΡυε
2283 345 2638 410 ΜΑΗἸὟΒ.

1283 514 1648 577 Tertulliani
1682 516 1758 576 de
1789 517 1909 578 hoc
1937 516 2192 596 Trajani
2233 519 2554 599 Rescripto
2593 519 2922 580 sententia.

474 672 701 726 Plinius
721 668 1042 738 Secundus,
1067 684 1202 721 cum
1227 667 1583 738 provinciam
1609 672 1858 736 regeret.
1882 665 2050 722 dam-
2078 669 2132 735 Α
2161 674 2227 726 ut
2255 674 2558 726 nocentes.
2601 670 2798 726 Parcit
2828 675 2888 725 et
2917 668 3082 725 saavit
3106 685 3118 723 :
3159 667 3496 724 dissimulat
3529 672 3592 722 et
3620 667 3798 723 anim-

403 761 559 816 natis
609 755 963 830 quibusdam
1024 755 1397 822 Christianis,
1453 753 1810 830 quibusdam
1867 756 2049 828 gradu

399 849 602 922 pulsis,
639 848 765 918 ipsa
797 854 996 902 tamen
1030 845 1412 902 multitudine
1467 845 1864 916 perturbatus,
1907 846 2050 917 quid

401 939 473 994 de
505 955 717 1005 enuere
745 941 942 1008 ageret
973 935 1271 992 consuluit
1290 938 1428 991 tunc
1449 935 1766 1003 Traianum
1800 934 2046 1008 impera-

403 1035 588 1086 torem
618 1045 631 1082 :
668 1025 946 1099 allegatus.
976 1027 1188 1096 praeter
1209 1021 1666 1079 obstinationem
1711 1041 1830 1079 non
1863 1024 2042 1080 sacri-

307 1161 314 1170 .
405 1117 642 1182 iicandi,
675 1115 824 1172 nihil
854 1115 1016 1170 aliud
1045 1132 1106 1168 se
1140 1111 1212 1170 de
1244 1109 1629 1169 sacramentis
1661 1131 1864 1168 eorum
1889 1131 2044 1170 com-

402 1209 650 1280 perisse,
698 1222 874 1276 quam
925 1207 1108 1260 castus
1164 1202 1549 1258 antelucanos
1608 1201 1680 1257 ad
1712 1201 2040 1260 canendum

399 1295 650 1355 Christo,
687 1301 751 1348 ut
780 1295 1004 1364 Deo,et
1059 1293 1134 1348 ad
1191 1289 1708 1348 contmderandum
1773 1291 2041 1366 discipli-

403 1383 979 1454 nam,homicidium,
999 1381 1380 1450 adulterium,
1409 1381 1699 1448 fraudem,
1733 1380 2040 1454 perfidiam

399 1479 456 1530 et
485 1477 697 1528 caetera
729 1469 954 1526 scelera
986 1471 1388 1543 prohibentes.
1425 1471 1584 1526 Tunc
1616 1471 1901 1544 Traianus
1951 1489 2044 1526 re-

400 1562 657 1634 scripsit,
680 1561 790 1617 hoc
812 1561 998 1634 genus
1026 1559 1416 1632 inquirendos
1449 1558 1686 1634 quidem
1720 1578 1841 1618 non
1873 1577 2000 1616 esse
2027 1575 2039 1624 ;

397 1652 625 1708 oblatos
659 1670 794 1708 vero
827 1650 1023 1726 puniri
1063 1655 1356 1725 Oportere.

469 1743 511 1798 0
551 1743 906 1798 sententiam
959 1739 1312 1797 necessitate
1345 1740 1653 1796 confusam
1690 1737 1702 1794 l
1747 1741 1926 1814 Negat
1953 1737 2041 1796 in-

395 1829 718 1905 quirendos
758 1837 824 1887 ut
878 1832 1246 1899 innocentes,
1298 1833 1354 1885 et
1409 1825 1653 1886 mandat
1710 1828 2043 1902 puniendos

2160 758 2429 816 advertit.
2463 759 2613 824 Quid
2643 759 3026 831 temetipsum
3089 773 3344 814 censura
3369 757 3804 812 circumvenis?

2161 849 2216 905 Si
2251 844 2516 914 damnas,
2553 866 2656 904 cur
2685 865 2808 905 non
2838 855 2896 903 et
2927 844 3182 920 inquiris
3207 846 3236 901 ‘?
3285 847 3340 900 Si
3373 863 3498 902 non
3531 845 3793 918 inquiris,

2158 955 2263 994 cur
2286 955 2404 994 non
2437 944 2495 992 et
2540 937 2794 994 absolvis
2823 938 2850 993 ‘i
2913 931 3260 993 Latronibus
3311 935 3677 1007 vestigandis
3707 951 3798 1005 per

2157 1027 2466 1084 universas
2495 1027 2824 1100 provincias
2887 1027 3160 1082 militaris
3219 1025 3394 1082 statio
3426 1025 3708 1080 sortitur:
3740 1025 3792 1080 in

2157 1135 2292 1174 reos
2324 1118 2651 1190 maiestatis
2691 1125 2748 1174 et
2805 1117 3074 1190 publicos
3131 1116 3327 1172 hostes
3386 1115 3586 1172 omnis
3635 1115 3795 1170 homo

2157 1211 2329 1268 miles
2361 1217 2484 1277 est;
2520 1209 2592 1268 ad
2625 1209 2836 1264 socios.
2871 1209 2946 1264 ad
2975 1207 3248 1264 conscios
3279 1223 3471 1279 usque
3503 1205 3796 1278 inquisitio

2157 1299 2512 1356 extenditur.
2546 1297 2746 1354 bolum
2779 1296 3180 1353 Christianum
3221 1295 3446 1367 inquiri
3485 1311 3610 1350 non
3653 1291 3799 1358 licet,

2153 1389 2350 1444 oll‘erri
2383 1388 2540 1454 licet,
2568 1386 2737 1459 quasi
2765 1385 2930 1444 aliud
2987 1391 3192 1442 actura
3249 1389 3406 1440 esset
3469 1383 3794 1455 inquisitio,

2154 1495 2332 1549 quam
2359 1477 2600 1533 oblatio.
2634 1474 2932 1532 Damnatis
2951 1491 3086 1547 ergo
3111 1473 3396 1538 oblatum,
3423 1489 3608 1544 quem
3630 1489 3793 1528 nemo

2153 1565 2337 1622 voluit
2366 1563 2716 1636 requisitum
2743 1580 2756 1630 ;
2781 1563 2904 1634 qui,
2937 1562 3242 1634 puto,jam
3269 1578 3388 1618 non
3421 1561 3558 1617 ideo
3590 1559 3797 1616 meruit

2153 1671 2411 1726 pinnam.
2446 1655 2586 1726 quia
2643 1668 2865 1709 nocens
2897 1656 2984 1706 est
3018 1668 3031 1706 :
3065 1649 3170 1708 sed
3199 1651 3359 1724 quia,
3419 1668 3543 1708 non
3592 1649 3792 1724 requi-

2154 1743 2400 1813 rendus,
2441 1741 2734 1799 inventus.

389 1973 3798 2043 mw.--
1338 2030 1745 2037 ____.___-.__
1768 2030 1858 2037 ..-
1933 2029 2437 2037 _____.._.--_..__
2469 2029 2480 2033 -
2526 2028 2653 2034 η--
2909 2026 3635 2035 __.___..___.___.__

1077 2243 1264 2430 S.
1427 2238 3110 2438 POLYGARPUS

1840 2589 1930 2682 M
1949 2591 2012 2682 A
2028 2586 2345 2684 RTYB

381 2836 2224 3008 SMYﬂN/EORUM
2414 2791 3787 3006 EPISCOPUS

1416 3265 2412 3410 PIlOLEGOM
2449 3269 2772 3404 ENA

977 3666 1268 3737 (Hermus,
1305 3671 1528 3721 Patrum
1559 3664 1986 3735 apostolicorum
2016 3664 2062 3735 ρ

2141 3678 2214 3730 ra,
2249 3661 2340 3717 ed.
2388 3663 2440 3730 3,
2473 3661 2753 3734 Tubingae
2789 3662 2944 3729 1847,
2989 3659 3190 3730 ίη-8ο.)

1185 3999 1348 4089 DE
1415 3997 2014 4091 EPIS'I‘OLA
2093 3993 2186 4088 S.
2257 3991 2968 4132 POLYCABPI.

435 4256 479 4308 Ι.
515 4256 595 4310 De
626 4256 835 4326 patria.
871 4273 1110 4328 genere,
1143 4257 1270 4314 loco
1299 4275 1367 4314 ac
1401 4264 1664 4330 tempore
1691 4256 2015 4314 nativitatis
2047 4259 2062 4323 ]

2141 4255 2211 4308 ιαῖ
2245 4254 2526 4326 ὑπηρετῶν
2577 4258 2676 4310 τσῦ
2732 4255 2962 4331 Κυρίου,
3017 4260 3120 4328 τήν
3176 4257 3496 4329 ἰπισκοπήν
3549 4259 3778 4336 trux“-

365 4342 417 4396 S.
444 4341 751 4414 Polycarpi
779 4343 925 4400 nihil
947 4350 1317 4416 compertum
1330 4345 1638 4402 habemus.
1663 4345 1800 4410 Quae
1823 4349 2020 4400 autem

363 4429 434 4484 de
467 4430 780 4500 apostolici
813 4431 991 4501 hujus
1013 4433 1116 4488 viri
1144 4435 1260 4488 vita
1281 4433 1355 4488 ad
1378 4451 1486 4488 nos
1508 4439 1924 4505 pervenerunt,
1951 4450 2020 4488 ea

361 4520 708 4576 Gallandius
740 4520 890 4576 bene
923 4523 1220 4595 congessit
1247 4527 1345 4590 (1).
1382 4547 1408 4573 ‹‹
1447 4523 1531 4576 Ab
1561 4521 1846 4594 apostolis
1879 4539 2016 4578 eum

359 4609 660 4678 edoctum,
695 4615 918 4666 etcum
961 4613 1184 4680 multis,
1234 4612 1333 4683 qui
1369 4613 1684 4668 Dominum
1725 4612 2014 4680 viderant,

359 4698 734 4755 familiariter
755 4706 1052 4756 versatum
1075 4718 1202 4756 esse
1217 4705 1471 4757 testatur
1489 4703 1746 4759 lrenaeus
1773 4704 1874 4773 i2),
1890 4703 2017 4775 ejus

357 4786 710 4859 discipulus,
743 4787 834 4846 his
865 4791 1060 4848 verbis
1089 4789 1214 4848 :Kai
1250 4789 1612 4866 Πολῦκαρπος
1644 4789 1748 4848 ὑπὸ
1779 4790 2013 4847 ἀποστό-

353 4872 463 4930 λων
501 4877 890 4948 μαθητευθεὶς,
923 4877 1012 4934 καὶ
1044 4879 1492 4954 συναναστραφεῖς
1522 4875 1762 4946 πολλοῖς
1784 4885 1904 4942 τοῖς
1921 4879 2014 4936 τὸν

355 4964 592 5041 Χριστὸν
626 4966 948 5037 ἑωρακόσιν.
983 4971 1271 5042 Deinceps
1303 4973 1744 5044 Smyrneorum
1787 4972 2018 5044 episco-

356 5071 500 5128 pum
525 5057 598 5112 ab
620 5057 766 5128 ipsis
791 5055 1185 5115 familiaribus
1216 5077 1284 5116 ac
1303 5059 1593 5117 ministris
1621 5061 1856 5116 Domini
1879 5079 2014 5116 con-

357 5145 655 5216 stitutum,
687 5152 823 5218 post
850 5145 1144 5205 lrenazum
1174 5149 1214 5206 Ι.
1273 5168 1323 5206 c.
1363 5149 1542 5207 tradit
1601 5150 1890 5208 Eusebius
1919 5151 2015 5220 (3),

352 5233 444 5290 sic
471 5237 742 5294 scribens
769 5254 782 5292 :
809 5239 932 5293 Τῶν
969 5236 1295 5294 ἀποστόλων
1321 5238 1599 5312 ὁμιλητὴς
1631 5237 2012 5312 Πολάιαρπος,

351 5331 452 5394 τῆς
483 5327 622 5383 κατὰ
686 5329 938 5404 Σμύρναν
999 5330 1326 5404 Ἐκκλησέας
1375 5335 1510 5408 πρὸς
1555 5336 1664 5386 τῶν
1721 5331 2011 5386 αὐτοπτῶν

548 5507 702 5584 Bibl,
727 5513 833 5573 vet,
868 5511 1002 5584 PR,
1036 5516 1076 5565 t.
1111 5511 1365 5584 Proleg.,
1398 5530 1449 5584 p.
1485 5527 1612 5568 um
1641 5529 1728 5583 sq.

427 5575 506 5668 g2)
541 5579 650 5635 Ad.
682 5579 817 5635 har.
853 5596 938 5647 ιιι,
983 5583 1033 5635 3.
1067 5585 1238 5654 Apud
1267 5575 1480 5640 Euseb.
1514 5585 1584 5640 H.
1620 5575 1706 5652 E;
1744 5598 1818 5651 ιν,
1855 5580 1938 5638 14.

429 5643 508 5710 κ3)
536 5645 607 5700 Η.
644 5652 733 5714 Ε..
767 5665 849 5716 ιιι,
887 5653 975 5705 36.

2133 4344 2403 4416 ρισμὲνος.
2459 4346 2604 4417 qus
2663 4351 2863 4402 tamen
2919 4348 3194 4406 Ecclesiae
3252 4351 3666 4424 episcopatum
3705 4351 3774 4408 ab

2126 4435 2351 4488 Joanne
2375 4433 2645 4505 apostolo
2669 4434 2864 4505 ipsum
2896 4438 3217 4509 accepisse,
3247 4439 3442 4510 prodit
3472 4441 3770 4496 Tertullia-

2126 4540 2238 4578 nus
2257 4524 2335 4592 (4)
2361 4538 2373 4575 :
2400 4542 2422 4570 α
2448 4521 2640 4576 Edant
2667 4540 2824 4595 ergo,
2857 4527 3062 4595 inquit,
3092 4527 3350 4599 origines
3373 4530 3762 4586 Ecclesiarum

2125 4627 2368 4666 suarum
2399 4629 2412 4677 ;
2439 4609 2707 4666 evolvant
2735 4612 3006 4668 ordinem
3067 4615 3481 4688 episc0porum
3514 4633 3764 4682 suorum,

2125 4701 2206 4755 ita
2235 4715 2338 4770 pes
2371 4701 2776 4756 successiones
2797 4699 2872 4756 ab
2904 4701 3077 4758 initio
3098 4697 3538 4773 decurrentem,
3563 4709 3624 4761 ut
3647 4703 3766 4777 pri-

2125 4805 2258 4844 mus
2291 4787 2393 4844 ille
2433 4788 2747 4862 episcopus
2778 4791 3040 4864 aliquem
3074 4809 3145 4848 ex
3174 4791 3462 4868 apostolis
3493 4794 3580 4852 vel
3607 4810 3756 4867 apos-

2123 4877 2253 4935 licis
2285 4878 2443 4946 viris,
2477 4879 2578 4950 qui
2609 4886 2810 4936 tamen
2840 4897 2974 4938 cum
2995 4884 3338 4954 apostolicis
3365 4899 3754 4956 perseverum.

2123 4969 2266 5036 rint,
2300 4967 2575 5025 habuerit
2609 4975 2912 5026 auctorem
2967 4978 3027 5026 et
3074 4979 3512 5030 antecessorem
3544 5015 3578 5031 ..
3621 4973 3756 5029 sicut

2127 5059 2567 5130 Smyrnaeorum
2600 5057 2864 5116 Ecclesia
2886 5061 3276 5135 Polycarpum
3307 5061 3380 5119 ab
3409 5065 3625 5120 Joanne
3653 5060 3753 5117 col-

2123 5143 2385 5206 locatum
2409 5149 2610 5204 refert.
2651 5149 2898 5220 aNeque
2951 5151 3121 5208 aliter
3179 5169 3322 5208 sane
3383 5150 3752 5225 Hieronymus

2126 5233 2200 5304 (5)
2236 5252 2249 5290 :
2292 5258 2322 5286 α
2353 5237 2735 5309 Polyc-arpus,
2769 5239 3016 5296 Joannis
3052 5241 3304 5313 apostoli
3336 5241 3674 5316 discipulus,
3700 5240 3754 5292 ei

2128 5322 2202 5378 ab
2234 5341 2306 5380 eo
2333 5325 2600 5398 Smyrna
2631 5327 2948 5402 episcopus
2976 5330 3309 5388 ordinatus.

2206 5505 2278 5577 (4)
2311 5499 2383 5577 De
2407 5508 2746 5577 ρνωεσνὶρτη
2783 5525 2834 5564 c.
2860 5509 2951 5566 32..

2197 5575 2273 5647 (5)
2306 5576 2482 5634 Catai.
2516 5575 2707 5652 script.
2741 5581 2894 5651 eccl.,
2925 5598 2976 5638 c.
3024 5585 3108 5640 t7.
