4026 6214
225 317 373 382 1001

883 308 1507 375 PROLEGOMENA.
1552 333 1632 354 ο·-
1673 303 1748 365 Il.
1793 303 1894 364 DE
1938 299 2348 364 MARTYRIO
2393 299 2459 360 S.
2502 299 2972 362 POLYCARPI.

3476 305 3634 368 1002

221 449 433 523 Ignatii
461 444 890 520 disputavimus
925 444 1008 516 (in
1055 443 1402 516 prafatione
1455 440 1526 494 ad
1559 440 1689 511 ejus
1744 438 1873 509 Epi-
1905 442 1962 504 Α
1994 453 2064 490 ex
2093 435 2342 490 Andreae
2374 433 2594 490 Schotti
2625 436 2960 507 apographo
2986 435 3262 494 Claudius
3313 438 3634 496 Salmasius

225 540 454 609 stolas).

300 631 389 682 VI.
425 629 557 682 Hac
577 623 826 698 epistola
848 639 1056 678 manca
1075 621 1328 676 habetur
1350 621 1410 674 in
1433 617 1707 673 omnibus
1727 618 1875 671 Gra—

226 719 310 774 cis
343 716 644 773 codicibus
675 715 872 768 motis.
913 713 1017 767 Ubi
1067 718 1261 766 autem
1305 710 1540 764 codices
1572 707 1872 774 deﬁciunt,

231 809 312 863 ioi
347 807 724 862 continenter
760 802 1130 857 subnectitur
1159 799 1408 871 epistola
1439 799 1740 861 Barnaba,
1773 796 1875 851 sed

222 898 417 968 capite
450 900 720 950 truncato
755 893 862 963 (25)
877 936 889 948 .

297 989 502 1040 Totam
537 1000 670 1038 vero
701 981 1008 1052 Polycarpi
1036 979 1347 1052 epistolam
1381 983 1544 1033 vetus
1575 977 1730 1032 notis
1752 994 1873 1031 ser-

223 1076 378 1131 vavit
407 1074 618 1140 versio,
663 1088 840 1142 quam
871 1071 1099 1142 primus
1156 1070 1289 1122 1298
1349 1068 1610 1132 Parisiis,
1644 1066 1715 1120 ab
1747 1066 1874 1136 ipso

221 1167 548 1230 inventam,
585 1160 870 1232 evulgavit
897 1158 1151 1214 Jacobus
1176 1157 1362 1212 Faber
1392 1155 1779 1227 Stapulensis.

299 1255 496 1308 Grace
531 1257 588 1305 et
619 1251 823 1304 Latine
856 1249 1082 1320 primus
1107 1241 1418 1318 epistolam
1442 1247 1499 1299 in
1523 1245 1715 1299 lucem
1751 1260 1868 1314 pro-

220 1343 362 1398 tulit
391 1341 572 1396 Duaci
607 1341 742 1394 1633
803 1341 1011 1392 Petrus
1070 1336 1411 1402 Halloixius,
1439 1351 1510 1388 ex
1540 1333 1876 1405 apographo

219 1431 520 1488 Francisci
552 1429 846 1494 Turriani,
879 1445 913 1482 a
936 1428 1058 1482 viro
1089 1425 1430 1480 doctissimo
1486 1423 1699 1478 Iacobo
1759 1423 1874 1476 Sir-

186 1516 189 1522 τ
221 1521 446 1577 mondo
479 1521 532 1574 S.
565 1520 614 1573 J.
650 1518 723 1573 ad
755 1517 926 1572 illum
954 1515 1302 1571 transmisso
1337 1514 1468 1586 (26).
1522 1514 1660 1567 Post
1689 1528 1878 1567 annos

222 1613 290 1664 14
321 1608 574 1666 Jacobus
607 1607 876 1662 Usserius
907 1605 1072 1661 aliud
1125 1608 1332 1659 nactus
1365 1601 1688 1673 exemplar,
1719 1599 1878 1671 quod

1991 542 2172 580 manu
2206 542 2310 580 sua
2341 524 2700 595 descriptum
2728 541 2861 580 cum
2893 526 3089 580 lsaaco
3123 529 3324 584 Vossio
3365 547 3634 587 commu-

1987 616 2288 680 nicaverit,
2323 615 2470 670 illud
2503 615 2749 670 contulit
2779 632 2914 670 cum
2936 618 3092 672 edito
3130 620 3520 691 Halloixiano,
3553 629 3639 680 at-

1987 721 2100 774 que
2132 705 2283 759 hanc
2313 705 2795 776 Polycarpianam
2826 704 3136 776 epistolam
3168 725 3302 762 cum
3332 716 3525 767 vetere
3543 713 3640 768 in-

1985 799 2242 864 terprete
2268 794 2511 848 Londini
2536 793 2823 865 evulgavit
2849 797 2981 848 1647
3005 811 3017 860 ;
3042 813 3219 866 quam
3253 797 3464 854 deinde
3489 817 3638 856 nova

1986 883 2472 954 interpretatione
2547 883 2894 938 adornatam
2953 886 3219 940 exhibuit
3275 889 3627 950 Cotelerius.

1987 974 2155 1026 Anno
2185 974 2320 1026 1709
2347 973 2566 1043 prodiit
2584 973 2818 1027 Thoma
2840 973 3074 1027 Smithii
3101 975 3280 1029 editio
3327 982 3636 1050 praestans,

1987 1077 2236 1131 eamque
2261 1068 2498 1116 secutus
2521 1061 3209 1118 estGallandius.Novam
3239 1065 3495 1137 denique
3516 1069 3640 1124 edi-

1988 1151 2212 1205 tionem
2247 1151 2380 1204 1838
2414 1156 2471 1204 et
2500 1151 2635 1204 1840
2667 1149 2832 1220 (edit.
2865 1153 2928 1219 ii)
2962 1150 3269 1206 adornavit
3289 1155 3640 1214 Guilielmus

1986 1240 2371 1306 Jacobsonus,
2407 1238 2710 1295 codicibus
2744 1239 3044 1307 Vaticano,
3077 1241 3344 1297 Parisino
3377 1248 3435 1298 et
3466 1246 3641 1301 Medi-

1989 1346 2091 1385 ceo
2131 1329 2522 1384 Laurentiano
2544 1344 2708 1384 usus.

2063 1420 2174 1474 VII.
2211 1420 2288 1473 De
2311 1418 2616 1489 Polycarpi
2649 1416 2907 1472 doctrina
2951 1415 3402 1488 disputaverunt
3460 1422 3636 1478 Lum-

1987 1528 2164 1583 perus
2221 1512 2351 1583 (27),
2412 1510 2724 1581 Heynsius,
2777 1510 2983 1566 Junius
3037 1527 3106 1566 ac
3159 1527 3271 1566 van
3315 1512 3469 1568 Gilse
3501 1516 3638 1587 (28),

1991 1600 2307 1657 Mahlerus
2346 1602 2456 1670 (29)
2487 1605 2546 1654 et
2574 1599 2698 1656 alii.

1035 1973 1198 2065 DE
1265 1967 1899 2064 MABTYRIO
1973 1967 2064 2060 S.
2137 1963 2854 2059 POLYCARPI.

293 2185 340 2238 Ι.
377 2207 403 2232 α
433 2183 593 2238 lnter
614 2181 987 2253 praclariora
1047 2179 1457 2236 ecclesiastica
1514 2178 1884 2250 antiquitatis
1916 2180 1962 2244 B
1993 2177 2202 2231 borum
2226 2177 2378 2232 serie
2409 2176 2470 2232 in
2503 2177 2780 2234 omnibus
2810 2183 3060 2248 retenta,
3084 2181 3327 2251 soloque
3375 2183 3632 2254 particu-

218 2277 617 2326 monumenta
646 2271 858 2325 merito
889 2275 1235 2325 recensetur
1289 2269 1542 2340 Epistola
1597 2267 1874 2323 Ecclesia

218 2362 603 2432 Smyrnensis
634 2361 706 2415 de
735 2361 1018 2432 martyrio
1046 2361 1100 2415 S.
1138 2359 1471 2430 Polycarpi,
1504 2358 1676 2426 adeo,
1708 2362 1775 2412 ut
1804 2357 1873 2411 il-

218 2451 340 2506 lam
367 2467 518 2522 pene
549 2451 838 2520 integram
881 2449 1168 2504 Eusebius
1210 2449 1468 2504 Historia
1525 2464 1646 2502 sua
1694 2462 1876 2501 neces-

214 2543 366 2594 sario
410 2541 750 2595 inserendam
783 2539 1206 2594 existimaverit
1238 2539 1371 2610 (30).
1421 2537 1698 2602 Quinimo
1739 2536 1872 2590 illu-

218 2629 364 2684 stris
406 2629 536 2699 ejus
561 2629 854 2698 interpres
886 2628 1151 2682 Valesius
1182 2645 1250 2682 eo
1282 2627 1589 2698 processit,
1622 2631 1688 2680 ut
1710 2625 1875 2680 afﬁr-

218 2717 407 2770 marit
433 2716 566 2785 (31),
597 2715 904 2786 Polycarpi
926 2715 1173 2786 ejusque
1201 2715 1494 2768 sociorum
1526 2712 1875 2782 martyrium

220 2805 445 2859 litteris
476 2805 762 2858 traditum
795 2820 922 2859 esse
954 2805 1220 2858 omnium
1275 2804 1554 2874 primum,
1617 2808 1875 2871 Actaque

223 2901 564 2965 martyrum
597 2894 759 2948 nulla
785 2899 1016 2948 exstare
1048 2893 1388 2962 antiquiora
1414 2908 1426 2957 ;
1452 2907 1561 2945 nec
1591 2890 1879 2945 dubitarit

219 2983 501 3054 proinde.
531 2983 674 3053 quin
718 2983 824 3038 illa
877 2983 1328 3052 Smyrnensium
1386 2979 1638 3052 epistola
1685 2979 1875 3051 primo

217 3073 357 3127 loco
391 3073 586 3143 posita
613 3071 790 3126 fuerit
819 3071 890 3126 ab
923 3071 1265 3136 Eusebio,in
1299 3071 1448 3124 libro
1473 3086 1648 3140 quem
1672 3069 1878 3124 inscri-

218 3162 344 3232 psit
377 3159 636 3232 Αρχαίων
671 3163 956 3234 μαρτυρῶν
1009 3159 1318 3234 συναγωγή.
1382 3159 1634 3213 Molliter
1677 3163 1874 3212 tamen

217 3249 614 3320 excipiendus
644 3250 730 3303 vir
759 3249 1178 3314 doctissimus;
1211 3247 1473 3302 nondum
1509 3247 1725 3318 quippe
1772 3247 1878 3300 de-

216 3345 400 3403 tecta,
436 3356 552 3409 quo
587 3345 851 3410 tempore
881 3339 978 3392 ille
1003 3339 1088 3392 sic
1107 3337 1417 3399 sentiebat,
1443 3340 1586 3392 Acta
1609 3337 1875 3407 martyrii

219 3430 276 3484 S.
312 3428 527 3500 lgnatii
561 3428 810 3482 sincera.
850 3449 876 3477 »
909 3430 994 3482 Ita
1025 3426 1361 3482 Gallandius
1383 3428 1516 3497 (32).

292 3518 365 3572 ll.
404 3518 660 3588 Insignis
683 3517 808 3571 hac
828 3516 901 3571 de
924 3517 1203 3587 martyrio
1236 3516 1603 3586 S.Polycarpi
1628 3517 1879 3586 epistola

214 3607 581 3672 rectissime,
613 3612 677 3660 ut
723 3606 1006 3660 Smithius
1055 3605 1224 3659 docet
1257 3607 1392 3675 (33),
1425 3625 1452 3653 «
1513 3604 1628 3658 dici
1685 3609 1879 3674 potest

220 3692 517 3768 ἐγκύκλιος
549 3697 596 3750 si
634 3696 928 3764 encyclica,
962 3701 1027 3749 ut
1084 3711 1154 3750 ex
1212 3693 1612 3764 imscriptione
1668 3697 1830 3764 patet
1861 3709 1873 3758 ;

218 3789 434 3855 utpote
465 3783 538 3838 ad
570 3784 759 3838 varias
791 3784 1103 3848 Ecclesias,
1138 3789 1258 3837 tam
1283 3783 1342 3836 in
1368 3781 1503 3836 Asia
1533 3781 1746 3836 minori
1793 3781 1879 3833 vi-

224 3876 383 3940 cina,
419 3890 597 3944 quam
637 3873 776 3928 alibi
810 3874 873 3927 in
934 3873 1065 3927 aliis
1123 3871 1457 3943 provinciis,
1512 3869 1646 3922 κατὰ
1703 3868 1877 3921 πάντα

222 3960 397 4016 τόπον
431 3963 826 4028 transmissa;
889 3979 1025 4032 qua
1075 3961 1146 4015 de
1205 3961 1276 4016 iis
1335 3960 1495 4028 solis,
1554 3975 1684 4029 qua
1742 3956 1878 4010 κατὰ

227 4052 466 4118 Πόντον,
479 4053 654 4122 juxta
684 4054 917 4106 Pontum
947 4052 1074 4105 sita
1106 4054 1294 4116 erant,
1327 4050 1477 4104 male
1527 4049 1881 4119 interpreta-

224 4149 325 4196 tur
385 4141 674 4195 Eusebius
735 4142 865 4209 (34),
920 4157 1026 4211 pro
1083 4137 1280 4196 πάσαις
1336 4141 1457 4199 ταῖς
1523 4135 1660 4191 κατὰ
1707 4135 1881 4188 πάντα

225 4229 420 4296 τόπον,
452 4247 588 4284 cum
630 4230 703 4284 ad
761 4245 968 4283 omnes
1007 4227 1320 4291 Ecclesias,
1377 4227 1476 4280 ubi
1535 4226 1882 4281 Christiana

224 4320 534 4391 religionis
566 4319 854 4390 professio
874 4318 1236 4390 vigebat,per
1255 4317 1555 4370 Orientem
1587 4317 1882 4387 pracipue

227 4408 711 4480 sparsas,debeat
733 4407 1043 4479 propagari
1063 4412 1120 4460 et
1149 4405 1385 4460 extendi
1414 4405 1486 4458 ab
1517 4406 1664 4476 ipsis
1685 4405 1881 4459 Phila-

228 4498 1108 4569 delphensibus(35),quantum
1144 4496 1204 4549 in
1236 4495 1380 4565 ipsis
1412 4500 1556 4560 erat,
1601 4498 1717 4554 τοῖς
1757 4490 1883 4546 ἐπέ-

227 4608 377 4642 κεινα
427 4584 683 4662 ἀδελφοῖς
741 4585 1241 4643 communicanda
1297 4586 1453 4654 (36);
1502 4583 1708 4639 eadem
1750 4601 1874 4638 ver-

303 4730 416 4798 (25)
442 4729 584 4783 Vide
617 4729 843 4801 Proleg.
897 4728 968 4783 ad
1003 4729 1174 4800 epist.
1212 4727 1264 4781 S.
1303 4726 1602 4794 Barnaba,
1635 4728 1884 4800 hujusce

232 4801 444 4856 Pat-rol.
481 4807 522 4854 t.
559 4803 623 4855 II.
660 4803 808 4855 EDIT.
1415 4853 1418 4856 .

304 4875 417 4941 (26)
451 4872 566 4926 Cfr.
604 4873 833 4944 Proleg.
870 4871 944 4925 ad
977 4872 1031 4926 S.
1072 4871 1422 4926 Barnabam.

301 4945 419 5010 (27)
453 4944 591 4998 Hist.
631 4943 800 4998 theol.
831 4945 955 4997 crit.
991 4948 1030 4998 t.
1060 4944 1105 5009 Ι,
1138 4959 1195 5013 p.
1226 4944 1478 4997 351-346.

303 5014 946 5140 (28)Commentationes
975 5014 1040 5067 de
1099 5014 1372 5100 theologia
1430 5017 1658 5069 Patrum
1707 5020 1884 5084 apost.

303 5103 385 5139 ira
415 5103 453 5140 ι.
492 5103 526 5140 ι)
588 5087 770 5140 60-69.
808 5103 862 5140 D.
899 5087 1089 5140 78-84.
1122 5102 1178 5140 ι).
1215 5088 1406 5140 75-18.

230 5087 453 5151 morali,
492 5103 526 5155 p
588 5087 770 5151 60-69,
808 5103 862 5156 p.
899 5087 1089 5144 78-84,
1122 5102 1178 5155 p.
1215 5088 1406 5141 75-78.

303 5159 425 5225 (29)
458 5158 745 5226 Patrolog.
785 5163 824 5212 t.
854 5158 897 5223 Ι,
931 5174 987 5225 p.
1026 5158 1282 5210 159-162.

307 5230 424 5293 (30)
457 5229 592 5282 Hist.
629 5230 756 5284 ccci.
793 5245 862 5292 ιν,
905 5231 986 5281 15.

325 5300 418 5354 31)
450 5301 596 5354 Ibid.
631 5307 754 5353 not.
793 5304 842 5352 1.

324 5369 419 5439 32)
457 5370 727 5425 Biblioth.
760 5379 1001 5425 veterum
1033 5371 1261 5423 Patrum
1289 5369 1330 5425 l.
1364 5387 1413 5425 c.
1448 5387 1504 5439 p.
1539 5385 1762 5422 Lxxxix.

311 5443 431 5512 (33)
464 5442 650 5496 Schol.
686 5445 748 5496 in
778 5446 880 5511 Ep.
916 5443 1135 5511 Smyrn.
1171 5443 1338 5510 Eccl.,
1372 5459 1428 5512 p.
1466 5443 1584 5493 113.

302 5514 420 5581 (34)
455 5515 591 5567 Hist.
637 5514 783 5568 Eccl.
817 5530 893 5579 ιν,
932 5514 1012 5566 15.

304 5586 418 5655 (35)
454 5586 581 5640 Non
611 5585 1179 5655 Philadelphensibus,
1229 5583 1332 5639 sed
1381 5582 1658 5639 ﬁdelihus
1706 5581 1894 5637 Philo-

569 5703 829 5766 Punon.
865 5699 973 5763 Gn.
1019 5701 1093 5763 ν.

1992 2267 2131 2322 laris
2158 2266 2452 2334 Ecclesia,
2503 2267 2576 2322 ad
2635 2286 2812 2339 quam
2872 2270 3164 2341 dirigitur,
3226 2271 3466 2325 nomine
3497 2289 3629 2327 mu-

1990 2361 2130 2412 tato.
2167 2378 2194 2404 »

2062 2447 2154 2499 IIl.
2178 2447 2337 2500 Hanc
2353 2445 2664 2516 epistolam
2697 2463 2816 2502 non
2851 2449 3135 2504 continuo
3166 2454 3300 2520 post
3329 2449 3636 2523 Polycarpi

1990 2534 2364 2603 martyrium,
2390 2533 2490 2588 sed
2524 2533 2827 2605 aliquanto
2859 2543 2993 2607 post
3025 2543 3289 2608 tempore
3348 2554 3382 2592 a
3439 2540 3637 2609 Smyr-

1991 2624 2138 2678 nais
2169 2623 2449 2692 scriptam
2470 2622 2650 2677 fuisse
2675 2626 2982 2680 contendit
3001 2626 3638 2698 Valesius(37),dicens:

1995 2733 2017 2762 α
2054 2713 2198 2766 Cum
2229 2712 2722 2767 Philomelienses
2744 2713 2816 2768 de
2849 2716 3153 2786 Polycarpi
3183 2717 3465 2787 martyrio
3485 2717 3644 2772 fama

1990 2810 2220 2859 tantum
2252 2821 2318 2858 ac
2350 2821 2586 2859 rumore
2618 2811 2793 2861 tenus
2833 2807 3178 2871 audiissent,
3212 2808 3436 2863 litteras
3461 2810 3641 2864 dede-

1990 2901 2130 2949 runt
2185 2895 2258 2950 ad
2316 2896 2754 2965 Smyrnaorum
2815 2899 3152 2967 Ecclesiam,
3221 2906 3515 2971 rogantes,
3577 2905 3640 2954 ut

1991 2989 2224 3047 cuncta,
2254 3001 2383 3054 qua
2409 2984 2469 3038 in
2502 2984 2828 3040 beatissimi
2861 2987 2964 3042 viri
2995 2988 3271 3058 passione
3302 2995 3463 3060 gesta
3511 2989 3640 3044 fue-

1990 3079 2145 3140 rant,
2181 3073 2526 3141 singillatim
2557 3076 2886 3146 perscripta
2917 3076 2990 3130 ad
3030 3078 3191 3147 ipsos
3240 3078 3634 3134 mitterentur.

1989 3161 2153 3227 Quod
2185 3162 2427 3232 quidem
2459 3161 2854 3219 libentissime
2886 3167 3294 3236 prastiterunt
3324 3166 3634 3238 Smyrnai,

1989 3251 2207 3322 scripta
2237 3249 2310 3305 ad
2337 3251 2496 3321 ipsos
2529 3252 2800 3318 epistola,
2835 3271 3014 3324 quam
3041 3255 3102 3309 in
3133 3255 3408 3309 manibus
3457 3256 3634 3311 habe-

1987 3357 2140 3395 mus.
2175 3339 2234 3394 ld
2293 3344 2493 3394 autem
2551 3340 2932 3396 subindicant
2989 3343 3079 3396 his
3148 3343 3338 3398 verbis
3391 3343 3463 3414 (c.
3497 3346 3633 3414 20):

1990 3428 2145 3500 ὑμεῖς
2181 3427 2275 3498 μὲν
2308 3427 2402 3480 οὗν
2433 3427 2700 3496 ἠξιώσατε
2731 3426 2818 3482 διὰ
2847 3428 3117 3484 πλειόνων
3158 3427 3473 3498 δηλωθῆναι
3505 3430 3636 3501 ὑμῖν

1987 3518 2053 3571 τὰ
2091 3515 2375 3588 γενόμενα.
2412 3539 2440 3566 ››
2491 3519 2602 3572 Sed
2653 3522 2835 3588 primo
2886 3536 3039 3573 anno
3098 3526 3231 3592 post
3279 3528 3530 3576 mortem
3581 3523 3636 3576 S.

1989 3606 2297 3677 Polycarpi
2331 3611 2460 3661 acta
2489 3607 2615 3660 hac
2643 3609 2979 3677 conscripta
3012 3625 3139 3662 esse
3171 3609 3309 3663 inde
3343 3626 3411 3663 ex
3442 3626 3510 3663 eo
3545 3626 3642 3680 ap-

1986 3700 2173 3766 paret,
2207 3695 2364 3764 quod
2398 3696 2624 3765 primus
2655 3695 2780 3749 dies
2811 3696 3248 3751 anniversarius
3280 3698 3458 3766 hujus
3489 3714 3640 3752 mar-

1988 3781 2122 3852 tyrii
2147 3782 2413 3846 nondum
2446 3781 2775 3836 celebratus
2807 3783 2939 3852 fuit,
2962 3788 3027 3837 ut
3056 3800 3125 3837 ex
3155 3800 3282 3855 cap.
3318 3787 3382 3838 18
3413 3786 3638 3856 perspi-

1988 3887 2199 3924 ClmllS.

2058 3961 2149 4013 IV.
2185 3958 2505 4030 Epistolam
2531 3958 2602 4013 de
2662 3959 2944 4031 martyrio
3003 3960 3337 4032 Polycarpi,
3391 3977 3634 4016 nomine

1989 4048 2266 4103 Ecclesia
2325 4048 2699 4118 Smyrnensis
2755 4048 2827 4103 ab
2893 4051 3166 4104 Evaresto
3215 4051 3632 4122 conscriptam,

1992 4141 2218 4192 Marcus
2248 4137 2511 4208 quidam,
2544 4155 2649 4192 seu
2683 4139 3000 4194 Martianus
3033 4141 3165 4210 (38),
3215 4139 3290 4194 ad
3339 4141 3635 4196 Philome-

1991 4229 2210 4283 lienses
2235 4227 2480 4298 pertulit
2522 4227 2653 4299 (39).
2697 4228 3014 4298 Exemplar
3043 4234 3243 4283 autem
3287 4230 3468 4301 hujus
3518 4230 3638 4302 epi-

1993 4317 2157 4373 stola
2195 4317 2402 4372 habuit
2458 4319 2738 4383 Irenaus,
2767 4318 2924 4388 quod
2955 4318 3129 4373 Gaius
3153 4320 3279 4388 ejus
3311 4319 3638 4390 discipulus

1992 4406 2392 4477 descripsit,et
2409 4412 2540 4477 post
2562 4424 2698 4462 eum
2721 4408 2985 4461 Socrates
3018 4406 3257 4476 quidam
3277 4407 3636 4474 Corinthius,

1992 4503 2169 4566 atque
2201 4495 2624 4559 alius,Pionius
2655 4496 2897 4549 nomine
2923 4496 3057 4564 (40).

2069 4587 2128 4640 V.
2165 4585 2440 4656 Epistola
2474 4585 2848 4655 Smyrnensis
2876 4583 3147 4638 Ecclesia
3191 4583 3482 4654 optimum
3529 4586 3641 4639 Eu-

1994 4730 2146 4783 melii
2176 4726 2488 4798 epistolam
2520 4730 2783 4780 nostram
2819 4725 3167 4798 inscriptam
3201 4725 3383 4798 fuisse
3441 4727 3647 4798 statuit

1995 4797 2558 4867 Jacobsonus,quem
2593 4814 2700 4851 nos
2722 4797 2906 4851 secuti
2931 4813 3153 4850 sumus.
3189 4797 3301 4850 Cfr.
3337 4813 3467 4866 qua
3492 4797 3646 4852 infra

1996 4871 2068 4926 ad
2103 4870 2546 4940 inscriptionem
2576 4869 2754 4939 hujus
2785 4868 3058 4939 Epistola
3103 4867 3530 4923 adnotavimus.

2091 4941 2178 5012 36)
2214 4939 2314 5010 Ep.
2344 4939 2500 5012 Eccl.
2530 4939 2785 5012 Smyrn..
2815 4956 2865 4995 c.
2898 4942 2986 4994 20.

2092 5009 2177 5080 3'1)
2207 5009 2334 5066 NOt.
2374 5015 2392 5063 1
2432 5009 2505 5064 ad
2528 5009 2736 5064 EuSeb.
2772 5012 2904 5066 Hist.
2929 5012 3054 5066 θοοὶ.
3089 5027 3163 5077 iv,
3198 5014 3284 5064 15.

2070 5083 2179 5222 (38)
2212 5085 2297 5137 lta
2325 5081 2564 5136 exhibet
2586 5088 2750 5136 vetus
2783 5082 3096 5152 interpres.

2070 5158 2157 5218 (39
2217 5153 2357 5208 Vide
2391 5156 2626 5222 Martyr.
2671 5153 2995 5222 Polycarpi,
3022 5170 3073 5217 c,

2069 5153 2179 5222 (39)
2217 5153 2357 5208 Vide
2391 5156 2626 5223 Martyr.
2671 5153 2995 5223 Polycarpi,
3022 5170 3073 5217 c,
3102 5156 3190 5207 20.

2073 5226 2184 5297 (40)
2222 5225 2366 5279 Ibid.
2402 5243 2432 5279 c
2487 5227 2572 5278 22.
2619 5227 2762 5279 Acta
2793 5224 3141 5297 quadarns.
3176 5224 3484 5294 Polycarpi
3508 5239 3643 5297 spu-

2000 5293 2107 5358 ria,
2141 5293 2346 5351 Pionio
2369 5297 2503 5350 huic
2534 5297 2760 5350 auctori
2792 5293 2938 5349 falso
2995 5294 3234 5359 tributa,
3270 5293 3477 5350 Petrus
3512 5293 3644 5347 Hal-

1999 5369 2214 5424 loixius
2258 5369 2318 5422 in
2359 5370 2497 5422 Vitis
2531 5369 2758 5421 Patrum
2791 5367 3081 5432 0riental.,
3117 5372 3156 5420 t.
3222 5367 3295 5438 1,7
3324 5372 3456 5438 post
3510 5381 3646 5438 eum

2005 5439 2322 5495 Bollandus
2356 5439 2542 5493 edidit
2574 5439 2631 5491 in
2663 5440 2814 5494 Actis
2845 5438 3191 5503 Sanctorum,
3228 5437 3302 5492 ad
3335 5437 3338 5438 ⁷
3367 5437 3524 5492 diem
3579 5437 3649 5489 26

2001 5513 2241 5567 Januar.

3247 5698 3329 5759 32
