4004 6218
413 328 565 390 1003

1609 315 1671 373 S.
1719 305 2168 372 POLYCABPI‘
2208 305 2259 365 Μ
2275 303 2606 367 ARTYRIS

3634 315 3765 374 1001

411 463 610 520 sehius
639 459 893 534 praebuit
949 453 1377 519 testimonium,
1422 448 1523 520 qui
1580 445 1871 534 potiorem
1913 441 2060 534 ejus
2091 444 2138 507 Α
2173 438 2319 534 false
2350 439 2746 534 inscribuntur,
2781 439 3052 534 genuina}
3078 439 3510 534 βιηγιςηωοΐιξξῐι
3541 445 3766 534 epistolis

411 530 926 625 partem—Historia)
956 560 1074 598 sua;
1108 540 1380 606 inseruit,
1427 537 1603 625 hisce
1654 533 1846 590 verbis
1905 530 2056 625 (41);

415 617 499 694 ςΕν
553 636 733 706 τούτῳ
780 632 835 687 δὲ
895 633 1206 703 (tempore)
1266 629 1294 682 ὁ
1343 623 1728 697 Πολύκαρπος,
1793 617 2060 706 μεγίστῳν

407 727 506 794 τήν
565 704 752 777 Ἀσίᾴν
811 711 1334 790 ἀναθορυϐησάντων
1426 711 1714 788 διωγμῶν,
1783 704 2060 783 μαρτυρὶῳ

404 808 726 867 τελειοῦται.
780 803 1233 882 Ἀναγκαιότατον
1285 799 1344 856 δὲ
1384 801 1549 856 αὐτοῦ
1597 798 1658 853 τὸ
1723 794 1906 862 τέλος,
1966 794 2060 868 ἐγ-

404 900 625 975 γράφως
684 892 762 950 ἔτι
820 894 1142 970 φερόμενον,
1211 895 1453 966 ἡγοῦμαι
1513 887 1623 944 δεῖν
1682 889 1873 960 μνήμῃ
1955 891 2057 975 τῇς

403 972 643 1061 έστορίας
707 982 876 1054 τῆσδε
932 981 1282 1045 καταθέσθαι.
1347 981 1508 1035 ’Έστι
1567 975 1624 1031 δὲ
1672 977 1706 1045 ἡ
1752 974 1931 1052 γραφὴ
2000 972 2058 1061 ἐξ(

409 1059 708 1150 προσώποῦ
774 1074 838 1140 ἧς
905 1070 1069 1129 αὐτὸς
1127 1064 1456 1137 Ἐκκλησίας
1501 1066 1709 1138 ἡγεῖτο,
1760 1065 1877 1122 ταῖς
1921 1059 2056 1115 κατὰ

409 1165 616 1220 Πόντον
669 1160 979 1236 παροικίαις
1033 1158 1100 1212 τὰ
1166 1159 1284 1210 κατ’
1337 1152 1527 1208 ἀὑτὸν
1610 1149 2058 1222 ἀποσημαίνουσα

409 1250 498 1306 διὰ
526 1250 754 1318 τούτων,
786 1270 842 1306 κ.
887 1271 938 1304 τ.
973 1245 1026 1302 λ.
1063 1249 1404 1317 Sequuntur
1433 1242 1608 1298 verba
1637 1240 1909 1312 Epistolas
1956 1255 2058 1293 no-

411 1349 568 1397 strue.

480 1429 1048 1498 Ibidem,postquam
1080 1424 1368 1478 Eusebius
1399 1421 1587 1478 multa
1609 1420 1856 1492 protulit
1885 1435 1951 1473 ex
1989 1434 2057 1474 ea

413 1518 684 1590 epistola,
709 1515 1012 1572 concludit
1034 1513 1123 1567 his
1152 1512 1344 1567 verbis
1378 1510 1498 1577 ;Ta‘z
1533 1509 1625 1580 μὲν
1655 1505 1721 1576 δὴ
1770 1506 1904 1560 κατὰ
1963 1505 2053 1559 τὸν

2170 528 2328 583 mala
2357 528 2564 584 fraude
2597 529 2886 600 adjunxit.
2923 527 3126 584 Verbis
3156 529 3316 583 enim
3352 528 3525 590 καθὼς
3564 528 3766 600 δηλώσω

2170 614 2221 669 ἐν
2253 619 2333 688 τῷ
2361 615 2588 686 καθεξῆς
2619 617 3124 674 Pseudo-Pionius
3170 617 3412 684 indicat,
3468 625 3767 690 sequentibus

2173 705 2234 778 (i.
2260 723 2310 760 e.
2347 706 2504 761 Actis
2563 706 2779 777 spuriis
2810 705 3077 777 adjectis)
3110 723 3172 761 se
3204 706 3624 764 declaraturum
3648 728 3766 780 esse,

2171 811 2300 865 quae
2333 795 2693 867 Polycarpus
2723 812 2830 867 per
2850 795 3278 850 revelationem
3334 796 3445 866 ipsi
3477 799 3769 856 manifesta-

2168 883 2336 939 verit.

2239 973 2359 1028 VII.
2414 973 2736 1044 Epistolam
2793 972 3072 1028 Ecclesiae
3160 973 3534 1045 Smyrnensis
3584 977 3770 1048 primus

2174 1065 2372 1119 Graece
2405 1070 2463 1119 et
2494 1065 2695 1119 Latine
2727 1063 2852 1135 (sed
2877 1065 3074 1119 Graece
3114 1080 3235 1118 non
3273 1065 3578 1137 integram)
3625 1068 3773 1122 edidit

2169 1157 2379 1211 Petrus
2412 1155 2733 1210 Halloixius
2764 1155 2824 1208 in
2859 1155 3001 1209 Vitis
3028 1155 3257 1209 Patrum
3287 1155 3518 1220 0rient.,
3554 1162 3588 1213 t.
3617 1159 3636 1211 l
3663 1160 3771 1230 (47).

2169 1245 2465 1314 Integram
2497 1250 2694 1299 autem
2728 1260 2857 1298 eam
2885 1259 3040 1298 anno
3090 1244 3228 1297 1647
3290 1244 3531 1298 Londini
3578 1261 3640 1299 ex
3683 1247 3775 1301 Me-

2170 1333 2410 1404 nologio
2466 1333 2664 1389 Graeco
2717 1349 2861 1389 mss.
2895 1333 3134 1389 Barocc.
3187 1333 3473 1404 evulgavit
3526 1335 3775 1402 Usserius,

2171 1423 2412 1478 Parisiis
2441 1421 2791 1480 Cotelerius.
2819 1422 3098 1477 Eamdem
3132 1423 3347 1478 deinde
3397 1425 3544 1479 Actis
3594 1433 3776 1494 marty-

2169 1529 2294 1566 rum
2320 1512 2548 1567 sinceris
2566 1512 2884 1566 Ruinartus
2918 1512 3192 1579 intexuit,
3245 1518 3302 1566 et
3361 1512 3636 1568 Smithius
3685 1514 3780 1570 edi-

409 1609 708 1677 Θαυμάσιον
766 1603 856 1658 καὶ
917 1598 1277 1656 ἀποστολικὸν
1348 1597 1730 1672 Πολύκαρπον,
1803 1593 2055 1649 τοιούτου

2178 1601 2316 1654 tioni
2341 1603 2484 1672 Epp.
2519 1601 2727 1673 Ignatii
2762 1606 2820 1656 et
2871 1599 3181 1673 Polycarpi
3215 1599 3444 1656 addidit
3478 1602 3626 1656 1709.
3657 1604 3780 1658 Smi-

409 1694 713 1763 κατηξίωτο
742 1690 958 1761 τέλους,
990 1694 1095 1743 τῶν
1127 1687 1261 1742 κατὰ
1287 1689 1387 1757 τὴν
1431 1686 1754 1759 Σμυρναίων
1817 1682 2056 1751 Ἐκκλη-

2178 1691 2360 1744 thium
2395 1695 2630 1744 secutus
2662 1694 2750 1744 est
2805 1690 3167 1745 Gallandius.
3201 1691 3585 1746 Navissimam
3614 1698 3665 1746 et
3692 1693 3780 1748 ele-

413 1784 528 1836 σίαν
562 1779 808 1857 ἀδελφῶν
841 1781 939 1849 τήν
967 1777 1237 1852 ἱστορίαν,
1268 1775 1320 1830 ἐν
1429 1771 1819 1846 δεδηλώκαμεν
1878 1771 2053 1827 αὐτῶν

2178 1779 2581 1852 gantissimam
2631 1778 2952 1833 editionem
3013 1781 3150 1833 1838
3202 1783 3258 1834 et
3325 1781 3465 1834 1840
3538 1781 3687 1848 (edit.
3736 1785 3782 1850 ιι)

417 1869 740 1944 Ἐπιστολῇ,
770 1866 1249 1942 κατατεθειμὲνων.

2178 1868 2383 1922 Oxonii
2439 1867 2724 1940 evulgavit
2770 1867 3172 1937 ilacobsonus,
3230 1867 3424 1924 tribus
3499 1868 3781 1937 codicibus,

493 1965 572 2019 De
603 1963 883 2033 martyrio
919 1961 972 2015 S.
1007 1959 1316 2031 Polycarpi
1347 1957 1608 2014 Irenaeus
1655 1958 1764 2026 (42)
1831 1973 2066 2027 quoque
2175 1956 2821 2023 Barocciano,Parisino
2837 1957 3633 2013 etCaesareo-Vindobonensi
3650 1975 3782 2013 usus.

416 2053 595 2107 verba
617 2052 787 2107 fecit:
821 2049 945 2104 Ἐπὶ
976 2046 1121 2102 πολὺ
1151 2046 1254 2121 γὰρ
1303 2045 1591 2119 παρέμεινε
1642 2045 2057 2116 (Polycarpus)‘

2247 2047 2389 2100 VIII.
2428 2048 2499 2100 De
2527 2045 2781 2101 doctrina
2810 2045 2990 2117 hujus
3022 2047 3286 2118 epistolae
3354 2048 3464 2102 cfr.
3527 2049 3782 2120 Lumper.,

416 2141 508 2194 καὶ
539 2139 677 2195 πάνυ
721 2137 1015 2213 γηραλέος,
1068 2133 1296 2206 ἐνδόξως
1344 2134 1436 2188 καὶ
1492 2131 1877 2211 ἐπιφανέστατα
1929 2151 2057 2207 μαρ-

2178 2137 2302 2190 Hist.
2339 2135 2506 2191 theol.
2541 2137 2688 2202 crit.,
2725 2140 2764 2190 t.
2797 2137 2950 2206 Iltp.
2994 2137 3261 2190 453-459.

414 2232 680 2302 τυρήσας,
711 2227 905 2298 ἐξῆλθε
935 2231 1033 2282 τοῦ
1067 2225 1209 2301 βίου.

2245 2233 2333 2288 ΙΧ.
2377 2232 2679 2288 Addamus
2709 2233 2966 2303 denique
3026 2249 3159 2304 quas
3205 2233 3464 2289 Thomas
3520 2235 3783 2303 Smithius,

491 2320 775 2374 Similiter
797 2317 1330 2388 Hieronymus(43);
1352 2339 1379 2366 «
1405 2319 2064 2386 Posteavero,regnante
2173 2323 2338 2377 testis
2368 2319 2665 2391 αὐτόπτης,
2693 2321 2764 2376 de
2799 2323 3143 2395 Smyrnensi
3182 2324 3637 2395 amphithartro,
3690 2342 3781 2395 quo

2171 2413 2225 2467 S.
2254 2412 2613 2484 Polycarpus
2643 2417 2870 2484 martyr
2900 2412 3194 2484 gloriosus
3246 2412 3416 2480 obiit,
3451 2413 3636 2485 deque
3683 2415 3787 2486 ejus

2174 2500 2441 2572 sepulcro
2473 2505 2713 2556 enarrat
2742 2500 2836 2556 his
2869 2500 3065 2556 verbis
3096 2501 3209 2571 (48)
3235 2518 3248 2557 :
3281 2523 3310 2551 «
3336 2502 3429 2558 Ad
3460 2503 3654 2572 latera,
3706 2520 3786 2558 ano

2171 2589 2318 2660 quit,
2343 2589 2589 2644 alterius
2609 2595 2794 2661 porta)
2844 2590 3021 2654 arcis,
3084 2607 3214 2661 quas
3259 2590 3334 2646 ad
3373 2592 3658 2647 orienlem
3701 2596 3785 2658 est,

2171 2678 2363 2732 adhuc
2394 2678 2662 2734 visuntur
2697 2677 2828 2734 duae
2851 2679 3088 2749 aquilas,
3123 2682 3532 2736 Romanorum
3552 2682 3784 2752 insignia,

2171 2767 2544 2840 largiusculae
2566 2773 2625 2824 et
2654 2768 2809 2823 belle
2843 2769 3084 2841 quidem
3118 2768 3452 2827 delineatm.
3485 2773 3626 2826 Hinc
3664 2773 3788 2826 inter

2172 2857 2676 2922 descendendum,
2711 2858 2969 2929 amplum
3005 2859 3516 2930 amphitheatrum
3548 2861 3618 2916 ad
3645 2863 3786 2916 Nota-

419 2412 488 2464 Μ.
513 2408 812 2464 Antonino
849 2412 905 2461 et
936 2409 990 2461 [ι.
1025 2406 1262 2462 Aurelio
1294 2405 1638 2473 Commodo,
1673 2409 1882 2475 quarta
1935 2408 2068 2476 post

414 2502 708 2554 Neronem
740 2496 1721 2570 persecutione,Smyrnaa,sedente
1746 2510 2067 2566 proconsu-

416 2588 492 2655 le,
527 2594 583 2643 et
621 2589 895 2643 universo
954 2587 1172 2658 populo
1231 2587 1292 2640 in
1323 2585 1756 2657 amphitheatro
1785 2584 2064 2639 adversus

413 2693 546 2732 eum
572 2682 949 2749 personante,
981 2676 1098 2748 igni
1135 2674 1384 2730 traditus
1415 2679 1522 2730 est.
1569 2696 1596 2722 »

484 2767 573 2822 Vl.
599 2769 801 2821 Totam
835 2765 1106 2820 Ecclesiae
1127 2765 1502 2835 Smyrnensis
1525 2763 1838 2835 epistolam
1866 2779 2064 2833 nemo,

417 2872 594 2925 quem
618 2855 890 2922 sciam,in
913 2854 1158 2908 dubium
1181 2853 1424 2918 vocavit,
1462 2852 1691 2924 ipsique
1709 2852 1900 2906 critici
1924 2851 2032 2922 rigi
2051 2882 2064 2892 -

415 2943 645 2999 dissimi
669 2944 906 2999 laudem
940 2943 990 2996 ei
1016 2943 1350 2996 tribuerunt
1380 2943 1511 3011 (44).
1573 2941 1673 3008 lis,
1707 2957 1837 3011 quas
1890 2956 2069 3011 supra
2172 2946 2475 3017 peliotem,
2510 2963 2626 3017 quo
2660 2947 2714 3002 S.
2766 2947 3127 3018 Polycarpus
3180 2951 3472 3019 martyrio
3515 2958 3786 3006 coronatus

411 3037 556 3103 (nl)
588 3050 656 3088 ex
683 3033 910 3088 Valesio
934 3031 1319 3103 protulimus,
1359 3045 1428 3084 ea
1457 3029 1768 3094 addemus,
1829 3046 1958 3099 quae
1992 3029 2068 3082 il-
2175 3040 2285 3099 est,
2322 3035 2691 3092 intravimus.
2725 3036 3004 3108 gradibus
3034 3037 3226 3092 saxeis
3257 3054 3291 3092 a
3339 3040 3548 3095 Turcis
3603 3040 3669 3094 ad
3717 3056 3786 3094 or-

411 3121 808 3176 lustrissimus
827 3120 1231 3191 Scaligerusin
1258 3117 1924 3174 Anidmadversionibus
1939 3118 2060 3173 suis
2092 3151 2134 3217 Ο
2174 3124 2402 3178 nandas
2423 3124 2582 3180 aedes
2611 3125 2777 3180 illinc
2801 3125 3070 3181 sublatis.
3099 3129 3162 3181 In
3187 3125 3356 3196 cujus
3388 3128 3667 3183 lateribus
3684 3128 3787 3182 dum

415 3210 864 3281 Eusebianis(p.
901 3209 1021 3278 121)
1051 3208 1261 3262 effatus
1294 3212 1399 3263 est.
1429 3227 1455 3259 II
1490 3209 1620 3262 llaec
1663 3213 1820 3274 sunt,
1853 3209 2057 3276 inquit,
2098 3208 2133 3217 “
2173 3229 2457 3282 cavernae,
2493 3213 2706 3284 quibus
2733 3214 3162 3270 claudebantur
3190 3215 3422 3280 leones,
3448 3217 3557 3271 sibi
3580 3217 3788 3272 invicem

408 3297 1208 3356 vetustissimaillaEcclesize
1223 3296 2058 3369 martyria,quorumlectione
2171 3307 2572 3372 opponuntur.
2610 3303 2950 3373 Sepulcrum
2986 3303 3041 3358 S.
3097 3302 3434 3374 Polycarpi,
3470 3305 3625 3376 quod
3654 3305 3702 3358 in
3729 3305 3789 3358 la-

410 3391 644 3462 piorum
667 3390 901 3444 animus
921 3389 1001 3442 ita
1015 3388 1292 3453 afﬁcitur,
1317 3393 1381 3440 ut
1411 3403 1720 3457 nunquam
1745 3385 2061 3440 saturinde
2172 3395 2296 3443 tere
2330 3391 2547 3445 montis
2574 3392 2854 3448 adversus
2886 3393 3345 3447 Euro-austrum
3364 3393 3563 3448 adhuc
3593 3411 3788 3448 conser-

407 3479 646 3545 redeat;
673 3479 830 3549 quod
854 3476 1094 3548 quidem
1115 3477 1196 3531 ita
1218 3475 1786 3546 esse,unusquisque
1812 3491 1913 3545 pro
1931 3491 2065 3545 cap-
2173 3482 2550 3535 vatur.Graaci
2582 3481 2678 3536 die
2709 3481 3086 3553 festo,ipsius
3116 3483 3424 3538 memoriae
3459 3489 3786 3547 consecrato,

409 3574 472 3624 tu
503 3586 608 3624 suo
633 3573 690 3622 et
712 3567 1090 3622 conscientiae
1145 3565 1318 3620 modo
1373 3565 1593 3619 sentire
1645 3570 1856 3634 potest.
1892 3565 2058 3618 Certe
2172 3585 2279 3639 pro
2313 3586 2496 3636 more,
2530 3569 2629 3640 qui
2662 3570 2818 3641 apud
2848 3570 3010 3640 ipsos
3042 3570 3289 3638 obtinet,
3323 3572 3670 3628 solemniter
3717 3572 3787 3624 in-

413 3674 515 3729 ego
549 3657 697 3711 nihil
722 3673 987 3726 unquam
1029 3656 1091 3710 in
1137 3655 1384 3710 historia
1420 3653 1819 3708 ecclesiastica
1848 3653 1984 3719 vidi,
2029 3671 2063 3708 a
2171 3659 2386 3712 visunt.
2421 3659 2608 3712 Situm
2656 3667 2745 3712 est
2802 3660 2862 3713 in
2919 3659 3174 3729 quadam
3232 3660 3504 3730 aedicula,
3566 3661 3786 3716 ecclesias

411 3746 581 3818 cujus
615 3746 868 3801 lectione
891 3744 1247 3800 commotior
1265 3742 1634 3809 recedam,ut
1663 3759 1781 3797 non
1805 3742 2060 3814 amplius
2171 3748 2321 3803 forte
2351 3749 2828 3820 sacello,alii,per
2861 3766 3039 3820 quam
3069 3750 3212 3805 illuc
3246 3753 3706 3808 transeunduum
3722 3757 3788 3805 est

411 3852 580 3891 meus
612 3853 740 3890 esse
773 3835 993 3890 videar.
1029 3857 1056 3884 »

483 3925 707 3980 Nostris
739 3924 1106 3995 temporibus
1137 3922 1467 3994 praesertim
1500 3921 1810 3978 Moehlerus
1843 3920 2058 3992 episto-

411 4015 482 4068 lae
516 4014 694 4085 hujus
725 4029 965 4067 causam
997 4013 1114 4083 egit
1139 4013 1269 4081 (45).

478 4101 800 4156 Nonnullas
828 4101 1097 4165 lacinias,
1129 4099 1460 4169 praesertim
1509 4098 1768 4153 fabulam
1829 4098 1898 4154 de
1958 4116 2058 4155 co-

407 4191 610 4244 lumba
641 4207 690 4244 c.
719 4193 805 4253 16,
839 4188 1112 4260 Epistolas
1137 4194 1353 4242 nostrae
1385 4204 1419 4240 a
1475 4188 1902 4256 posterioribus
1955 4190 2056 4244 ad-

407 4279 558 4333 ditas
593 4293 742 4347 esse,
775 4276 1211 4332 contenderunt
1245 4277 1582 4331 Heumanus
1615 4277 1723 4348 (46)
1785 4282 1843 4332 et
1903 4277 2002 4333 alii
2038 4297 2052 4344 ;

402 4384 525 4421 non
558 4366 752 4438 plane,
786 4371 851 4420 ut
880 4365 1132 4432 videtur,
1166 4365 1408 4436 injuste.

2178 4385 2286 4440 prin
2369 4369 2771 4434 veneratione,
2822 4385 2938 4439 qua
2995 4385 3132 4441 erga
3195 4367 3286 4420 τὸν
3339 4366 3779 4442 Μεγαλομάρτυρα

475 4455 762 4527 Equidem
793 4455 1066 4510 ultimam
1095 4454 1304 4525 capitis
1327 4456 1397 4507 22
1434 4455 1807 4525 particulam,
1833 4473 1963 4527 quin
1982 4457 2052 4513 de
2089 4517 2125 4528 _
2164 4473 2270 4528 pro
2303 4456 2534 4511 Christo
2565 4456 2783 4512 invicta
2812 4456 2992 4511 animi
3048 4457 3368 4528 prmsentia
3420 4458 3573 4512 mori
3630 4456 3778 4512 susti-

404 4517 586 4600 Piono
620 4545 902 4615 loquitur,
938 4517 1202 4614 spuriam
1255 4517 1468 4598 censeo
1527 4544 1674 4598 etab
1727 4517 1828 4600 illo
1850 4517 2054 4600 .confe-
2089 4517 2132 4582 Β
2164 4517 2406 4600 nentem
2456 4546 2662 4614 fertur,
2697 4545 2816 4600 illic
2842 4517 3067 4600 ductus.
3085 4545 3366 4616 pauculos
3418 4563 3623 4618 aspros
3665 4561 3780 4600 con-

402 4638 576 4702 ctam,
604 4634 704 4703 qui
755 4632 1133 4704 supposititia
1159 4632 1271 4686 ista
1302 4633 1359 4686 S.
1386 4631 1694 4704 Polycarpi
1726 4639 1877 4702 acta,
1912 4651 2051 4705 quo-
2155 4633 2308 4704 jicit,
2340 4639 2406 4688 ut
2447 4633 2508 4689 in
2558 4649 2733 4688 omne
2793 4650 2979 4688 navum
3043 4639 3352 4705 perennet.
3389 4654 3414 4685 α
3479 4635 3609 4689 Haec
3658 4632 3779 4687 Smi-

402 4739 536 4778 rum
575 4739 755 4793 supra
813 4722 1181 4777 mentionem
1230 4720 1501 4790 fecimus,
1563 4738 1812 4792 quaeque
1845 4723 2049 4778 Pionio
2162 4723 2341 4777 thius.

2171 3834 2464 3905 contigua.
2499 3835 2564 3889 In
2587 3836 2698 3890 hoc
2740 3842 3128 3890 monumento
3189 3837 3595 3906 instauranda,
3628 3840 3670 3893 si
3727 3838 3782 3891 ab

2169 3924 2661 3995 impressionibus
2716 3925 2914 3990 aeriis,
2967 3925 3016 3979 si
3067 3941 3100 3980 a
3147 3926 3370 3994 Turcis,
3403 3928 3519 3983 sia
3551 3927 3784 3982 Christia-

2169 4012 2262 4066 nis
2294 4011 2789 4075 Occidentalibus,
2815 4013 2914 4083 qui
2945 4013 3276 4084 fragmenta
3308 4015 3623 4071 marmoris
3651 4012 3787 4086 quasi

2167 4106 2255 4156 tot
2283 4101 2570 4171 reliquias
2622 4101 2831 4157 exinde
2863 4102 3104 4167 tollunt,
3172 4103 3424 4159 laedatur
3481 4110 3788 4159 temeretur-

2168 4207 2281 4262 que
2316 4208 2328 4256 ;
2364 4190 2681 4246 laudabilis
2712 4191 2946 4247 illorum
2969 4191 3294 4248 collocatur
3319 4209 3523 4264 opera,
3584 4193 3688 4248 olla
3730 4194 3784 4246 ﬁ-

2167 4279 2292 4334 ctili
2324 4296 2558 4350 quoque
2591 4280 2709 4334 illic
2739 4281 3030 4351 apposita,
3064 4281 3125 4336 in
3157 4297 3334 4352 quam
3378 4283 3629 4354 quisque
3680 4281 3777 4335 fere

477 4894 558 4962 (41
621 4894 760 4948 Hist.
795 4893 1020 4961 eccl.1v,
1057 4895 1141 4945 15.

477 4893 589 5035 (42)
619 4965 758 5020 Adv.
793 4966 932 5019 llaer.
967 4980 1048 5031 III,
1078 4964 1131 5016 2.
1168 4962 1338 5033 Apud
1391 4962 1602 5017 Euseb.
1665 4965 1802 5019 Hist.
1861 4966 2044 5021 eccles.

2232 4897 2339 4967 (45)
2374 4898 2681 4966 Patrolog.,
2715 4901 2755 4951 t.
2792 4897 2830 4951 Ι.
2865 4913 2922 4967 p.
2955 4899 3080 4952 410.
3113 4896 3228 4952 Cfr.
3263 4895 3555 4966 Neander,
3612 4892 3774 4951 Kirch.

2178 4966 2344 5022 3esch.
2380 4973 2418 5022 t.
2445 4969 2489 5032 Ι,
2521 4985 2579 5035 p.
2613 4969 2736 5022 739.

473 4962 584 5035 (42)
619 4965 758 5020 Adv.
793 4966 932 5019 llaer.
967 4980 1048 5031 III,
1078 4964 1131 5016 2.
1168 4962 1338 5033 Apud
1391 4962 1602 5017 Euseb.
1665 4965 1802 5019 Hist.
1861 4966 2044 5021 eccles.
2162 4962 2344 5022 Gesch.
2380 4973 2418 5022 t.
2445 4969 2489 5032 Ι,
2521 4985 2579 5039 p.
2603 4962 2736 5022 ⁷739.

403 5053 473 5097 ιν,
509 5039 593 5090 14.
1143 5105 1154 5107 _

2233 5039 2339 5107 (46)
2375 5037 2670 5094 Vide‘not.
2705 5037 2778 5094 ad
2811 5055 2862 5094 c.
2889 5039 2974 5093 16.

467 5109 576 5174 (43)
608 5107 782 5163 Catal.
817 5107 1010 5174 script.
1044 5105 1172 5160 eccl.
1198 5121 1248 5159 ο.
1286 5108 1376 5158 17·

462 5181 574 5247 (44)
613 5178 747 5259 Vise
781 5178 1693 5259 τείιιεωοςιξιρίέηπιένςεν.ειοςελο
1721 5178 1789 5259 ιε,
1839 5195 1894 5248 ρς
1949 5180 2045 5259 est

391 5266 584 5320 seqq,
615 5249 750 5304 edit.
789 5251 1172 5316 Veneta,1732
1207 5252 1264 5302 et
1296 5247 1520 5302 Fabric.
1553 5248 1697 5306 Bibl.
1727 5247 1856 5317 01x,
1901 5249 2045 5304 edit.

391 5321 643 5389 Harles.,
679 5327 718 5376 t.
755 5322 870 5386 VII,
905 5337 963 5393 p.
993 5321 1082 5374 51.

2234 5106 2340 5176 (47)
2374 5111 2511 5165 Dum
2545 5116 2775 5165 exstant
2805 5111 3105 5165 versiones
3138 5111 3418 5182 antiquae,
3451 5124 3692 5181 quarum
3713 5106 3779 5160 al-

2162 5186 2290 5235 tora
2321 5182 2679 5251 metaphrasis
2698 5182 2895 5252 potius
2926 5197 3106 5252 quam
3145 5185 3318 5238 versio
3350 5189 3454 5238 est.

2234 5254 2337 5317 (48)
2371 5254 2537 5307 Notit.
2572 5261 2709 5323 sept.
2763 5255 2907 5308 Asiae
2964 5254 3133 5314 Eccl.,
3159 5271 3216 5324 p.
3253 5257 3372 5324 164,
3407 5253 3546 5309 edit.
3587 5253 3771 5312 Oxon.,

2164 5325 2321 5378 1672.
2358 5324 2629 5397 Lumper.
2663 5325 2704 5378 Ι.
2749 5341 2824 5394 c.,
2858 5330 2897 5380 t.
2927 5325 2994 5392 ΙΙ,
3028 5343 3085 5396 p.
3109 5327 3232 5380 461.
