4004 6218
252 363 410 425 1005
1373 362 1760 427 EPISTULA
1813 369 1833 421 Α

2095 361 2542 446 LIPPENSES.
3517 369 3671 431 1006

443 691 918 866 ΤΟΥ
1041 689 1750 866 ΑΓΙΟΥ
1868 689 3513 869 ΠΟΛΥΚΑΡΠΟΥ

1219 997 1617 1054 ΕΠΙΣΚΟΠΟΥ
1655 995 1974 1050 ΣΜΥΡΝΗΣ
2015 996 2137 1052 ΚΔΙ
2176 995 2710 1053 ΙΕΡΟΜΑΡΤΥΡΟΣ

519 1207 993 1337 ΠΡΟΣ
1091 1201 2378 1333 ΦΙΛΙΠΠΗΣΙΟΥΣ
2487 1203 3397 1337 ΕΠΙΣΤΟΛΗ

960 1615 1677 1781 SANCTI
1825 1613 2952 1781 POLYCARPI

517 1910 1415 2010 SMYRNIEORUM
1499 1908 2063 2005 EPISCOPI
2157 1909 2310 2006 ET
2405 1911 3420 2009 HIEROMARTYBIS

1537 2251 1545 2258 .
1636 2140 2291 2268 EPISTULA

1167 2381 1400 2516 AD
1498 2377 2798 2518 PHILIPPENSES

259 2785 632 2861 Ηολύκαρπος
664 2785 753 2839 καὶ
807 2783 859 2837 οἱ
918 2783 1010 2836 σὺν
1061 2781 1211 2852 αὐτῷ
1267 2774 1624 2853 πρεσϐύτεροι
1679 2781 1746 2849 τῇ
1794 2779 1840 2834 Ἐ

2093 2779 2389 2850 alycarpus
2421 2786 2477 2835 et
2507 2782 2606 2852 qui
2640 2799 2775 2837 cum
2807 2799 2876 2838 eo
2900 2784 3229 2855 presbyteri
3251 2785 3526 2841 Ecclesia
3548 2787 3674 2855 Dei,

328 2876 539 2947 κλησίᾳ
563 2878 658 2928 τοῦ
700 2877 836 2928 Θεοῦ
891 2875 960 2944 τῇ
1011 2867 1347 2942 παροικούσῃ
1401 2867 1719 2928 Φιλίππους
1777 2872 1909 2936 (49)·

2099 2885 2229 2939 quas
2261 2870 2678 2942 peregrinatur
2709 2873 2994 2944 Philippis
3019 2890 3031 2928 :
3061 2873 3468 2930 misericordia
3515 2877 3676 2932 vobis

329 2967 486 3030 ἔλεος
517 2967 644 3037 ὑμῖν
688 2964 780 3018 καὶ
834 2962 1022 3037 εἰρήνη
1080 2961 1226 3035 παρὰ
1283 2963 1417 3013 Θεοῦ
1475 2958 1910 3032 παντοκράτορος

2100 2964 2157 3011 et
2188 2974 2301 3028 pax
2333 2976 2368 3014 a
2400 2959 2517 3015 Deo
2563 2961 2992 3033 omnipotente,
3046 2969 3105 3018 et
3156 2979 3191 3018 a
3239 2965 3490 3020 Domino
3537 2967 3674 3023 Jesu

333 3058 422 3112 καὶ
455 3055 654 3128 Κυρίου
688 3055 866 3121 Ἰησοῦ
895 3048 1132 3125 Χριστοῦ
1162 3053 1259 3105 τοῦ
1290 3055 1550 3122 Σωτῆρος
1582 3049 1746 3119 ἡμῶν
1778 3046 1914 3117 πλη-

1791 3046 1919 3117 πλη-
2099 3046 2331 3102 Christo
2363 3049 2660 3104 Salvatore
2691 3057 2895 3106 nostro
2927 3051 3372 3124 multiplicetur.

331 3144 546 3214 θυνθείη
559 3187 570 3200 .

951 3242 995 3295 Ι.
1027 3242 1170 3295 Laus
1200 3239 1266 3294 ob
1299 3237 1698 3308 benignitatem
1729 3253 1862 3306 erga
1889 3241 2094 3306 fratres
2125 3240 2334 3294 vinctos
2365 3245 2415 3293 et
2446 3239 2509 3294 ob
2537 3243 2749 3308 ﬁrmam
2778 3240 2964 3308 ﬁdem.

333 3360 646 3434 Συνεχάρην
680 3357 806 3429 ὑμῖν
868 3353 1119 3430 μεγάλως
1171 3351 1221 3406 ἐν
1273 3351 1458 3427 Κυρίῳ
1514 3353 1676 3423 ἡμῶν
1727 3352 1906 3420 Ἰησοῦ

2091 3357 2440 3426 Magnopere
2473 3355 2819 3427 congavisus
2851 3372 2984 3411 sum
3015 3356 3178 3412 vobis
3201 3358 3262 3412 in
3291 3357 3539 3414 Domino
3564 3376 3672 3414 no-

259 3451 497 3524 Χριστῷ,
533 3444 841 3519 δεξαμένοις
869 3445 937 3500 τὰ
988 3445 1284 3516 μιμήματα
1329 3447 1428 3510 τῆς
1479 3439 1720 3510 ἀληθοῦς
1773 3439 1840 3514 ἀγ

2090 3460 2142 3497 ro
2173 3446 2311 3499 Jesu
2341 3444 2592 3512 Christo,
2626 3444 2784 3514 quod
2829 3462 2978 3500 vera)
3027 3446 3334 3501 charitatis
3382 3447 3671 3518 imagines

256 3561 388 3610 πης,
419 3538 510 3592 καὶ
543 3537 950 3611 προπέμψασιν,
985 3533 1058 3594 ὡς
1090 3527 1350 3586 ἐπέϐαλεν
1400 3530 1547 3602 ὑμῖν,
1595 3529 1723 3588 τοὺς
1774 3528 1837 3582 ἔνι

2088 3533 2464 3604 .scepistis,et
2489 3533 2645 3602 quod
2668 3539 2842 3603 prout
2863 3534 3060 3589 decuit
3079 3552 3199 3600 vos,
3236 3536 3499 3590 comitati
3529 3539 3669 3593 estis

261 3627 580 3700 λημμένους
613 3631 728 3686 τοῖς
760 3623 1119 3700 ἀγιοπρεπέσι
1151 3617 1392 3692 δεσμοῖς,
1428 3618 1577 3672 ἃτινά
1626 3616 1736 3672 ἐστι
1792 3615 1842 3670 δι

2088 3637 2142 3686 ιε,
2177 3623 2276 3691 qui
2307 3621 2591 3691 implicati
2616 3627 2752 3674 sunt
2775 3621 3043 3690 vinculis,
3068 3639 3198 3692 quas
3221 3624 3442 3678 sanctis
3465 3641 3669 3679 conve-

264 3716 485 3790 8-l,p.au
509 3720 613 3770 τῶν
656 3712 876 3783 ἀληθῶς
911 3711 1012 3765 ὑπὸ
1045 3713 1178 3765 Θεοῦ
1207 3709 1298 3763 καὶ
1356 3711 1452 3762 τοῦ
1502 3706 1702 3780 Κυρίου
1750 3708 1845 3778 ἠμί

2089 3715 2214 3775 unt,
2249 3726 2496 3780 qumque
2530 3707 2865 3764 diademata
2915 3717 3052 3764 sunt
3103 3727 3330 3779 eorum,
3387 3713 3486 3782 qui
3537 3731 3667 3770 vere

258 3805 692 3879 ἐκλελεγμὲνων·
755 3802 842 3856 καὶ
893 3799 976 3855 ὅτι
1008 3802 1040 3868 ἡ
1074 3794 1267 3874 βεϐαία
1314 3803 1412 3865 τῆς
1473 3795 1704 3857 πίστεως
1757 3796 1839 3867 ὑμι

2087 3806 2161 3855 .nt
2189 3816 2224 3854 a
2256 3800 2369 3853 Deo
2401 3805 2458 3853 et
2492 3799 2736 3853 Domino
2761 3805 2965 3854 nostro
2999 3801 3169 3854 electi
3197 3806 3288 3866 ;et
3318 3801 3474 3871 quod
3498 3803 3668 3860 ﬁrma

263 3897 410 3971 ρίζα,
469 3892 518 3962 ἐξ
576 3891 823 3967 ἀρχαίων
875 3885 1366 3966 καταγγελλομένη
1435 3883 1678 3960 χρόνων,
1739 3884 1844 3962 μὲχ

2084 3891 2159 3945 lei
2191 3894 2396 3944 vestras
2426 3888 2613 3950 radix,
2647 3887 2718 3942 ab
2751 3889 3009 3958 antiquis
3045 3889 3406 3960 temporibus
3430 3908 3665 3948 annun-

251 3991 346 4041 νῦν
395 3982 656 4056 διαμένει,
688 3982 778 4035 καὶ
831 3983 1169 4056 καρποφορεῖ
1214 3976 1287 4037 εἰς
1333 3975 1424 4030 τὸν
1488 3973 1681 4049 Κύριον
1742 3975 1832 4045 ἡμη

2081 3984 2184 4045 ita,
2211 3993 2398 4048 usque
2421 3976 2614 4031 adhuc
2648 3977 2660 4010 ¹
2696 3982 3006 4047 permanet
3037 3994 3105 4032 ac
3129 3978 3384 4032 fructum
3407 3980 3579 4035 affert
3602 3981 3662 4036 in

251 4077 466 4146 Ἰησοῦν
499 4070 754 4148 Χριστὸν,
796 4071 855 4131 ’ὸς
907 4067 1187 4141 ὑπέμεινεν
1245 4065 1377 4138 ὑπὲρ
1451 4067 1559 4118 τῶν
1620 4062 1832 4136 ἆμαρτιι

2084 4067 2267 4123 )mino
2300 4073 2503 4121 nostro
2533 4066 2669 4120 Jesu
2698 4065 2950 4134 Christo,
2984 4066 3082 4136 qui
3115 4084 3222 4138 pro
3270 4069 3526 4139 peccatis
3557 4087 3665 4125 no—

253 4165 420 4234 ἡμῶν
462 4157 565 4219 ἓως
608 4155 843 4220 θανάτου
887 4159 1240 4221 καταντῆσαι,
1273 4173 1301 4201 ‹‹
1334 4151 1392 4204 ὃν
1446 4150 1660 4224 ἤγειρεν
1694 4149 1721 4202 ὁ
1755 4147 1834 4203 Θεὲ

2083 4159 2160 4212 ris
2191 4172 2378 4226 usque
2410 4155 2483 4210 ad
2513 4160 2767 4210 mortem
2799 4154 3075 4210 devenire
3105 4157 3406 4223 sustinuit,
3433 4181 3462 4208 «
3487 4176 3664 4230 quem

256 4233 428 4309 λύσας
453 4247 545 4308 τὰς
570 4242 770 4306 ὠδῖνας
800 4246 896 4298 τοῦ
935 4238 1088 4314 ᾇδου.
1139 4240 1236 4301 Εἰς
1293 4238 1352 4292 ὅν
1403 4237 1502 4292 οὐκ
1552 4233 1758 4298 ἰδόντες
1815 4259 1837 4291 τ

2086 4244 2396 4301 suscitavit
2425 4244 2600 4312 Deus,
2631 4243 2840 4298 solutis
2895 4243 3197 4299 doloribus
3255 4245 3473 4301 inferni
3507 4247 3548 4302 ³.
3603 4251 3667 4304 In

258 4343 489 4402 στεύετε,
523 4332 866 4396 πιστεύοντες
895 4329 952 4387 δὲ
980 4328 1311 4405 ἀγαλλιᾶσθε
1351 4331 1497 4402 χαρᾷ
1545 4325 1839 4396 ἰιινεκλαιλή⁸

2086 4351 2202 4390 lem
2224 4350 2344 4388 non
2362 4333 2629 4388 videntes
2651 4331 3232 4399 creditis,credentes
3258 4340 3452 4390 autem
3474 4339 3667 4393 exsul-

257 4428 350 4484 καὶ
383 4422 768 4498 δεδοξασμένῃο
805 4443 830 4475 ε
864 4421 941 4483 εἰς
979 4420 1046 4490 ἢν
1079 4414 1285 4473 πολλοὶ
1315 4415 1672 4488 ἐπιθυμοῦσιν
1729 4414 1837 4468 εἷσε

2080 4425 2158 4478 tis
2192 4423 2398 4478 laatitia
2425 4421 2811 4476 inenarrabili
2843 4426 2902 4475 et
2923 4421 3249 4493 gloriﬁcata
3269 4423 3318 4489 8;
3345 4445 3372 4472 »
3396 4424 3455 4478 in
3487 4442 3661 4495 quam

260 4523 396 4586 θεῖν,
429 4513 631 4574 εἰδότες
661 4511 742 4568 ὅτι
804 4535 833 4562 ‹‹
864 4509 1054 4587 χάριτί
1103 4507 1219 4562 ἦστε
1276 4502 1630 4580 σεσωσμένοι,
1691 4503 1792 4559 οὐκ

2086 4512 2191 4568 ulti
2224 4510 2565 4567 desiderant
2596 4509 2863 4576 introire,
2894 4510 3167 4579 scientes,
3209 4511 3368 4582 quod
3416 4534 3444 4562 ‹‹
3479 4515 3667 4584 gratia

256 4604 458 4684 ἔργων,
489 4627 518 4657 »
552 4601 700 4658 ἀλλὰ
730 4601 1002 4673 θελήματι
1033 4600 1191 4667 Θεοῦ,
1221 4593 1311 4652 διὰ
1342 4597 1522 4666 Ἰησοῦ
1554 4595 1812 4668 Χριστοῦ.

2086 4603 2163 4658 tis
2194 4600 2416 4671 salvati,
2450 4617 2570 4656 non
2601 4617 2672 4656 ex
2695 4599 2974 4671 operibus
3003 4601 3045 4667 ‘,
3068 4621 3097 4650 »
3117 4600 3221 4655 sed
3246 4599 3541 4658 voluntate
3561 4604 3665 4658 Dei

2017 4709 2125 4765 per
2151 4693 2350 4747 Jesum
2381 4689 2702 4746 Christum.

1543 4825 1612 4880 II.
1647 4819 1976 4879 Adhortatio
2003 4819 2078 4876 ad
2104 4819 2383 4874 virtutem.

330 4967 446 5040 (50)
501 4987 530 5017 ιι
585 4962 679 5017 Διὸ
727 4958 1130 5032 ἀναζωσάμενοι
1186 4956 1283 5018 τὰς
1333 4953 1533 5034 ὀσφύας
1588 4952 1740 5040 ὑμῶν

2095 4970 2123 4997 ‹‹
2150 4948 2399 5017 Propter
2419 4941 2578 5015 quod
2597 4942 2880 4998 succincti
2901 4942 3136 5000 lumbos
3164 4947 3389 5002 vestros
3409 4947 3431 4982 ⁸
3456 4951 3666 5006 servite

261 5032 591 5111 δοῦλεύσατε
624 5055 705 5123 τῷ
739 5053 854 5122 Θεῷ
908 5045 960 5102 ἐν
1012 5041 1167 5123 φόϐῳ
1205 5068 1232 5096 n
1279 5042 1369 5098 καὶ
1413 5032 1670 5112 ἀληθείᾳ,
1712 5036 1842 5094 ἀπο)

2088 5054 2141 5094 eo
2172 5036 2233 5090 in
2265 5034 2476 5089 timore
2502 5032 2525 5066 ⁸
2551 5055 2579 5082 ››
2600 5037 2657 5088 et
2677 5034 3350 5105 veritate,relinquentes
3369 5038 3546 5094 inane
3579 5057 3669 5096 va-

260 5146 462 5206 πόντες
492 5142 591 5210 τὴν
623 5141 783 5208 κενὴν
821 5135 1218 5211 ματαιολογίαν
1250 5133 1340 5187 καὶ
1369 5133 1468 5200 τήν
1522 5133 1628 5184 τῶν
1680 5125 1841 5183 πολλι

2093 5126 2356 5198 loquium
2390 5128 2448 5178 et
2477 5121 2630 5194 vulgi
2665 5139 2950 5191 errorem,
2991 5145 3019 5174 «ι
3052 5124 3363 5181 credentes
3396 5127 3457 5182 in
3509 5145 3670 5198 eum,

260 5233 504 5303 πλάνην,
556 5226 994 5287 «πιστεύσαντες
1053 5223 1130 5286 εἷς
1187 5222 1278 5277 τὸν
1334 5221 1620 5295 ἐγείραντα
1673 5217 1763 5271 τὸν
1819 5222 1841 5270 Ε

2090 5217 2126 5271 ιὶ
2158 5214 2472 5270 Dominum
2504 5217 2775 5268 nostrum
2803 5214 3006 5268 Jesum
3029 5213 3323 5270 Christum
3357 5233 3387 5271 e
3422 5220 3671 5274 mortuis

334 5352 351 5386 ¹
382 5349 640 5422 Philipp.
675 5365 712 5412 ι,
737 5350 788 5402 5.
868 5345 890 5381 ²
921 5345 1048 5399 Act.
1082 5359 1142 5407 ιι,
1173 5342 1262 5396 24.
1338 5336 1362 5373 ³
1391 5338 1654 5402 IPetr.1,
1687 5335 1739 5389 8.
1817 5333 1840 5366 ⁴
1863 5334 1915 5404 Ε]

2101 5348 2158 5397 ιι,
2180 5332 2290 5398 8,9.
2367 5329 2434 5384 ⁵1
2457 5330 2612 5383 Petr.
2640 5331 2781 5397 1,13;
2811 5329 3022 5400 Ephes.
3050 5346 3120 5398 v1,
3148 5333 3234 5385 1⁸7.
3309 5332 3332 5367 ⁸
3353 5333 3671 5400 Psal.n,H.

331 5468 444 5539 (49)
473 5468 561 5521 Ita
577 5463 942 5539 Jacobsonus
957 5475 994 5539 _e
1012 5457 1140 5515 cod.
1153 5458 1284 5539 νξι..
1309 5448 1544 5539 slight}
1556 5449 1766 5539 iiupti.
1791 5449 1906 5539 Cir,

2092 5446 2380 5539 “Corinth;
2409 5462 2459 5499 c.
2493 5447 2545 5498 9.
2571 5445 2694 5539 Cir.
2728 5444 3153 5539 Pr'plie'gqmelna
3181 5453 3386 5539 nostra
3414 5450 3489 5504 ad
3543 5453 3673 5521 epi-

253 5543 279 5596 Ῑ
308 5516 1152 5605 (il-emit";et‘inscriptionem
1182 5525 1364 5598 Epist.
1397 5522 1554 5578 Eccl.
1588 5522 1818 5593 Smyrn.
1840 5520 1912 5575 de
1961 5516 1966 5517 ί
2025 5518 2204 5605 stolas
2322 5516 2665 5605 Clementis,
2699 5533 2762 5605 ιι,
2794 5517 3157 5605 3-⁸(ξαινζ6τ.
3190 5523 3230 5572 ι.
3265 5519 3327 5589 l).

251 5588 936 5682 'p'dlyigarpi‘,‘
1183 5670 1198 5682 ε
1482 5671 1493 5682 ⁸
1557 5681 1565 5682 7
1755 5663 1826 5682 ,Α
2095 5590 2204 5661 (51)
2233 5589 2569 5642 Pronomen
2600 5588 2862 5643 restituit
2887 5588 3251 5644 Jacobsonus
3283 5588 3352 5646 ex
3392 5591 3573 5657 codd.

333 5663 716 5756 (wt’id'jiSimilia'
739 5663 1020 5749 leguntur
1047 5670 1204 5743 apud
1233 5669 1620 5736 Clementem,
1665 5663 1849 5738 Epist.
1883 5684 1913 5711 »
