4004 6218
262 436 418 499 1009

1410 441 1806 503 EPIS'I‘OLA
1847 442 1954 503 AD
1998 437 2590 500 PHILIPPENSES.

3534 431 3688 493 1010

261 569 362 630 τὰς
394 574 649 643 γυναῖκας
681 569 834 642 ύμῶν
891 569 943 626 ἐν
997 574 1066 643 τῇ
1122 569 1339 647 δοθείσῃ
1391 572 1580 635 αὐταῖς
1611 572 1786 627 πίστει
1818 573 1906 628 καὶ

2029 573 2197 639 mini,
2230 569 2445 626 deinde
2493 575 2552 626 et
2602 573 2824 625 vestras
2862 583 3101 635 uxores,
3135 564 3448 622 ambulare
3478 565 3537 619 in
3568 565 3683 620 fide

263 656 450 732 ἀγάπῃ
491 658 584 711 καὶ
643 657 857 734 ἁγνείᾳ,
916 660 1244 736 στεργούσας
1299 662 1425 725 τοὺς
1488 662 1689 717 ὶαυτῶν
1720 658 1916 736 ἄνδρας

269 745 325 801 ἐν
382 746 525 821 πάσῃ
584 746 836 819 ἀληθείᾳ,
896 751 983 804 καὶ
1046 750 1335 824 ἀγαπώσας
1390 753 1592 815 πάντας
1622 749 1672 821 ἐξ
1704 750 1821 805 ἴσου
1862 752 1917 806 ἓν

266 836 413 909 πάσῃ
476 833 785 912 ἐγκρατείᾳ,
837 837 928 892 καὶ
987 837 1053 892 τὰ
1110 840 1266 893 τέκνα
1319 836 1590 895 παιδεύειν
1646 841 1745 909 τὴν
1783 860 1918 894 παι-

265 920 410 979 δείαν
459 928 556 979 τοῦ
594 920 769 1004 φόϐου
825 930 922 981 τοῦ
978 931 1112 982 Θεοῦ
1168 930 1302 1001 \6‘2)’
1351 928 1448 991 τὰς
1485 929 1665 1003 χήρας
1697 949 1914 1004 σωφρο’

256 1012 457 1076 νούσας
511 1013 636 1087 περὶ
680 1015 782 1081 τὴν
830 1019 928 1069 τοῦ
981 1014 1180 1091 Κυρίου
1238 1016 1438 1086 πίστιν,
1488 1016 1911 1091 ἐντυγχανούσας

253 1098 625 1163 ἀδίαλείπτως
657 1102 780 1177 περὶ
835 1105 1068 1175 πάιτων,
1128 1105 1334 1180 μακρὰν
1383 1102 1544 1168 οὔσας
1584 1107 1763 1177 πάσης
1795 1103 1911 1160 δια-

253 1184 454 1259 ϐολῆς,
483 1189 848 1261 κάταλαλιᾶς,
882 1192 1377 1269 ψευδομαρτυρίας,
1429 1192 1793 1270 φιλαργυρίας
1821 1195 1912 1249 καὶ

250 1280 455 1340 παντὸς
529 1283 718 1333 κακοῦ·
803 1281 1177 1357 γινωσκούσας
1232 1283 1314 1337 ὅτι
1374 1280 1477 1336 εἶσὶ
1531 1283 1914 1356 θυσιαστήριον

248 1365 366 1440 (63)
399 1370 551 1436 Θεοῦ,
585 1370 678 1423 καὶ
728 1370 815 1423 δτι
857 1368 1026 1424 πάντα
1060 1375 1509 1444 μωμοσκοπεῖται
1541 1374 1674 1439 (74),
1706 1369 1798 1425 καί
1828 1369 1915 1426 λέ-

246 1453 416 1527 ληθεν
446 1457 605 1512 αὐτὸν
639 1455 815 1527 οὐδὲν,
849 1455 973 1514 οὔτε
1001 1458 1314 1535 λογισμῶν,
1345 1456 1468 1515 οὔτε
1516 1459 1751 1530 ἐννοιῶν,
1788 1460 1912 1515 οὒτε

248 1563 306 1598 τι
335 1548 441 1600 τῶν
474 1551 729 1621 κρυπτῶν
753 1553 854 1617 τῆς
876 1544 1123 1622 καρδίας.

2026 661 2169 733 ipsis
2200 660 2415 715 tradita
2444 665 2502 714 et
2532 659 2593 714 in
2622 658 2908 713 charitate
2962 661 3020 712 et
3064 656 3359 723 castitate,
3407 659 3679 709 amantes

2027 750 2184 805 viros
2216 767 2353 804 suos
2384 749 2446 804 in
2477 749 2640 804 omni
2672 748 2937 813 veritate,
2969 762 3038 801 ac
3085 744 3401 816 diligentes
3430 748 3678 798 cunctos

2028 839 2356 911 mqualiter,
2390 839 2450 893 in
2480 839 2641 894 omni
2674 835 3060 901 continentia,
3085 840 3143 890 et
3166 834 3399 889 erudire
3430 833 3582 888 ﬁlios
3615 833 3677 887 in

2024 928 2339 1000 disciplina
2361 927 2592 982 timoris
2615 927 2717 981 Dei
2741 944 2756 992 ;
2790 925 2993 980 viduas
3015 941 3151 978 vero
3178 924 3518 990 doceamus,
3543 937 3673 976 esse

2021 1017 2344 1089 prudentes
2376 1017 2532 1072 circa
2563 1016 2740 1071 ﬁdem
2768 1015 3025 1080 Domini,
3060 1013 3505 1084 interpellantes
3542 1011 3671 1066 sine

2023 1106 2466 1162 intermissione
2500 1123 2605 1177 pro
2637 1104 2915 1160 omnibus
2935 1102 3193 1175 ",longe
3225 1101 3567 1156 recedentes
3598 1099 3671 1154 ab

2023 1196 2183 1251 omni
2216 1195 2535 1263 calumnia,
2587 1193 3036 1258 detractatione,
3100 1191 3247 1246 falso
3304 1189 3673 1254 testimonio,

2023 1285 2269 1341 avaritia
2299 1288 2357 1339 et
2385 1284 2548 1340 omni
2581 1282 2737 1338 malo
2764 1298 2777 1349 ;
2806 1285 3249 1353 cognoscentes,
3286 1278 3444 1349 quod
3487 1277 3675 1333 altare

2023 1376 2125 1431 Dei
2157 1376 2297 1440 sint,
2332 1380 2390 1430 et
2420 1374 2578 1445 quod
2607 1373 2709 1429 ille
2760 1373 2961 1428 omnia
3008 1371 3164 1427 clare
3205 1368 3546 1442 perspiciat,
3578 1368 3676 1422 ni-

2021 1464 2225 1536 hilque
2257 1481 2394 1519 eum
2423 1463 2622 1530 lateat,
2653 1478 2764 1517 nec
2812 1461 3278 1523 ratiociniorum,
3312 1474 3422 1513 nec
3453 1456 3674 1529 cogita-

2022 1552 2276 1619 tionum,
2308 1568 2418 1607 nec
2449 1551 2775 1624 quidquam
2807 1550 3175 1606 occultorum
3206 1547 3422 1604 cordis.

1257 1694 1321 1749 V.
1354 1694 1553 1762 Ofﬁcia
1581 1694 1959 1760 diaconorum,
1982 1696 2252 1765 juvenum
2280 1701 2336 1750 et
2362 1696 2665 1764 virginum.

327 1829 550 1893 Εἱδότες
582 1830 674 1886 οὗν
718 1830 800 1887 ὅτι
843 1856 870 1883 ι(
904 1832 1033 1895 Θεὸς
1075 1833 1138 1888 ού
1190 1834 1599 1907 μυκτηρίξεται,
1635 1858 1663 1886 ››
1689 1833 1906 1912 ὀφείλο-

2086 1837 2351 1893 Scientes
2383 1854 2541 1910 ergo,
2575 1836 2733 1908 quod
2773 1860 2800 1887 «
2836 1838 2989 1891 Deus
3044 1852 3165 1890 non
3222 1832 3504 1888 irridetur
3532 1832 3603 1900 2',
3635 1854 3667 1885 »

255 1941 354 1992 μεν
410 1919 574 1990 ἀξίως
630 1926 732 1990 τῆς
788 1918 1018 1990 ἐντολῆς
1067 1925 1164 1976 τοῦ
1219 1921 1309 1976 καὶ
1368 1919 1527 1993 δόξης
1574 1928 1906 1998 περιπατεῖν.

242 2008 494 2082 Ὁμοίως
553 2006 800 2064 διάκονοι
859 2009 1137 2084 ἄμεμπτοι
1197 2011 1534 2067 κατενώπιον
1590 2012 1759 2067 αὐτοῦ
1807 2019 1907 2081 τῆς

245 2090 628 2169 δικαιοσύνης,
657 2095 734 2159 ὡς
762 2101 895 2151 Θεοῦ
951 2095 1042 2152 καὶ
1100 2101 1344 2173 Χριστοῦ
1378 2101 1490 2171 λ65)
1522 2095 1785 2166 διάκονοι,
1818 2098 1908 2154 καὶ

250 2184 356 2239 οὐκ
384 2184 709 2258 ἀνθρώπων·
744 2186 819 2257 μή
853 2180 1131 2255 διάϐολοι,
1168 2187 1243 2259 μὴ
1269 2183 1484 2264 δίλογοι
1518 2189 1654 2262 (66),
1682 2188 1911 2267 ἀφιλάρ-

248 2294 433 2351 γυροι,
481 2272 764 2349 ἐγκρατεῖς
794 2275 919 2350 περὶ
950 2274 1144 2344 πάντα,
1178 2273 1575 2355 εὔσπλαγχνοι,
1601 2275 1907 2350 ἐπιμελεῖς,

247 2363 614 2437 πορευόμενοι
659 2364 799 2420 κατᾶ
841 2365 941 2433 τὴν
989 2364 1250 2436 ἀλήθειαν
1298 2370 1395 2421 τοῦ
1444 2365 1670 2442 Κυρίου,
1702 2367 1761 2430 ’ὀς
1794 2366 1906 2441 ἐγὲ-

251 2473 376 2508 νετο
418 2450 668 2515 διάκονος
716 2455 950 2509 πάντων·
1004 2454 1050 2527 ᾦ
1090 2454 1179 2510 ἐὰν
1228 2455 1681 2530 εύαρεστήσωμεν
1730 2455 1782 2511 ἐν
1827 2462 1906 2530 τῷ

253 2546 348 2595 νῦν
401 2541 579 2610 αἰῶνι,
631 2541 1033 2618 ἀποληψόμεθα
1100 2546 1191 2599 καὶ
1235 2544 1329 2601 τὸν
1379 2544 1675 2617 μέλλοντα,
1724 2547 1904 2609 καθὼς

257 2629 530 2706 ὑπέσχετο
559 2633 695 2704 ἡμῖν
724 2629 933 2708 ἐγεῖραι
978 2634 1129 2704 ⁴ίιμὸἱς
1177 2631 1237 2689 ἔκ
1281 2638 1504 2706 νεκρῶν,
1553 2634 1643 2690 καὶ
1693 2636 1776 2691 ὅτι
1816 2634 1903 2691 ἐὰν

254 2717 708 2793 πολιτεύσώμεθα
763 2720 925 2792 ἀξίως
975 2721 1160 2790 αὐτοῦ,
1238 2746 1265 2775 ιι
1316 2723 1405 2777 καὶ
1465 2719 1905 2795 συμϐασιλεύσο-

256 2828 353 2880 μεν
397 2809 514 2881 (67)
567 2831 596 2859 »
658 2809 827 2881 αὐτῷ,
895 2807 1010 2887 εἴγε
1088 2811 1436 2884 πιστεύομεν.
1505 2813 1749 2885 Ὁμοίως
1811 2814 1903 2869 καὶ

243 2898 499 2972 νεώτεροι
530 2894 811 2970 ἄμεμπτοι
865 2897 919 2953 ἐν
977 2904 1131 2972 πᾶσι,
1180 2900 1287 2971 πρὸ
1317 2902 1516 2964 παντὸς
1548 2907 1902 2976 προνοοῦντες

246 2984 485 3059 ἁγνείας,
543 2984 633 3041 καὶ
693 2985 1194 3065 χαλιναγωγοῦντες
1253 2989 1476 3052 ἑαυτοὺς
1537 2990 1642 3045 ἀπὸ
1699 2992 1902 3055 παντὸς

243 3082 450 3136 κακοῦ.
486 3077 662 3134 Καλὸν
693 3080 796 3153 γὰρ
823 3080 887 3134 τὸ
924 3079 1314 3144 ἀνακόπτεσθαι
1347 3083 1460 3154 (68)
1499 3081 1606 3136 ἀπὸ
1640 3087 1749 3137 τῶν
1782 3082 1901 3137 ἐπι·

2015 1927 2300 1983 debemus
2328 1927 2503 1998 digne
2534 1926 2812 1983 mandato
2843 1942 2912 1980 ac
2940 1925 3244 1980 voluntate
3293 1923 3423 1993 ejus
3453 1921 3669 1977 ambu-

2013 2017 2158 2072 lare.
2194 2015 2479 2071 Similiter
2507 2016 2739 2071 diaconi
2793 2015 2855 2070 in
2904 2019 3225 2085 conspectu
3256 2011 3505 2083 justitiw
3535 2010 3663 2081 ejus

2015 2107 2297 2179 inculpati
2329 2124 2458 2162 esse
2490 2107 2727 2176 debent,
2748 2106 2903 2160 sicut
2928 2104 3180 2160 ministri
3204 2103 3306 2157 Dei
3338 2107 3395 2156 et
3423 2100 3661 2169 Christi,

2014 2214 2134 2252 non
2165 2197 2518 2265 hominum;
2577 2213 2651 2252 ne
2709 2195 3168 2251 calumniatores
3207 2193 3346 2259 sint,
3378 2208 3453 2246 ne
3483 2190 3662 2246 bilin-

2013 2303 2154 2359 gues
2183 2288 2249 2354 ³³,
2283 2304 2393 2342 nec
2442 2287 2600 2342 avari
2628 2302 2642 2353 ;
2704 2286 2809 2341 sed
2864 2284 3236 2341 continentes
3266 2282 3327 2337 in
3358 2279 3660 2345 omnibus,

2011 2376 2449 2442 misericordes,
2482 2376 2695 2442 seduli,
2743 2375 3089 2430 incedentes
3129 2374 3303 2445 juxta
3352 2371 3664 2427 veritatem

2014 2466 2271 2533 Domini,
2305 2466 2405 2536 qui
2436 2466 2707 2521 omnium
2740 2464 3013 2519 minister
3041 2463 3230 2517 factus
3258 2465 3347 2517 est
3370 2460 3454 2526 ²⁴;
3489 2459 3581 2514 cui
3613 2457 3664 2512 si

2011 2554 2073 2609 in
2096 2554 2207 2609 hoc
2229 2553 2447 2610 smculo
2471 2553 2894 2626 placuerimus,
2913 2551 3270 2623 recipiemus
3295 2555 3354 2604 et
3375 2548 3663 2615 futurum,

2012 2643 2511 2713 quemadmodum
2539 2642 2840 2715 pollicitus
2870 2645 2962 2696 est
2989 2640 3184 2703 nobis,
3218 2638 3376 2710 quod
3412 2635 3665 2691 resusci-

2010 2731 2159 2787 tabit
2190 2748 2299 2787 nos
2330 2750 2361 2787 e
2390 2733 2662 2798 mortuis,
2696 2730 2997 2802 quodque,
3033 2731 3081 2784 si
3137 2728 3312 2799 digne
3344 2727 3470 2797 ipso
3501 2725 3662 2779 viva-

2010 2836 2144 2875 mus
2171 2819 2239 2887 ”,
2274 2843 2303 2871 ‹‹
2326 2820 2503 2876 etiam
2535 2836 2669 2875 cum
2704 2836 2771 2875 eo
2807 2818 3185 2891 regnabimus
3207 2816 3273 2884 ³⁸,
3300 2836 3327 2865 ››
3360 2812 3656 2883 siquidem

2008 2909 2327 2964 credimus.
2360 2908 2546 2964 Simili
2592 2908 2770 2963 modo
2802 2913 2861 2962 et
2882 2908 3130 2979 juvenes
3162 2906 3222 2960 in
3254 2902 3532 2959 omnibus
3559 2902 3655 2955 in-

2006 2997 2334 3069 culpabiles
2363 2998 2503 3063 sint,
2563 3003 2698 3053 ante
2758 2997 2950 3052 omnia
2988 2994 3223 3050 solliciti
3256 2994 3328 3048 de
3358 2991 3650 3055 castitate,

2005 3104 2073 3142 ac
2104 3102 2166 3141 se
2196 3087 2268 3142 ab
2300 3087 2462 3141 omni
2494 3086 2651 3142 malo
2677 3086 3069 3141 refrenantes.
3095 3085 3319 3137 Bonum
3349 3081 3508 3135 enim
3542 3083 3651 3145 est,

244 3172 460 3260 θυμιῶν
492 3170 604 3222 τῶν
634 3172 746 3239 (69)
770 3166 823 3222 ἔν
882 3172 961 3240 τῴ
1007 3167 1224 3240 κόσμῳ,
1276 3167 1359 3223 ὅτι
1402 3174 1545 3225 πᾶσα
1576 3195 1605 3225 ι(
1636 3170 1896 3243 ἐπιθυμία

2025 3175 2278 3231 ὼεοὶιιᾶί
2304 3192 2339 3230 a
2368 3174 2790 3247 cupiditatibus
2821 3174 2998 3245 hujus
3028 3171 3258 3235 mundi,
3291 3170 3432 3241 quia
3460 3168 3656 3223 omnis

239 3257 380 3312 κατᾶ
425 3260 524 3311 τοῦ
564 3256 873 3327 πνεύματος
928 3256 1287 3331 στρατεύεται·
1341 3281 1370 3310 ››
1416 3260 1507 3313 καὶ
1554 3256 1732 3315 «οὔτε
1759 3260 1896 3337 πόρο

238 3365 350 3414 νοι,
379 3342 513 3400 οὔτε
546 3344 807 3418 μαλακοὶ,
859 3343 981 3400 οὔτε
1028 3346 1404 3419 ἀρσενοκοῖται
1453 3349 1735 3424 βασιλείαν
1767 3353 1902 3404 Θεοῦ

242 3432 785 3508 κληρονομήσουσιν,
845 3457 875 3486 ››
933 3432 1057 3489 οὔτε
1113 3435 1165 3488 οἱ
1241 3440 1525 3500 ποιοῦντες
1581 3437 1647 3492 τὰ
1704 3436 1899 3495 ἄτοπα.

246 3524 344 3578 Διὸ
401 3520 521 3577 δὲον
576 3523 872 3598 ἀπέχεσθαι
927 3523 1034 3578 ἀπὸ
1108 3525 1325 3580 πάντων
1382 3525 1610 3593 τούτων,
1664 3527 1902 3583 ὑποτασ-

250 3610 516 3682 σομὲνους
573 3615 691 3672 τοῖς
750 3606 1136 3687 πρεσϐυτέροις
1186 3614 1277 3668 καὶ
1336 3611 1636 3681 διακόνοις,
1683 3616 1758 3679 ὡς
1787 3620 1904 3688 Θεῷ

244 3699 340 3755 καὶ
407 3702 635 3773 Χριστῷ
700 3703 829 3771 (70)·
899 3701 996 3763 τὰς
1058 3702 1353 3778 παρθένους
1418 3702 1470 3757 ἐν
1539 3702 1764 3777 ἀμώμῳ
1810 3705 1901 3760 καὶ

244 3789 390 3865 ἁγνῇ
424 3786 727 3859 συνειδήσει
758 3796 1099 3864 περιπατεῖν.

2011 3286 2039 3315 ‹‹
2075 3264 2368 3336 cupiditas
2398 3263 2616 3319 militat
2642 3264 2921 3320 adversus
2953 3262 3228 3334 spiritum
3247 3261 3311 3328 ³⁷,
3348 3281 3376 3309 ››
3407 3263 3467 3314 et
3496 3277 3527 3310 (ι
3553 3272 3657 3311 ne-

2013 3370 2128 3425 que
2177 3353 2500 3422 fornicarii,
2533 3369 2727 3423 neque
2759 3352 2992 3415 molles,
3025 3365 3219 3419 neque
3257 3346 3661 3402 masculorum

2014 3441 2427 3497 concubitores
2459 3457 2706 3514 regnum
2751 3441 2853 3496 Dei
2883 3438 3275 3512 possidebunt
3302 3434 3368 3502 ⁸⁸,
3405 3457 3430 3483 ››
3465 3447 3660 3505 neque

2015 3531 2116 3602 qui
2148 3531 2372 3586 absona
2399 3530 2645 3586 faciunt.
2678 3531 2869 3594 Quare
2900 3533 3133 3599 oportet
3162 3526 3234 3581 ab
3264 3525 3356 3579 his
3387 3522 3660 3578 omnibus

2014 3619 2335 3685 abstinere,
2368 3619 2580 3689 subjici
2628 3624 2828 3674 autem
2874 3615 3235 3688 presbyteris
3279 3618 3338 3667 et
3375 3610 3662 3679 diaconis,

2017 3713 2299 3779 tanquam
2329 3710 2447 3763 Deo
2479 3713 2537 3764 et
2564 3707 2795 3763 Christo
2821 3723 2834 3773 ;
2868 3705 3120 3777 virgines
3150 3720 3285 3757 vero
3316 3705 3549 3773 oportet
3594 3697 3659 3753 in

2017 3796 2400 3852 immaculata
2429 3801 2488 3851 et
2517 3802 2680 3852 casta
2707 3793 3069 3851 conscientia
3107 3791 3339 3863 degere.

1216 3938 1306 3994 VI.
1341 3940 1544 4009 Ofﬁcia
1568 3941 2016 4013 presbyterorum
2045 3947 2096 3998 et
2134 3944 2323 4013 ofﬁcia
2370 3942 2700 3997 communia.

328 4073 431 4130 Καὶ
492 4076 545 4129 οἱ
597 4070 959 4152 πρεσϐύτεροι
1017 4074 1075 4133 δὲ
1131 4075 1500 4155 εὔσπλαγχοι,
1560 4080 1636 4143 εἷς
1702 4083 1905 4145 πάντας

254 4162 582 4237 ἐλεήμονες,
641 4163 1049 4243 ἐπιστρέφοντες
1105 4168 1175 4222 τΞι
1239 4168 1742 4242 άποπεπλανημὲνα
1768 4174 1904 4246 (71),

257 4251 715 4326 ἑπισκεπτόμενοι
798 4258 1000 4317 πάντας
1092 4255 1352 4327 ἀσθενεῖς,
1425 4260 1500 4331 μὴ
1577 4258 1910 4331 ἀμελοῦντες

257 4342 468 4417 χήρας,
525 4342 560 4412 ἢ
604 4343 862 4422 ὀρφανοῦ,
920 4344 957 4413 ἢ
1014 4344 1264 4415 πένητος·
1312 4346 1460 4402 ἀλλὰ
1490 4372 1518 4400 ‹‹
1551 4354 1909 4421 προνοοῦντες

250 4430 337 4486 ἀεὶ
366 4434 465 4485 τοῦ
494 4429 667 4487 καλοῦ
713 4432 942 4489 ἐνώπιον
998 4438 1132 4489 Θεοῦ
1182 4435 1271 4489 καὶ
1330 4436 1657 4511 ἀνθρώπων,
1690 4460 1719 4490 ››
1767 4438 1907 4494 άπε-

2084 4086 2154 4139 Et
2182 4085 2515 4157 presbyteri
2548 4085 2667 4140 sint
2725 4084 2796 4139 ad
2854 4081 3435 4138 commiserationem
3465 4076 3660 4150 proni,

2016 4176 2431 4231 misericordes
2461 4191 2600 4247 erga
2623 4180 2889 4241 cunctos,
2922 4172 3261 4228 aberrantia
3289 4169 3662 4234 reducentes,

2015 4266 2323 4320 visitantes
2379 4265 2648 4319 inﬁrmos
2706 4280 2935 4329 omnes,
2993 4278 3113 4317 non
3170 4260 3537 4331 negligentes
3576 4255 3665 4310 vi-

2019 4354 2217 4419 duam,
2242 4358 2346 4409 aut
2363 4353 2679 4426 pupillum,
2703 4358 2805 4407 aut
2834 4367 3156 4423 pauperem
3184 4368 3196 4416 ;
3231 4348 3333 4403 sed
3366 4370 3393 4397 ι.
3425 4343 3664 4401 solliciti

2019 4460 2255 4514 semper
2283 4442 2355 4497 de
2387 4442 2542 4496 bono
2573 4457 2771 4496 coram
2795 4441 2912 4495 Deo
2939 4445 2999 4494 et
3026 4435 3363 4493 hominibus
3382 4433 3448 4489 '9.
3481 4454 3504 4481 ι
3540 4432 3669 4488 abs-

254 4518 494 4595 χόμινοι
559 4520 738 4592 πάσης
825 4520 1019 4599 ὀργῆς,
1102 4523 1604 4600 προσωποληψίας,
1682 4527 1906 4602 κρίσεως

2025 4532 2276 4588 tinentes
2292 4531 2364 4587 ab
2376 4530 2537 4587 omni
2551 4529 3008 4600 ira,acceptione
3026 4520 3664 4598 personarumjudicio

330 4662 375 4699 ’ί
412 4663 433 4719 Ι
463 4663 665 4721 Thess.
695 4683 748 4735 v,
786 4668 868 4722 17.
947 4666 994 4702 ²²
1023 4668 1145 4724 Gal.
1176 4685 1249 4738 γι,
1282 4672 1334 4725 7.
1414 4668 1460 4704 ³³
1492 4672 1677 4727 ITim.
1711 4688 1791 4740 ιιι,
1821 4674 1875 4730 8.

250 4732 534 4772 371D“,-
584 4753 619 4772 η
675 4740 731 4772 u
839 4738 883 4772 aa
920 4739 1086 4772 πρη..
1129 4757 1177 4772 m
1234 4743 1266 4772 ο
1326 4743 1391 4772 ιη
1487 4741 1708 4772 non-..
1762 4763 1839 4772 _-.
1895 4749 1906 4772 Α

2030 4675 2231 4772 gatth.
2259 4691 2358 4741 xx,
2389 4675 2476 4772 208‘.
2554 4673 2601 4708 ²⁵
2625 4672 2881 4745 Philipp.
2918 4689 2954 4740 ι,
2980 4673 3067 4725 27.
3145 4665 3192 4701 ²⁶
3222 4667 3270 4721 Il
3302 4665 3449 4721 Tim.
3482 4682 3541 4731 ιι,
3576 4668 3662 4721 12.

340 4735 365 4789 Ι
393 4736 551 4790 Petr.
584 4753 643 4805 ιι,
675 4740 761 4793 11.
839 4738 883 4775 ³⁸
919 4739 946 4793 Ι
974 4740 1103 4795 Cor.
1129 4757 1202 4809 v1,
1234 4735 1288 4807 9,
1326 4743 1411 4798 1ο.
1487 4741 1537 4777 ’θ
1566 4745 1731 4800 Rom.
1762 4735 1862 4818 in,
1895 4749 1906 4802 1

2030 4749 2080 4802 Il
2109 4748 2239 4804 Cor.
2271 4735 2384 4813 vin,
2411 4749 2499 4802 2t.

255 4889 335 4971 ad
361 4888 635 4971 garriat!”
662 4892 884 4971 στερρά
919 4896 979 4949 et
1005 4894 1093 4971 2t.
1117 4893 1234 4950 Cir.
1258 4894 1686 4971 Prolegomena
1705 4906 1910 4958 nostra

249 4960 330 5017 ad
360 4961 673 5031 Epistolas.
709 4960 1140 5030 S—fClementis,
1171 4982 1232 5023 ιι.
1266 4967 1318 5021 3.

327 5029 443 5174 262—)
474 5032 564 5088 Sc.
599 5029 906 5106 διδάξωμεν
939 5029 1179 5098 ἑαυτούς.

351 5104 443 5174 63)
479 5104 567 5161 Ita
593 5106 956 5163 Jacobsonus
1009 5124 1081 5163 ex
1128 5114 1179 5164 tr

351 5104 443 5174 63)
479 5104 567 5161 Ita
593 5104 956 5163 Jacobsonus
1009 5124 1081 5163 ex
1128 5108 1317 5164 tribus
1361 5108 1533 5166 codd.
1563 5117 1621 5166 et
1658 5118 1769 5169 vet.
1804 5115 1905 5170 in-

250 5179 539 5256 terprete.
572 5176 689 5232 Alii
721 5178 1096 5256 gestae-nigra.
1156 5181 1579 5256 Constitution“
1637 5187 1909 5256 apostolo-

249 5245 379 5301 rum
412 5245 519 5329 lib.
552 5264 618 5329 ιι,
643 5265 693 5304 c.
725 5250 821 5329 26_,
848 5245 1001 5329 hanc
1057 5253 1562 5322 comparationem
1593 5245 1905 5313 viduarum

251 5319 713 5394 cumaltaribus
734 5337 769 5394 a
786 5321 1110 5394 Polycarpo
1136 5319 1419 5394 mutuatae
1451 5341 1579 5381 esse
1610 5327 1903 5385 videntur.

328 5387 563 5473 (6421a
590 5387 978 5473 “{acobsouus
1036 5387 1129 5473 ἐξ
1163 5393 1295 5450 cod.
1352 5395 1534 5473 Yatic.
1591 5397 1704 5454 Alii
1747 5401 1907 5473 ἡμῶν

248 5463 559 5515 σκοπεῖται.
584 5462 700 5521 Cfl‘.
731 5482 747 5519 ι
778 5465 957 5521 Clem.
991 5465 1065 5520 ad
1091 5465 1241 5528 ϐοτη
1272 5481 1322 5521 c.
1356 5467 1444 5520 41.

324 5531 436 5602 (65)
466 5531 555 5588 Ita
583 5534 947 5593 Jacobsonus
977 5552 1112 5592 cum
1139 5534 1333 5591 tribus
1373 5536 1544 5595 codd.
1579 5544 1638 5595 et
1666 5546 1779 5601 vet.
1812 5542 1907 5597 in-

246 5606 536 5682 terprete.
569 5605 716 5663 Huic
745 5607 987 5682 lectioni
1018 5608 1197 5663 etiam
1228 5607 1533 5682 Syriacum
1563 5611 1741 5682 hujus
1769 5614 1907 5682 Epi-

250 5618 309 5657 ιε
389 5618 536 5659 rete.
569 5618 716 5663 111116
745 5618 987 5665 lectioni
1018 5618 1197 5663 etiam
1228 5618 1262 5661 δ
1307 5624 1533 5664 riacum
1563 5618 1741 5682 hujus
1769 5618 1812 5668 E
1856 5618 1903 5667 i-

250 5618 425 5752 sta)!!!
454 5674 855 5750 fragmentum
903 5681 1077 5748 favet,
1137 5624 1302 5750 quod
1350 5680 1696 5750 Curetonus,
1724 5700 1782 5752 p.
1814 5629 1903 5752 ξι,

244 5743 385 5820 (cfr.
418 5743 640 5822 supfp.
672 5754 791 5826 154)
823 5743 1643 5814 ιιοὶιίεοιιωόοωωωιὶοανιι.
1673 5743 1793 5813 ,λιιι
1818 5743 1904 5813 le;

2017 4905 2231 4973 gerunt
2257 4896 2310 4953 ἐν
2339 4899 2570 4973 Χριστῷ.

2089 4974 2199 5042 (66)
2237 4973 2326 5026 Ita
2350 4962 2713 5042 Jacob'sonus
2742 4966 2994 5042 e‘tribus
3022 4962 3194 5021 codd.

2089 5031 2204 5125 (67)
2227 5113 2239 5125 1
2266 5042 2601 5115 Legendum
2627 5036 3043 5125 βασιλεύσομεν
3086 5050 3236 5125 cum
3260 5031 3484 5125 _codd.,
3544 5047 3666 5087 non

2020 5107 2430 5188 βασιλεύσωῇεν
2464 5130 2600 5188 eum
2627 5107 2796 5168 libris
2827 5107 3150 5188 impressis.
3184 5107 3303 5188 Jac.

2089 5188 2198 5257 (68)
2229 5187 2315 5241 Ita
2337 5172 2347 5186 ’
2371 5185 2731 5257 Jacobsonus
2786 5199 2855 5257 ex
2913 5172 3101 5235 tribus
3133 5176 3301 5232 codd.
3341 5180 3401 5229 et
3429 5180 3537 5228 vet.
3574 5172 3667 5230 in-

2018 5252 2297 5328 terprete.
2333 5257 2478 5312 Male
2508 5255 2607 5311 alii
2638 5252 3055 5328 ἀνακόπτεσθαι,
3088 5263 3424 5328 emergere.”

2112 5319 2201 5387 69)
2234 5328 2476 5383 Addidit
2502 5327 2861 5382 Jacobsonus
2888 5326 2996 5375 τῶν
3029 5338 3100 5376 ex
3139 5320 3268 5375 cod.
3302 5319 3484 5372 Vatic.

2114 5400 2202 5469 70)
2232 5400 2592 5480 Polycarpus
2641 5395 2902 5480 episcopi
2934 5410 3054 5480 non
3101 5390 3241 5448 facit
3272 5388 3659 5480 mentionem,

2018 5458 2235 5540 quippe
2266 5458 2389 5539 qui,
2422 5458 2780 5525 verecundia
2806 5458 3148 5540 impeditus,
3182 5478 3319 5517 eum
3349 5458 3535 5515 nollet
3562 5474 3661 5514 co-

2014 5538 2261 5596 hortari.
2284 5538 2433 5597 ’Vide
2462 5542 2666 5609 Bothe,
2698 5542 2832 5608 Anf.
2866 5555 2924 5609 p_.
2958 5538 3059 5590 409
3091 5551 3181 5609 sq.

2087 5611 2199 5684 (71)
2260 5612 2406 5684 Lege
2474 5610 2602 5675 τοὺς
2653 5601 3263 5679 ’ἀποπεπλανημὲνῖιυῆ
3336 5601 3452 5658 nisi
3508 5601 3661 5658 forte

2015 5674 2260 5756 πρόϐάτα
2289 5674 2672 5757 intelligatur.
2702 5685 2827 5740 ἕσιν.
