4004 6218
424 360 574 421 1011

1632 358 1696 421 S.
1742 359 2180 422 POLYCARPI
2224 363 2639 422 MARTYRIS

3640 364 3761 426 10ίῖ

427 495 654 568 injusto
677 513 689 562 ;
712 495 883 566 longe
903 492 1242 548 recedentes
1260 491 1331 548 ab
1352 493 1512 547 omni
1531 493 1802 560 avaritia;
1821 510 1941 548 non
1964 494 2078 549 cito

2208 491 2400 548 ἱδίκουο
2463 493 2669 566 μακρὰν
2729 492 2879 555 ὄντες
2927 495 3102 564 πάσης
3161 491 3521 572 φιλαργυρίας·
3575 499 3640 568 μὴ
3686 521 3758 553 τα-

431 587 740 642 credentes
764 584 1044 639 adversus
1066 582 1325 652 aliquem
1353 599 1366 650 ;
1391 600 1512 638 non
1541 583 1727 638 severi
1747 583 1998 638 nimium
2021 583 2080 638 in

423 673 957 750 judicio,scientes,
981 689 1087 725 nos
1110 688 1316 726 omnes
1345 671 1644 727 debitores
1675 689 1803 728 esse
1836 672 2078 744 peccati.

432 763 488 817 Si
521 777 656 832 ergo
688 759 1082 831 deprecamur
1134 761 1468 826 Dominum,
1501 767 1564 816 ut
1604 761 1775 816 nobis
1804 761 2081 828 dimittat,

430 849 715 904 debemus
748 854 932 903 etnos
951 849 1248 904 dimittere
1271 847 1317 884 3°
1341 867 1354 916 ;
1380 868 1517 906 nam
1541 868 1739 906 coram
1772 850 2002 906 Domini
2027 856 2083 904 et

429 938 532 994 Dei
568 937 756 991 oculis
789 941 1017 1007 sumus,
1044 944 1102 993 et
1131 960 1154 990 α
1181 954 1388 994 omnes
1419 944 1552 994 ante
1587 939 1848 994 tribunal
1870 938 2082 994 Christi

427 1031 605 1094 stare,
641 1031 698 1081 et
730 1043 1220 1098 unumquemque
1253 1045 1358 1099 pro
1411 1046 1470 1084 se
1513 1029 1804 1084 rationem
1837 1028 2084 1083 reddere

428 1120 660 1188 oportet
683 1118 748 1172 3'.
783 1140 810 1167 ››
849 1116 940 1170 Sic
986 1117 1186 1188 itaque
1246 1117 1571 1173 serviamus
1601 1117 1685 1172 illi
1713 1134 1842 1172 cum
1874 1119 2083 1172 timore

429 1210 487 1262 et
505 1205 669 1259 omni
693 1205 1044 1272 reverentia,
1069 1207 1220 1261 sicut
1246 1208 1528 1278 praecepit
1557 1208 1704 1278 ipse,
1730 1213 1787 1262 et
1810 1207 2081 1278 apostoli,

431 1295 531 1365 qui
565 1294 735 1348 nobis
765 1294 1146 1367 Evangelium
1177 1297 1629 1361 annuntiarunt,
1663 1302 1721 1350 et
1758 1297 2083 1368 prophetae,

434 1385 535 1456 qui
593 1384 826 1438 Domini
883 1385 1071 1439 nostri
1129 1385 1444 1440 adventum
1516 1386 2083 1457 praesignificarunt;

437 1473 719 1542 studiose,
759 1473 917 1544 quod
949 1473 1168 1530 bonum
1217 1479 1323 1543 est,
1361 1481 1676 1542 sectantes,
1721 1476 2086 1530 abstinentes

438 1579 474 1618 a
504 1562 799 1618 scandalis
859 1569 918 1617 et
968 1580 1002 1618 a
1053 1563 1219 1617 falsis
1273 1564 1555 1619 fratribus
1598 1570 1656 1619 et
1685 1564 1756 1619 ab
1789 1565 1861 1618 iis
1893 1564 1992 1634 qui
2023 1565 2086 1618 in

439 1652 736 1724 hypocrisi
769 1668 989 1706 nomen
1023 1653 1260 1706 Domini
1291 1653 1510 1722 ferunt,
1547 1654 1648 1724 qui
1681 1669 1860 1708 vanos
1892 1654 2086 1709 homi—

439 1758 546 1796 nes
577 1742 638 1796 in
665 1757 927 1797 errorem
953 1741 1266 1797 inducunt.

2191 581 2335 657 χὲως
2368 583 2708 645 πιστεύοντες
2761 583 2897 638 κατὰ
2951 600 3115 646 τινος⁸
3181 583 3255 654 μή
3315 581 3570 656 ἀπότομοι
3603 582 3646 639 ἒν
3673 589 3756 660 xci.

2193 693 2295 738 σει,
2344 669 2551 737 εἶδότες
2607 670 2691 728 ὅτι
2751 672 2945 734 πάντες
3005 671 3281 751 ὀφειλέται
3336 671 3483 743 ἐσμὲν
3532 674 3760 749 ἁμαρτίας,

2193 758 2260 816 Ei
2289 759 2381 815 οὖν
2416 759 2647 835 δεόμεθα
2703 765 2798 817 τοῦ
2859 760 3063 837 Κυρίου
3118 759 3209 814 ’ίνα
3267 763 3400 833 ἡμῖν
3432 760 3554 840 ἁφῇ,
3589 763 3764 842 (Basilo-

2197 870 2289 923 μεν
2349 850 2438 905 καὶ
2497 852 2658 923 ἡμεῖς
2714 849 2941 929 ἀφιέναι·
2995 851 3245 904 ἆπὲνσντι
3301 850 3400 924 γὰρ
3443 855 3544 904 τῶν
3570 857 3651 906 τοῦ
3678 859 3762 908 Κυ-

2193 937 2312 1013 ρίου
2365 938 2454 994 καὶ
2511 943 2644 994 Θεοῦ
2712 938 3199 1014 ἐσμενόφθαλμῶν,
3271 939 3359 992 καὶ
3421 962 3441 990 ι
3493 941 3667 1002 πάντας
3711 941 3768 997 δεῖ

2192 1034 2532 1102 παραστῆναι
2589 1032 2668 1100 τῷ
2726 1029 2934 1102 βήματι
2991 1031 3088 1082 τοῦ
3151 1029 3413 1099 Χριστοῦ,
3466 1029 3551 1081 καὶ
3598 1026 3769 1086 ἕκαστον

2203 1118 2217 1139 τ
2272 1117 2286 1134 κ
2525 1121 2550 1132 υ
2666 1116 2676 1134 ο
2903 1120 2928 1131 «-
3216 1112 3243 1152 τι
3437 1114 3481 1151 τι
3528 1113 3548 1133 κ
3667 1118 3685 1151 ,ι

2198 1135 2330 1190 υπερ
2363 1117 2554 1171 ἑαυτου
2613 1115 2777 1193 λογον
2837 1114 3043 1174 δουναι.
3081 1140 3107 1168 »
3167 1118 3354 1179 Οδτως
3407 1137 3493 1171 ou:
3525 1115 3770 1174 οουλεδσω-

2199 1226 2292 1280 μεν
2325 1207 2475 1278 αὐτῴ
2535 1205 2671 1278 μετᾶ
2726 1200 2900 1282 φόϐου
2958 1205 3050 1260 καὶ
3106 1207 3283 1274 πάσης
3327 1200 3614 1272 εὐλαϐείας,
3639 1209 3773 1267 καθὼς

2194 1295 2357 1357 αὐτὸς
2391 1293 2713 1364 ἐνετείλατο,
2770 1295 2861 1349 καὶ
2919 1295 2972 1350 οἱ
3031 1292 3510 1371 εὖαγγελισάμενοι
3555 1297 3775 1369 ἡμῖνΠῇ

2195 1383 2518 1452 ἀπόστολοι,
2558 1385 2646 1439 καὶ
2709 1385 2760 1438 οἱ
2817 1391 3114 1462 προφῆται,
3175 1383 3227 1438 οἱ
3283 1384 3685 1457 προγηρόξαντες
3709 1386 3780 1452 τήν

2196 1472 2404 1528 ἕλευσιν
2450 1477 2545 1528 τοῦ
2603 1474 2806 1548 Κυρίου
2865 1475 3047 1546 ἡμῶνο
3109 1471 3353 1542 ζηλωταὶ
3411 1473 3528 1546 περὶ
3555 1473 3609 1526 τὸ
3633 1473 3780 1540 καλὸν,

2195 1557 2537 1641 ἀπεχόμενοι
2594 1568 2700 1616 τῶν
2753 1559 3070 1617 σκανδάλων
3130 1562 3222 1616 καὶ
3287 1566 3395 1616 τῶν
3454 1559 3778 1640 ψευδαδέλφων

2193 1653 2421 1707 καὶτῶν
2455 1648 2508 1704 ἒν
2568 1650 2848 1725 ὑποκρίσει
2903 1652 3171 1729 φερόντων
3229 1651 3291 1706 τὸ
3344 1649 3514 1721 ὄνομα
3712 1657 3780 1706 τοῦ

2119 1729 2163 1792 Β
2197 1740 2415 1816 Κυρίου,
2451 1738 2646 1802 οἵτινες
2677 1739 3031 1796 ἀποπλανῶσι
3071 1741 3258 1802 κενοὺς
3288 1741 3611 1812 ἀνθρώπους.

1251 1897 1367 1952 VII.
1398 1898 1594 1967 Fugite
1626 1899 1866 1965 Docetas,
1902 1904 1951 1953 et
1973 1904 2318 1969 perseverate
2349 1901 2406 1954 in
2427 1899 2664 1970 jejuniis
2693 1905 2745 1954 et
2776 1901 3044 1955 oratione.

507 2063 533 2090 «
572 2040 774 2096 Omnis
807 2041 967 2095 enim
1011 2040 1110 2111 qui
1170 2057 1291 2096 non
1348 2040 1654 2096 confessus
1684 2041 1864 2096 fuerit
1889 2043 2090 2097 Jesum

437 2129 737 2184 Christum
769 2131 830 2184 in
875 2146 1052 2185 carne
1105 2129 1358 2198 venisse,
1390 2131 1788 2184 Antichristus
1828 2137 1917 2184 est
1945 2131 1990 2164 ³³
2019 2148 2032 2197 ;
2061 2152 2088 2179 ››

437 2223 497 2271 et
527 2218 628 2287 qui
663 2234 783 2271 non
814 2219 1118 2273 confessus
1165 2217 1343 2272 fuerit
1389 2219 1740 2288 martyrium
1773 2219 1984 2283 crucis,
2023 2235 2093 2273 ex

442 2305 680 2360 diabolo
713 2313 836 2372 est;
899 2312 956 2362 et
996 2307 1096 2377 qui
1124 2307 1372 2377 Eloquia
1424 2307 1658 2362 Domini
1693 2307 1766 2362 ad
1799 2307 2094 2363 desideria

443 2411 552 2450 sua
583 2395 930 2463 traduxerit,
963 2396 1297 2466 dixeritque
1320 2413 1429 2450 nec
1453 2397 1953 2451 resurrectionem
1984 2414 2093 2452 nec

437 2480 732 2554 judicium
760 2499 909 2550 esse,
942 2484 1040 2538 hic
1097 2484 1524 2555 primogenitus
1555 2491 1645 2539 est
1674 2485 1922 2540 Satanae.
1957 2485 2092 2540 ldeo

439 2569 852 2640 relinquentes
882 2573 1202 2627 vanitatem
1235 2573 1555 2628 multorum
1587 2579 1644 2628 et
1671 2573 1851 2628 falsas
1882 2573 2096 2628 doctri-

441 2674 574 2725 nas,
606 2660 680 2714 ad
715 2661 991 2716 traditam
1046 2663 1218 2717 nobis
1277 2663 1349 2717 ab
1409 2662 1582 2717 initio
1637 2663 1968 2717 doctrinam
1999 2678 2096 2716 re-

438 2754 741 2804 vertamur
760 2749 826 2813 ³³,
860 2773 887 2800 ‹‹
918 2750 1226 2823 vigilantes
1257 2752 1319 2806 in
1353 2751 1724 2807 orationibus
1744 2752 1791 2786 3"
1814 2775 1841 2802 ››
1877 2759 1936 2806 et
1961 2769 2096 2823 per-

440 2843 780 2894 severantes
809 2839 871 2894 in
897 2840 1172 2911 jejuniis,
1207 2840 1481 2912 precibus
1523 2847 1798 2913 rogantes
1828 2841 2095 2896 omnium

439 2935 886 2998 conspectorem
925 2933 1126 2994 Deum,
1161 2953 1187 2982 ‹‹
1223 2947 1298 2985 ne
1321 2948 1428 2986 nos
1447 2931 1690 2986 inducat
1719 2932 1782 2986 in
1814 2931 2095 2986 tentatio-

437 3031 577 3070 nem
598 3016 665 3086 ⁸⁵,
699 3039 726 3066 ››
761 3018 914 3073 sicut
943 3019 1086 3074 dicit
1118 3021 1402 3076 Dominus
1429 3036 1440 3073 :
1493 3040 1524 3072 ιι
1556 3020 1810 3090 Spiritus
1851 3019 2093 3090 quidem

440 3112 753 3176 promptus
785 3113 894 3176 est,
928 3123 1062 3162 caro
1095 3114 1293 3164 autem
1325 3108 1565 3164 inﬁrma
1585 3107 1650 3164 ³⁸.
1676 3132 1695 3158 ο

2271 2066 2298 2092 ‹‹
2339 2043 2446 2101 ΙΙᾶς
2495 2042 2620 2115 γὰρ,
2681 2042 2742 2102 ὅς
2799 2038 2859 2095 ἃν
2919 2042 2996 2112 μὴ
3056 2038 3334 2116 ὁμολογῇ,
3369 2042 3569 2110 Ἰησοῦν
3609 2043 3786 2115 Χριστὸν

2201 2128 2254 2183 ἐν
2315 2128 2472 2203 σαρκί
2533 2127 2876 2199 ἐληλυθέναι,
2931 2130 3304 2204 Ἀντίχριστος
3361 2129 3492 2185 ἐστι’
3525 2128 3787 2192 »καὶὸςῶ

2206 2221 2280 2291 μὴ
2315 2219 2566 2293 ὁμολογῇ
2613 2220 2676 2274 τὸ
2730 2219 3025 2293 μαρτύριον
3071 2224 3168 2274 τοῦ
3217 2225 3472 2293 σταυροῦ,
3519 2217 3575 2273 ἐκ
3599 2223 3682 2274 τοῦ
3705 2217 3792 2273 δια-

2203 2303 2374 2362 ϐόλου
2434 2307 2568 2364 ἐστί·
2627 2309 2716 2363 καὶ
2766 2309 2824 2370 ὃς
2875 2308 2934 2364 ἂν
2997 2306 3262 2383 μεθοδεύῃ
3297 2311 3368 2364 τὰ
3399 2310 3564 2385 Λόγια
3604 2314 3686 2364 τοῦ
3719 2316 3792 2363 Κυ-

2203 2396 2324 2470 ρίου
2383 2398 2518 2473 πρὸς
2571 2399 2667 2460 τὰς
2746 2397 2885 2460 ἰδίας
2971 2397 3287 2472 ἐπιθυμίας,
3343 2399 3432 2454 καὶ
3490 2397 3639 2474 λέγῃ,
3689 2400 3792 2470 μήτε

2201 2486 2486 2541 ἀνάστασιν
2538 2489 2674 2558 μήτε
2729 2487 2905 2562 κρίσιν
2955 2493 3114 2558 εἰναι,
3147 2488 3306 2549 οὗτος
3346 2487 3676 2561 πρωτότοκός
3713 2485 3791 2540 ἐστι

2200 2581 2302 2632 τοῦ
2336 2581 2561 2631 Σατανᾶ.
2597 2577 2690 2631 Διὸ
2745 2574 3136 2637 ἀπολείποντες
3196 2579 3308 2648 (74)
3365 2579 3466 2645 τήν
3519 2575 3791 2646 ματαιότητι

2201 2667 2311 2721 τῶν
2344 2662 2571 2720 πολλῶν
2623 2665 2712 2719 καὶ
2769 2665 2865 2728 τὰς
2923 2661 3456 2738 ψευδοδιδασκαλίας
3487 2667 3612 2738 (75),
3641 2663 3794 2719 ἐπὶτὸν

2205 2755 2256 2824 ἐξ
2317 2753 2497 2828 ἀρχῆς
2556 2756 2691 2826 ἡμῖν
2753 2750 3122 2828 παραδοθέντα
3202 2752 3369 2826 λόγον
3423 2753 3791 2828 ἐπιστρέψωμεν,

2207 2867 2236 2896 ‹‹
2269 2846 2531 2916 νήφοντες
2564 2844 2699 2917 πρὸς
2729 2844 2824 2904 τὰς
2866 2843 3056 2919 εὐχὰς,
3093 2867 3120 2894 ››
3177 2843 3268 2898 καὶ
3329 2846 3794 2917 προσκαρτεροῦντες

2205 2933 2502 3002 νηστείαις,
2574 2929 2818 3003 δεήσεσιν
2905 2931 3223 3005 αῒτοὺμενοι
3307 2932 3401 2988 τὸν
3479 2932 3797 2997 παντεπόπτην

2209 3022 2360 3091 Θεὸν,
2445 3047 2474 3073 ‹‹
2540 3023 2614 3094 μὴ
2679 3021 2996 3097 εἰσενεγκεῖν
3073 3024 3224 3095 ἡμᾶς
3300 3022 3377 3084 εἰς
3449 3021 3735 3096 πειρασμὸν,
3777 3043 3795 3068 ν

2136 3114 2178 3181 C
2209 3111 2385 3172 καθὼς
2417 3111 2566 3165 εἶπεν
2598 3111 2625 3165 ὁ
2657 3110 2885 3184 Κύριος·
2950 3134 2978 3163 ‹‹
3012 3111 3088 3168 Τὸ
3147 3112 3243 3185 μὲν
3302 3115 3518 3184 πνεῦμα
3554 3113 3797 3184 πρόθυμον,

2201 3201 2236 3269 ἡ
2270 3197 2327 3254 δὲ
2359 3199 2484 3274 σὰρξ
2517 3197 2771 3270 ἀσθενής.
2817 3224 2846 3252 ››

1555 3334 1698 3388 VIII.
1729 3335 2066 3389 Perseverate
2087 3335 2145 3388 in
2174 3348 2268 3405 Spe
2293 3341 2345 3389 et
2376 3333 2437 3390 in
2460 3336 2762 3406 patientia.

526 3483 940 3539 Indesinenter
993 3501 1130 3556 ergo
1185 3501 1632 3556 perseveremus
1660 3486 1721 3541 in
1772 3503 1873 3557 spe
1904 3490 2106 3540 nostra

454 3578 513 3628 et
541 3575 788 3646 pignore
802 3574 1051 3646 justitiaa
1075 3581 1312 3642 nostraa,
1339 3575 1496 3645 quod
1518 3579 1608 3630 est
1630 3576 1896 3630 Christus
1915 3576 2103 3642 Iesus,

453 3687 482 3713 ‹‹
513 3665 613 3734 qui
644 3671 887 3735 peccata
913 3670 1116 3719 nostra
1146 3666 1206 3720 in
1238 3682 1488 3737 corpore
1533 3682 1638 3720 suo
1670 3683 1850 3737 super
1877 3665 2104 3738 lignum

451 3753 698 3824 pertulit
717 3753 780 3821 ³⁷,
816 3754 914 3824 qui
961 3761 1268 3824 peccatum
1319 3771 1440 3809 non
1489 3753 1645 3822 fecit,
1677 3771 1788 3810 nec
1832 3755 2106 3809 inventus

455 3851 545 3898 est
573 3843 742 3899 dolus
772 3845 833 3898 in
865 3861 967 3898 ore
992 3845 1121 3916 ejus
1143 3843 1229 3910 33;
1264 3867 1290 3896 ι)
1344 3845 1445 3899 sed
1496 3851 1736 3916 propter
1782 3862 1910 3911 nos,
1941 3850 2008 3900 ut
2046 3844 2108 3898 in

454 3934 582 4004 ipso
613 3933 957 4000 vivamus”,
992 3934 1192 3988 omnia
1236 3934 1538 3989 sustinuit.
1566 3932 1900 3988 lmitatores
1932 3933 2109 4002 igitur

457 4023 643 4077 simus
679 4023 976 4089 patientia:
1011 4024 1177 4094 ejus;
1211 4029 1270 4076 et
1315 4024 1363 4078 si
1396 4023 1691 4094 patiamur
1723 4028 1963 4093 propter
1991 4038 2106 4076 no-

457 4128 596 4166 men
647 4112 776 4180 ejus
798 4112 864 4174 “,
925 4110 1110 4182 gloria
1166 4111 1340 4166 illum
1398 4111 1747 4167 afﬁciamus.
1801 4113 1919 4166 Hoc
1951 4112 2108 4167 enim

461 4197 795 4269 exemplum
854 4199 1025 4254 nobis
1083 4200 1282 4270 posuit
1334 4201 1396 4255 in
1454 4217 1516 4255 se
1573 4201 1724 4271 ipso,
1785 4208 1841 4256 et
1890 4219 2001 4257 nos
2049 4200 2110 4255 id

462 4286 845 4343 credidimus.

2284 3481 2677 3546 Ἀδιαλείπτως
2751 3481 2840 3538 οὖν
2919 3488 3416 3558 προπαρτερῶμεν
3513 3487 3578 3556 τῇ
3668 3474 3800 3533 ἐλπίδι

2213 3576 2378 3648 ἡμῶν
2434 3576 2523 3629 καὶ
2581 3578 2662 3646 τῷ
2715 3567 2993 3647 ἀῤῥαϐὣνι
3046 3580 3145 3642 τῆς
3205 3570 3555 3643 δικαιοσύνης
3592 3567 3802 3642 intimi}:

2215 3663 2325 3720 ἐστι
2386 3661 2618 3740 Χριστός
2675 3664 2911 3732 Ἰησοῦς,
2989 3685 3016 3712 ‹‹
3073 3663 3131 3723 ’ὀς
3189 3663 3480 3739 ἀνήνεγκεν
3552 3665 3693 3732 ἡμῶν
3739 3656 3802 3714 τὰς

2215 3753 2483 3828 ἅμαρτίας
2530 3757 2607 3823 τῷ
2667 3749 2788 3822 ἰδίῳ
2847 3750 3061 3823 σώματι
3121 3751 3207 3806 ἐπὶ
3263 3753 3328 3806 τὸ
3387 3748 3648 3821 ξόλον,ὃς
3673 3748 3802 3818 ἁμαρ·

2214 3843 2331 3898 τίαν
2365 3842 2465 3897 οὐκ
2493 3840 2769 3912 ἐποίησεν,
2827 3839 2950 3895 οὐδὲ
2997 3841 3187 3916 εὑρέθη
3222 3838 3390 3902 δόλος
3421 3839 3473 3894 ἐν
3520 3845 3595 3910 τῷ
3628 3838 3800 3905 στόματι

2471 3957 2491 3981 ιι
2551 3927 2698 3985 ἀλλὰ
2757 3926 2827 3983 δι’
2914 3932 3084 4002 ἡμᾶς,
3136 3927 3227 3984 ’ίνα
3277 3931 3530 4002 ζήσωμεν
3586 3927 3633 3982 ἐν
3681 3922 3799 3989 αὐτῷ,

2216 4022 2389 4075 πάντα
2451 4018 2705 4091 ὑπέμεινε
2759 4021 2893 4091 (76).
2965 4018 3211 4091 Μιμηταὶ
3273 4017 3370 4072 οῦν
3429 4017 3690 4093 γενώμεθα
3731 4014 3800 4073 τῆς

2223 4112 2501 4182 ὑπομονῆς
2561 4107 2746 4163 αὐτοῦ’
2808 4108 2895 4161 καὶ
2955 4107 3042 4160 ἐὰν
3103 4109 3410 4182 πάσχωμεν
3444 4105 3530 4162 διὰ
3573 4106 3630 4160 τὸ
3679 4098 3802 4171 ὄνομα

2218 4199 2404 4268 αὐτοῦ,
2437 4196 2747 4269 δοξάζωμεν
2790 4201 2901 4269 (77)
2948 4195 3129 4254 αὐτόν.
3187 4199 3393 4252 Τοῦτον
3454 4197 3555 4273 γὰρ
3599 4197 3713 4266 ἡμῖν
3737 4189 3799 4242 τὸν

2222 4288 2586 4363 ὑπογραμμὸν
2647 4283 2808 4356 ἔθηκε
2856 4283 2925 4340 δι’
2983 4285 3196 4356 ἑαυτοῦ,
3226 4286 3314 4340 καὶ
3368 4287 3530 4358 ἡμεῖς
3558 4287 3698 4338 τοῦτο
3723 4279 3802 4352 (78)

2217 3932 2402 3987 αὐτοῦ·

2147 4369 2192 4434 D
2221 4378 2630 4452 ἐπιστεύσαμεν.

1428 4529 1528 4586 ΙΧ.
1559 4531 1877 4586 Εωενσθαίίε
1898 4531 2230 4600 patientiam
2252 4523 2508 4596 exemplo
2537 4524 2766 4594 lgnatii,
2802 4528 2910 4578 etc.

436 4665 443 4674 ’
543 4672 699 4742 Rogo
728 4670 929 4744 itaque
961 4688 1064 4727 vos
1113 4689 1342 4740 omnes,
1377 4679 1443 4728 ut
1489 4673 1779 4730 obediatis
1815 4673 1987 4730 verbo
2010 4673 2114 4746 ju-

537 4852 583 4887 ⁸ο
615 4851 780 4907 Mtth.
817 4869 891 4922 γι,
931 4856 1009 4913 l2.
1049 4855 1133 4908 14.
1211 4853 1254 4890 ³¹
1292 4857 1457 4910 Rom.
1493 4872 1606 4917 xxv,
1641 4857 1726 4922 10,
1761 4855 1844 4909 12.

1937 4853 1982 4888 ³²
2012 4855 2035 4907 Ι
2063 4855 2229 4909 Joan.
2264 4869 2340 4916 ιν,
2371 4854 2422 4906 3.

2293 4673 2402 4745 ('79)
2451 4664 2764 4744 Ηαρακαλῶ
2819 4663 2911 4722 οῦν
2973 4664 3170 4730 πάντας
3221 4665 3363 4739 ὑμὰς
3414 4665 3706 4741 πειθαρχεῖν
3749 4657 3800 4721 τῷ

2519 4849 2567 4885 ³³
2594 4848 2724 4905 Jud.
2759 4851 2811 4905 3.
2905 4849 2998 4902 ⁸⁸1
3029 4851 3184 4904 Petr.
3223 4865 3299 4911 IV,
3332 4853 3384 4902 7.
3487 4848 3532 4884 ³⁸
3559 4842 3730 4902 Matth.
3751 4853 3804 4895 Vl.

468 4925 533 4978 13
559 4939 572 4990 ;
603 4941 755 4991 xxvx,
787 4914 890 4978 41.’
952 4924 999 4958 ³⁵
1030 4925 1231 4980 Matth.
1267 4943 1420 4993 xxvn,
1455 4927 1518 4979 41
1549 4942 1564 4992 ;
1593 4914 1763 4982 Marc.
1798 4943 1908 4992 xxv,
1943 4927 2030 4980 38.

2229 4914 2384 4979 Petr.
2413 4940 2471 4987 ιι,
2504 4924 2592 4976 24.
2671 4919 2717 4956 ³⁸
2745 4921 2916 4989 Ibid.,
2948 4924 3036 4975 22.
3112 4920 3160 4956 '9
3193 4922 3398 4976 lJoan.
3434 4937 3508 4988 IV,
3539 4923 3588 4972 9.
3656 4914 3696 4949 ιθ
3718 4915 3804 4965 Ael-

466 5012 523 5066 v,
555 4998 617 5050 41
648 5011 661 5062 ;
693 4997 718 5050 l
746 4997 904 5064 Petr,
937 5012 1008 5062 ιν,
1045 4998 1128 5052 16.

542 5165 652 5235 (72)
684 5165 784 5218 Ms.
818 5164 990 5233 ἡμᾶς.

542 5232 655 5306 (73)
686 5237 801 5293 ΟΪΓ.
835 5232 957 5309 Ign.
1017 5237 1090 5291 ad
1143 5237 1280 5307 Eph.
1340 5253 1390 5291 c.
1439 5242 1508 5293 7:
1570 5233 1721 5309 δόλῳ
1776 5239 2001 5308 πονηρῷ
2057 5232 2118 5289 τὸ

472 5303 646 5376 ὄνομα
678 5303 1008 5380 περιφέρειν.
1041 5309 1156 5364 JAC.

543 5380 656 5451 (74)
682 5379 1086 5451 ΔΙῐθηθχιῐνίίηιε
1131 5379 1299 5435 codd.
1342 5380 1603 5435 restituit
1627 5379 1986 5435 Jacobsonus
2015 5395 2120 5450 pro

473 5448 1070 5524 νοιςζάπολιπόντες,
1112 5453 1474 5524 Polycarpus
1529 5453 1860 5524 respexisse
1893 5448 2124 5506 videtur

475 5521 670 5595 locum
701 5524 763 5595 S._
791 5522 1130 5590 Clementis,
1166 5521 1262 5595 ep.
1305 5542 1321 5578 ι
1352 5521 1425 5578 ad
1467 5521 1739 5592 Corin'th.,
1773 5540 1822 5579 c.
1855 5526 1908 5578 ’7.

556 5591 666 5733 E75)
699 5593 814 5648 Cfr.
848 5610 1024 5664 supra
1055 5611 1106 5649 c.
1139 5597 1192 5649 2.

583 5664 671 5728 76)
702 5663 818 5719 Cl‘r.
852 5663 974 5733 Ign.
1025 5665 1098 5718 ad
1154 5667 1192 5720 P

583 5663 818 5728 76)Cl'l‘.
852 5663 974 5735 Ign.
1025 5665 1098 5718 ad
1154 5665 1340 5736 Polyc.
1381 5683 1431 5722 c.
1487 5668 1558 5720 3:
1613 5663 1705 5718 τὸν
1760 5664 1895 5718 κατὰ
1953 5663 2126 5718 πάντα

2228 5156 2716 5238 τρόπον-δι’ᾐμᾶς
2746 5157 3158 5238 ὗπομείναντακ
3215 5233 3261 5238 __
3321 5231 3358 5238 __
3459 5231 3478 5238 _
3676 5223 3705 5238 ﬂ

2303 5235 2535 5304 (77)_Ita
2561 5233 2926 5287 Jacobsonus
2973 5249 3003 5287 e
3053 5231 3183 5288 cod.
3213 5231 3803 5288 Medico-Laurentiano.

2231 5299 2740 5377 νύὶεξδοξάζομεν.
2841 5375 2854 5377 ξ
2951 5375 2956 5377 _
3093 5375 3101 5377 _
3423 5375 3441 5377 η
3639 5367 3684 5377 ..

2448 5359 2515 5430 1λῖ
2535 5359 2734 5445 «Mm.
2770 5375 2880 5443 vel,
2916 5375 2960 5430 si
2996 5375 3326 5431 retineatur
3352 5375 3532 5440 τοῦτο,
3573 5359 3801 5424 subintel-

2239 5448 2352 5520 lige
2384 5446 2514 5500 εἶναι
2549 5449 2737 5520 ΞΜΙΤῌ.

2307 5499 2417 5591 ξ79)
2451 5499 2754 5574 τοιὶιὲἰιῖέ
2784 5517 2950 5573 locus
2994 5535 3180 5591 usque
3233 5517 3314 5591 ad
3363 5511 3638 5570 ἀναστάντα
3667 5510 3735 5562 est
3759 5499 3807 5553 ab

2235 5589 2485 5647 Eusebio
2518 5591 2826 5663 repetitus,
2858 5591 3002 5647 Hist.
3036 5589 3165 5644 ccci.
3191 5606 3274 5657 ιιι,
3298 5590 3383 5644 36.
