4004 6218
264 374 420 436 1017

1387 374 1767 436 EPISTOLA
1812 378 1916 434 AD
1967 375 2560 436 PHILIPPENSES.

3515 377 3671 440 1018

259 517 355 565 tas
388 510 524 564 ﬁdei
557 514 765 564 vestra:
797 526 831 564 a
856 509 1146 581 principio
1175 527 1360 581 usque
1394 527 1550 565 nunc
1583 513 1913 581 permanet,
1945 510 1999 576 Α
2028 525 2214 577 mum,
2246 509 2553 565 ambulare
2587 510 2646 565 in
2672 510 2968 566 mandatis
2993 510 3225 566 Domini
3252 527 3266 577 ;
3299 517 3358 566 et
3402 517 3535 582 post
3563 511 3678 568 hoc

261 607 322 654 et
351 599 673 654 fructificat
704 599 766 652 in
799 598 1047 653 Domino
1077 601 1214 654 Jesu
1241 600 1493 666 Christo,
1525 600 1622 670 qui
1640 599 1920 653 sustinuit

267 708 372 761 pro
403 689 659 760 peccatis
692 689 910 742 nostris
971 705 1154 759 usque
1206 688 1277 743 ad
1336 693 1626 742 mortem:
1679 710 1706 736 «
1742 705 1918 758 quem

269 779 641 834 resuscitavit
674 780 848 845 Deus,
909 779 1235 834 dissolvens
1282 779 1513 833 dolores
1559 778 1769 832 inferni
1825 777 1916 831 ‘4:

272 885 450 939 quem
481 885 614 922 cum
650 886 770 922 non
803 867 1085 934 videritis,
1121 885 1278 922 nunc
1311 867 1553 939 diligitis
1581 885 1594 933 ;
1633 868 1690 920 in
1741 883 1919 937 quem

271 975 430 1012 nunc
460 974 580 1012 non
612 958 988 1028 aspicientes,
1023 957 1302 1022 creditis;
1355 957 1663 1011 credentes
1720 960 1919 1010 autem

267 1047 602 1118 gaudebitis
621 1047 836 1119 gaudio
862 1047 1337 1110 inenarrabili,et
1359 1047 1652 1118 glorificat
1669 1083 1685 1098 ..
1711 1044 1784 1110 55;
1813 1067 1840 1093 »
1859 1045 1920 1099 in

269 1136 426 1206 quod
455 1136 624 1190 multi
643 1135 986 1191 desiderant
1009 1137 1283 1203 introire;
1309 1137 1564 1190 scientes
1587 1135 1725 1206 quia
1743 1158 1768 1183 ‹‹
1790 1150 1918 1207 gra-

266 1226 348 1280 tia
378 1224 521 1280 salvi
553 1225 689 1280 facti
724 1225 886 1292 estis,
924 1245 948 1276 ι
986 1243 1108 1280 non
1140 1243 1210 1280 ex
1268 1225 1546 1297 operibus
1593 1224 1660 1290 ⁵⁸,
1711 1223 1806 1278 sed
1857 1223 1919 1278 in

268 1313 568 1368 voluntate
599 1313 726 1380 Dei,
759 1328 864 1383 per
891 1314 1088 1367 Jesum
1123 1311 1442 1366 Christum.

339 1403 411 1456 ll.
447 1426 473 1452 «
510 1406 752 1473 Propter
780 1401 941 1472 quod
972 1401 1256 1456 succincti
1317 1400 1550 1455 lumbos
1599 1404 1822 1454 vestros
1853 1399 1916 1466 ⁵⁷,

273 1493 486 1547 servite
518 1493 636 1546 Deo
656 1509 790 1548 cum
816 1493 1027 1547 timore
1046 1493 1110 1553 ⁸⁸,
1137 1513 1163 1541 ››
1194 1497 1250 1546 et
1277 1492 1338 1546 in
1361 1491 1604 1546 veritate
1629 1506 1641 1555 ;
1674 1489 1919 1544 dimisso

264 1581 434 1635 inani
459 1581 797 1652 vaniloquio
813 1589 871 1636 et
895 1581 1078 1635 multo
1096 1579 1142 1614 59
1162 1597 1382 1636 errore.
1402 1578 1675 1634 «Credite
1699 1595 1836 1650 ergo
1858 1579 1918 1632 in

263 1669 436 1724 illum
469 1671 570 1740 qui
613 1671 988 1725 resuscitavit
1037 1671 1353 1724 Dominum
1403 1675 1673 1723 nostrum
1719 1669 1918 1722 Jesum

267 1759 566 1814 Christum
599 1776 667 1814 ex
701 1760 968 1823 mortuis,
1004 1766 1061 1813 et
1091 1759 1254 1814 dedit
1307 1759 1358 1813 ei
1407 1758 1656 1830 gloriam
1685 1757 1752 1824 5°,
1792 1781 1815 1804 ι)
1861 1763 1920 1810 et

266 1847 472 1902 sedem
498 1850 556 1902 in
580 1849 821 1904 dextera
842 1865 979 1903 sua:
1002 1849 1094 1904 cui
1119 1846 1385 1919 subjecta
1406 1853 1545 1902 sunt
1576 1846 1775 1902 omnia
1805 1863 1887 1900 ea:
1951 1872 1994 1936 Β

265 1936 458 2001 lestia,
493 1945 552 1992 et
582 1939 904 2005 terrestria,
938 1943 996 1992 et
1033 1937 1420 1992 subterranea
1448 1937 1488 1970 ⁶¹
1519 1952 1531 1990 :
1567 1935 1658 1990 cui
1719 1935 1913 1989 omnis

265 2027 511 2096 spiritus
545 2027 722 2081 servit
756 2045 768 2093 ;
795 2028 892 2097 qui
927 2032 1208 2080 venturus
1241 2025 1621 2096 estjudicare
1669 2025 1826 2078 vivos
1857 2027 1915 2076 et

267 2122 572 2170 mortuos:
608 2118 777 2187 cujus
809 2116 1158 2187 sanguinem
1191 2116 1455 2185 requiret
1503 2116 1658 2168 Deus
1710 2113 1781 2168 ab
1828 2114 1914 2168 eis

263 2204 367 2272 qui
399 2221 518 2258 non
550 2203 930 2258 crediderunt
959 2203 1020 2257 in
1052 2219 1226 2256 eum:
1285 2203 1384 2272 qui
1445 2207 1503 2256 et
1546 2200 1916 2256 resuscitavit

265 2308 400 2346 eum
433 2310 466 2346 a
506 2293 796 2347 mortuis:
831 2293 930 2362 qui
968 2298 1023 2345 et
1062 2309 1172 2346 nos
1202 2291 1665 2346 resuscitaturus
1716 2296 1803 2345 est
1851 2289 1912 2343 in

265 2382 381 2436 vita
409 2381 476 2447 ⁸³,
510 2381 558 2434 si
589 2381 906 2435 fecerimus
927 2379 1290 2435 voluntatem
1316 2380 1464 2451 ejus,
1482 2385 1541 2434 et
1560 2378 1909 2434 ambulave-

266 2471 454 2524 rimus
484 2470 546 2524 in
581 2470 875 2525 mandatis
906 2469 1115 2540 ipsius,
1137 2476 1195 2523 et
1216 2469 1602 2523 dilexerimus
1624 2485 1754 2538 quas
1786 2468 1911 2539 ipse

266 2559 476 2614 dilexit
502 2577 515 2614 :
552 2559 916 2614 abstinentes
947 2575 1054 2613 nos
1077 2558 1148 2613 ab
1168 2559 1330 2613 omni
1356 2557 1786 2630 injustitia,hoc
1801 2563 1908 2625 est,

265 2666 298 2703 a
359 2649 858 2718 concupiscentia,
916 2648 988 2704 ab
1047 2648 1312 2712 avaritia,
1372 2664 1405 2702 a
1461 2647 1914 2714 detractione,a

265 2737 412 2793 falso
446 2737 824 2793 testimonio:
890 2761 908 2785 ι
974 2754 1094 2790 ιιοιι
1151 2735 1469 2791 reddentes
1527 2735 1747 2790 malum
1806 2753 1912 2807 pro

261 2828 444 2895 malo,
477 2834 580 2882 aut
609 2827 890 2899 injuriam
924 2844 1028 2898 pro
1061 2826 1283 2897 injuria
1312 2825 1381 2894 ⁸³,
1414 2851 1440 2880 υ
1474 2832 1577 2881 aut
1605 2832 1914 2880 contume-

260 2918 405 2972 liam
436 2935 540 2989 pro
573 2917 956 2980 contumelia,
989 2923 1089 2972 aut
1121 2916 1504 2972 maledictum
1537 2934 1641 2987 pro
1677 2915 1914 2970 maledi-

257 3015 374 3064 cto.
411 3012 762 3064 Mementote
795 3008 952 3079 quod
987 3009 1272 3062 Dominus
1302 3007 1523 3062 docens
1546 3007 1728 3061 dixit:
1759 3029 1781 3058 α
1807 3008 1913 3061 Νο-

256 3098 756 3167 litejudicare,ne
774 3097 1130 3168 judicemini
1150 3115 1162 3164 ;
1186 3096 1485 3162 dimittite,
1510 3096 1913 3152 etdimittetur

253 3188 424 3242 vobis
457 3205 469 3240 :
506 3211 532 3235 n
570 3188 960 3255 miseremini,
996 3192 1052 3242 et
1085 3188 1370 3241 Dominus
1412 3187 1791 3242 miserebitur
1821 3205 1910 3243 ve-

2028 600 2205 654 etiam
2234 599 2514 654 mulieres
2537 606 2776 668 vestras,
2809 601 2869 654 in
2899 600 3012 654 fide
3031 617 3160 670 quae
3184 601 3321 655 data
3344 607 3431 654 est
3479 600 3584 669 eis,
3615 605 3673 655 et

2028 687 2366 756 dilectione,
2392 693 2446 742 et
2471 689 2738 744 castitate
2771 705 2783 754 ;
2809 694 3077 743 amantes
3102 705 3240 743 suos
3255 689 3406 742 viros
3428 689 3486 742 in
3506 689 3669 743 omni

2030 778 2272 831 veritate
2296 783 2355 832 et
2374 778 2682 840 charitate,
2707 778 3023 849 diligentes
3043 794 3249 832 omnes
3272 777 3580 848 aequaliter
3609 777 3670 832 in

2029 868 2190 920 omni
2224 867 2606 922 continentia.
2652 874 2710 921 et
2739 868 2894 922 ﬁlios
2927 866 3160 922 erudire
3195 867 3253 920 in
3278 867 3592 938 disciplina
3617 873 3675 920 et

2031 956 2241 1010 timore
2276 957 2397 1011 Dei.
2436 956 2631 1010 Vidua:
2665 975 2797 1011 vero
2830 956 3058 1028 pudicae
3079 957 3234 1011 circa
3259 956 3433 1010 fidem
3463 956 3559 1010 Dei
3587 956 3674 1009 in-

2028 1044 2344 1116 terpellent
2375 1046 2742 1100 incessanter
2771 1063 2874 1116 pro
2898 1045 3174 1100 omnibus
3201 1063 3211 1098 :
3246 1046 3592 1115 elongantes
3609 1061 3669 1099 se

2029 1134 2100 1188 ab
2133 1135 2407 1189 omnibus
2429 1133 2806 1189 diabolicis“
2837 1134 3556 1202 detractionibus,etfalso
3591 1139 3672 1188 te-

2031 1223 2329 1288 stimonio,
2363 1228 2422 1278 et
2449 1223 2522 1278 ab
2554 1223 2714 1278 omni
2749 1223 2904 1278 malo
2931 1239 2944 1288 ;
2977 1228 3400 1294 cognoscentes
3427 1223 3672 1292 seipsas,

2030 1311 2168 1382 quia
2199 1319 2338 1367 sunt
2367 1314 2690 1368 sacrarium
2738 1314 2872 1378 Dei;
2934 1313 3215 1383 quoniam
3267 1312 3470 1366 omnia
3519 1312 3671 1366 Deus

2029 1402 2332 1473 prospicit,
2367 1407 2425 1457 et
2455 1403 2602 1457 nihil
2633 1419 2769 1458 eum
2803 1403 2944 1457 latet
2973 1418 2986 1468 ;
3011 1419 3204 1472 neque
3237 1401 3534 1472 cogitatio,
3567 1417 3670 1454 ne-

2029 1507 2141 1562 que
2174 1492 2559 1560 conscientia,
2592 1509 2784 1562 neque
2816 1491 3054 1561 aliquod
3088 1490 3351 1546 abditum
3385 1490 3599 1545 cordis.

2103 1582 2160 1634 V.
2197 1581 2460 1636 Scientes
2493 1598 2628 1652 ergo
2661 1581 2802 1652 quia
2832 1605 2857 1630 u
2895 1582 3048 1636 Deus
3081 1597 3200 1634 non
3228 1579 3532 1635 deridetur
3550 1577 3616 1644 ‘9,
3645 1600 3673 1628 »

2029 1670 2314 1724 debemus
2345 1670 2518 1740 digne
2550 1671 2610 1723 in
2644 1669 2936 1724 mandatis
2967 1671 3118 1740 ejus,
3149 1674 3207 1723 et
3236 1668 3422 1740 gloria
3466 1667 3674 1722 ambu-

2029 1758 2170 1814 lare.
2206 1759 2493 1814 Similiter
2523 1759 2757 1814 diaconi
2782 1757 3172 1828 inculpabiles
3195 1758 3314 1812 sint
3345 1759 3404 1810 in
3431 1772 3672 1826 conspe-

2028 1856 2124 1902 ctu
2146 1848 2397 1920 justitize
2430 1848 2579 1919 ejus,
2613 1849 2763 1902 sicut
2790 1847 2894 1902 Dei
2925 1853 2978 1902 et
3011 1846 3223 1901 Christi
3285 1845 3562 1909 ministri,
3611 1849 3670 1899 et

2024 1953 2144 1992 non
2174 1938 2486 1992 hominum
2515 1956 2527 2004 ;
2559 1955 2680 1992 non
2709 1937 3140 2003 criminatores,
3163 1951 3356 2004 neque
3381 1935 3669 1988 detracto-

2025 2043 2139 2093 res,
2173 2043 2366 2098 neque
2396 2029 2551 2082 avari
2581 2045 2593 2092 ;
2625 2027 2728 2081 sed
2760 2027 2964 2081 omnia
2995 2026 3334 2092 tolerantes,
3369 2025 3428 2077 in
3470 2022 3667 2076 omni-

2023 2116 2133 2169 bus
2163 2117 2599 2185 misericordes,
2633 2116 2946 2188 diligentes
2968 2116 3028 2169 in
3051 2112 3670 2182 omnibus,ambulan-

2025 2208 2114 2258 tes
2145 2205 2205 2259 in
2237 2206 2480 2260 veritate
2513 2206 2767 2273 Domini,
2801 2205 2899 2276 qui
2921 2204 3112 2259 factus
3140 2208 3228 2258 est
3252 2203 3520 2257 minister
3541 2217 3666 2255 om-

2024 2292 2190 2346 nium
2217 2312 2231 2360 ;
2265 2295 2360 2349 cui
2392 2295 2438 2349 si
2471 2295 2948 2366 complaceamus
2969 2295 3013 2328 7°
3043 2293 3103 2347 in
3134 2293 3244 2347 hoc
3265 2291 3498 2355 saeculo,
3531 2306 3669 2360 per-

2025 2382 2314 2453 cipiemus
2342 2401 2409 2439 ea
2440 2402 2570 2454 qua:
2597 2385 2793 2440 futura
2827 2388 3001 2449 sunt;
3034 2382 3358 2437 secundum
3387 2380 3543 2451 quod
3574 2394 3669 2432 re-

2024 2475 2297 2542 promisit
2334 2475 2685 2529 resuscitare
2719 2491 2827 2528 nos
2858 2489 2892 2528 a
2924 2472 3192 2540 mortuis,
3219 2478 3276 2526 et
3295 2472 3342 2524 si
3389 2469 3561 2540 digne
3594 2483 3662 2523 eo

2023 2563 2350 2618 conversati
2374 2564 2684 2633 fuerimus,
2705 2565 2831 2619 etsi
2861 2562 3310 2623 crediderimus,
3337 2575 3662 2631 conregna-

2023 2654 2220 2708 bimus
2251 2670 2382 2708 cum
2425 2670 2514 2709 eo.
2546 2655 2796 2709 Juvenes
2826 2652 3098 2708 similiter
3129 2648 3515 2720 inculpabiles
3547 2647 3666 2702 sint

2023 2744 2084 2797 in
2115 2743 2388 2798 omnibus
2415 2759 2428 2809 ;
2461 2760 2698 2798 omnem
2731 2743 3126 2815 ignorantiam
3157 2739 3200 2773 7*
3249 2737 3665 2811 praevidentes,

2023 2833 2392 2888 refrenantes
2424 2849 2485 2887 se
2515 2833 2588 2888 ab
2623 2833 2786 2887 omni
2817 2832 2994 2887 malo.
3031 2832 3257 2886 Bonum
3281 2834 3371 2884 est
3396 2827 3552 2882 enim
3573 2825 3670 2880 ab-

2023 2922 2210 2978 scindi
2231 2922 2304 2977 ab
2331 2922 2606 2976 omnibus
2623 2921 3120 2992 concupiscentiis
3145 2916 3667 2982 mundi.Quoniam

2021 3011 2216 3066 omnis
2247 3011 2730 3082 concupiscentia
2782 3036 2807 3060 ‹‹
2843 3011 3122 3065 adversus
3179 3009 3450 3080 spiritum
3508 3004 3665 3059 mili-

2022 3101 2169 3156 ίίιῐ⁷²
2200 3117 2212 3166 ;
2249 3123 2276 3149 η
2308 3101 2448 3172 quia
2481 3123 2504 3152 ι
2530 3118 2724 3171 neque
2745 3101 3070 3168 fornicarii,
3091 3114 3284 3168 neque
3308 3095 3540 3159 molles,
3564 3109 3665 3148 ne-

2020 3207 2134 3261 que
2164 3190 2566 3245 masculorum
2589 3190 3026 3256 concubitores,
3058 3203 3305 3260 regnum
3338 3184 3438 3239 Dei
3471 3183 3667 3254 possi-

256 3276 387 3332 stri.
422 3298 448 3324 ‹‹
478 3276 603 3339 Qua
633 3275 792 3329 enim
823 3291 1106 3329 mensura
1133 3274 1324 3329 mensi
1359 3273 1610 3338 fueritis,
1631 3275 1907 3329 remetie-
1949 3249 1990 3314 Ο
2020 3280 2246 3335 debunt
2271 3282 2339 3348 ⁷³,
2374 3303 2401 3329 ››
2429 3297 2623 3351 neque
2654 3280 2864 3335 illicita.
2892 3279 3197 3334 facientes.
3228 3279 3474 3344 Propter
3505 3271 3664 3344 quod

262 3369 359 3418 tur
390 3363 597 3418 eadem
630 3363 793 3418 vobis
823 3363 891 3420 5‘.
929 3388 950 3415 ι
991 3365 1058 3417 Et
1091 3363 1247 3433 quod
1278 3363 1502 3418 dictum
1535 3367 1660 3418 est:
1686 3387 1714 3414 «
1754 3363 1911 3418 Beati

261 3469 554 3524 pauperes
585 3453 816 3524 spiritu,
850 3458 909 3508 et
933 3454 1032 3524 qui
1078 3453 1555 3524 persecutionem
1608 3453 1913 3524 patiuntur

262 3547 507 3614 prapter
527 3541 861 3613 justitiam:
897 3541 1180 3611 quoniam
1210 3541 1474 3612 ipsorum
1529 3545 1616 3596 est
1662 3558 1908 3612 regnum

263 3635 546 3690 caelorum
575 3633 640 3688 ⁸⁵.
677 3654 704 3682 ››

329 3726 429 3780 ΙΙΙ.
464 3725 594 3779 Haec
625 3728 847 3787 autem,
881 3721 1092 3776 fratres
1123 3722 1262 3783 mei,
1291 3737 1411 3776 non
1443 3737 1477 3776 a
1507 3721 1735 3791 meipso
1796 3721 1904 3775 im-

257 3830 473 3885 perans
503 3813 570 3883 εδ,
607 3812 798 3868 scribo
825 3810 988 3865 vobis
1018 3810 1090 3866 de
1141 3810 1378 3882 justitia
1407 3831 1422 3877 ;
1472 3810 1574 3865 sed
1624 3810 1906 3880 quoniam

248 3921 351 3958 vos
375 3903 757 3975 provocastis.
789 3903 1036 3973 Propter
1061 3900 1218 3971 quod
1241 3916 1436 3971 neque
1467 3915 1592 3972 ego,
1610 3917 1801 3971 neque
1836 3900 1910 3954 si-

246 3993 411 4048 milis
440 3993 592 4048 alius
625 3991 765 4057 mei,
790 3991 1009 4062 poterit
1041 3990 1208 4059 sequi
1259 3989 1611 4060 sapientiam
1664 3989 1819 4043 beati
1851 3996 1908 4044 et

250 4082 491 4153 gloriosi
529 4081 687 4136 Pauli
714 4101 727 4148 ;
762 4080 863 4150 qui
895 4079 1006 4133 fuit
1035 4078 1190 4148 apud
1221 4095 1346 4148 vos,
1389 4085 1446 4133 et
1475 4079 1634 4132 visus
1688 4083 1777 4133 est
1807 4094 1900 4132 se-

253 4172 516 4228 cundum
547 4170 757 4225 faciem
785 4169 920 4236 illis,
955 4168 1053 4238 qui
1087 4173 1225 4221 tunc
1280 4172 1468 4231 erant,
1517 4167 1896 4222 hominibus:

248 4261 352 4330 qui
386 4261 586 4315 docuit
615 4259 944 4314 certissime
974 4265 1150 4328 atque
1182 4256 1513 4310 firmissime
1537 4256 1777 4311 verbum
1801 4273 1897 4310 ve-

244 4350 479 4404 ritatis:
515 4349 614 4420 qui
648 4354 706 4403 et
735 4348 952 4402 absens
984 4346 1221 4417 scripsit
1250 4344 1411 4399 vobis
1459 4346 1775 4416 epistolas;
1822 4346 1896 4401 ad

242 4456 392 4509 quas
425 4438 849 4506 deﬂectamini,
877 4443 941 4490 ut
960 4435 1200 4506 possitis
1232 4434 1513 4489 mditicari
1537 4435 1598 4489 in
1625 4435 1738 4489 ﬁde
1763 4452 1894 4505 quae

243 4529 382 4584 data
413 4534 503 4583 est
530 4529 717 4594 vobis,
752 4544 882 4598 quae
918 4532 1006 4580 est
1039 4531 1228 4580 mater
1284 4525 1551 4579 omnium
1601 4531 1889 4592 nostrum,

2019 3369 2306 3425 abstineri
2339 3375 2572 3441 oportet
2603 3369 2673 3424 ab
2707 3368 2982 3423 omnibus
3013 3367 3123 3421 his.
3159 3363 3417 3435 Subjecti
3479 3367 3666 3416 estote

2017 3461 2379 3532 presbyteris
2409 3466 2467 3515 et
2492 3459 2934 3526 diaconis,sicul
2959 3458 3076 3511 Deo
3108 3461 3166 3508 et
3191 3453 3443 3508 Christo.
3478 3450 3668 3522 Virgi-

2015 3564 2143 3615 nes,
2172 3550 2554 3604 immaculata
2585 3554 2643 3602 et
2672 3553 2835 3602 casta
2859 3543 3221 3601 conscientia
3260 3540 3576 3595 ambulate.

2087 3638 2174 3693 VI.
2209 3637 2543 3709 Presbyteri
2577 3635 2875 3707 simplices
2906 3635 3046 3694 sint,
3078 3633 3140 3686 in
3171 3628 3448 3685 omnibus
3475 3627 3656 3681 mise-

2011 3725 2294 3792 ricordes,
2318 3743 2526 3782 omnes
2548 3725 2619 3780 ab
2641 3739 2838 3780 errore
2861 3725 3290 3782 convertentes,
3323 3733 3530 3772 omnes
3561 3717 3657 3770 in-

2012 3815 2215 3870 firmos
2244 3816 2567 3881 visitantes,
2594 3813 2798 3868 viduas
2855 3817 2912 3865 et
2960 3809 3216 3882 pupillos
3265 3812 3322 3861 et
3360 3822 3651 3877 pauperes

2005 3921 2126 3960 non
2149 3905 2538 3978 negligentes;
2563 3903 2666 3958 sed
2684 3918 2957 3972 sempem
2981 3897 3355 3970 providentes
3378 3896 3532 3950 bona
3552 3911 3650 3949 co-

2003 4011 2131 4049 ram
2162 3996 2279 4050 Deo
2312 3999 2369 4048 et
2399 3993 2740 4048 hominibus
2769 3990 2836 4044 7‘.
2865 4013 2894 4041 »
2928 3988 3231 4045 Abstinete
3263 4002 3363 4039 vos
3393 3985 3466 4040 ab
3486 3984 3646 4039 omni

2007 4083 2334 4152 iracundia,
2367 4101 2398 4138 ιι
2421 4083 2647 4154 judicio
2680 4082 2925 4153 injuste,
2960 4079 3128 4150 longe
3162 4077 3233 4131 ab
3266 4075 3426 4130 omni
3457 4073 3647 4129 avari-

2007 4174 2086 4228 tia
2103 4179 2286 4229 estote
2318 4191 2330 4227 :
2358 4191 2478 4228 non
2503 4173 2618 4227 cito
2646 4170 3036 4227 consentiatis
3057 4167 3334 4222 adversus
3366 4165 3647 4235 aliquem,

2004 4280 2079 4318 ne
2107 4263 2574 4335 praevaricemini
2600 4262 2659 4316 in
2681 4261 2909 4333 judicio
2934 4279 2948 4327 ;
2982 4259 3237 4313 scientes
3261 4255 3400 4326 quia
3427 4253 3650 4308 debito-

2003 4367 2100 4406 res
2129 4367 2333 4405 sumus
2366 4350 2610 4421 peccati.
2645 4350 2701 4402 Si
2735 4365 2869 4420 ergo
2892 4347 3282 4418 deprecamur
3304 4343 3644 4408 Dominum,

2002 4445 2067 4494 ut
2098 4440 2268 4494 nobis
2300 4440 2594 4505 dimittat;
2629 4439 2912 4494 debemus
2935 4438 3114 4492 etiam
3141 4429 3642 4490 nosdimittere“.

2000 4533 2152 4584 Ante
2175 4535 2556 4600 conspectum
2581 4529 2740 4583 enim
2755 4527 3060 4582 oculorum
3085 4523 3317 4579 Domini
3333 4537 3565 4586 sumus;
3592 4524 3650 4574 et

246 4620 648 4690 subsequente
669 4636 792 4689 spe,
815 4616 1187 4690 prmcedente
1211 4615 1550 4686 dilectione,
1578 4633 1708 4686 quae
1728 4615 1898 4671 estin
1928 4617 1977 4680 D
2008 4641 2035 4668 ‹‹
2071 4636 2278 4674 omnes
2310 4625 2544 4690 oportet
2571 4624 2764 4673 astare
2794 4613 2944 4671 ante
2984 4611 3244 4669 tribunal
3295 4609 3531 4675 Christi,
3587 4613 3644 4662 et

245 4711 389 4778 Deo,
423 4717 481 4764 et
511 4711 572 4763 in
605 4709 857 4776 Christo,
891 4713 949 4762 et
995 4707 1057 4761 in
1102 4706 1392 4777 proximo.
1446 4705 1501 4759 Si
1552 4707 1711 4760 enim
1761 4705 1892 4776 quis

248 4799 463 4854 horum
498 4798 860 4852 intrinsecus
893 4795 1154 4866 repletus
1184 4795 1364 4849 fuerit
1393 4795 1692 4850 mandatis
1713 4795 1895 4868 justi-

245 4889 368 4956 tiae,
402 4893 460 4941 et
486 4886 762 4942 habuerit
806 4885 1210 4953 dilectionem,
1251 4883 1423 4956 longe
1479 4890 1569 4939 est
1611 4884 1682 4940 ab
1731 4884 1892 4940 omni

241 4982 507 5049 peccato.

312 5068 403 5119 IV.
440 5064 806 5136 Principium
866 5069 1066 5119 autem
1124 5063 1396 5118 omnium
1454 5062 1746 5118 malorum
1806 5070 1895 5120 est

243 5155 510 5210 avaritia.
546 5155 763 5209 Scitote
807 5168 966 5224 ergo,
1027 5152 1166 5222 quia
1218 5174 1246 5200 «
1279 5152 1431 5206 nihil
1479 5153 1790 5208 intulimus
1829 5155 1891 5210 in

244 5247 404 5300 hunc
424 5243 936 5313 mundum,neque
955 5243 1186 5296 auferre
1201 5257 1519 5312 possumus
1536 5239 1600 5293 ⁸⁷.
1623 5264 1651 5290 ››
1683 5243 1890 5299 Arme-

243 5353 382 5393 mur
399 5336 581 5391 armis
593 5334 878 5408 justitiaa;
905 5337 965 5388 et
991 5331 1310 5388 doceamus
1341 5330 1738 5402 nosmetipsos
1767 5331 1891 5404 pri-

309 5462 358 5495 5‘
389 5467 515 5518 Act.
546 5479 604 5528 ιι,
637 5463 727 5517 24.
805 5459 850 5493 ⁵⁵
882 5459 900 5514 l
932 5461 1087 5513 Petr.
1121 5475 1158 5525 1,
1193 5459 1243 5512 8.
1349 5457 1395 5492 ⁵⁸
1426 5456 1636 5527 Ephes.
1671 5474 1735 5525 ιι,
1765 5461 1818 5523 8,
1851 5463 1902 5515 9.

234 5533 283 5568 5°
320 5538 336 5590 l
370 5537 523 5589 Petr.
560 5553 596 5600 1,
629 5537 716 5587 2i.
794 5533 836 5567 ⁶¹
868 5530 1122 5601 Philipp.
1148 5547 1207 5594 ιι,
1246 5530 1329 5584 10.

237 5605 287 5639 ⁸⁵
318 5608 518 5662 Matth.
556 5624 606 5670 v,
635 5607 686 5674 3,
721 5605 822 5670 10;
858 5603 990 5658 Luc.
1038 5619 1112 5668 v1,
1162 5604 1250 5674 20.

242 5677 288 5712 το
317 5679 392 5733 αι.
431 5679 567 5732 huic
595 5669 646 5731 isi
674 5669 1006 5748 placemus.
1079 5669 1395 5748 “_g’qvoiac.

243 5750 334 5807 l7.
413 5749 460 5785 7⁵
487 5742 699 5808 Μειὼῖ
721 5765 793 5819 v1,
829 5748 916 5816 12,
948 5747 1037 5803 14.
1111 5742 1157 5779 ’⁷⁸

1367 5600 1412 5634 ⁸⁸
1456 5602 1501 5668 f.
1559 5600 1905 5670 impetraris.

1408 5528 1454 5562 ⁸³
1483 5529 1556 5583 αι.
1591 5528 1664 5583 ad
1695 5532 1779 5584 vel
1809 5533 1870 5586 in
1899 5533 2098 5588 vitam.

1474 5672 1518 5705 τ’
1551 5673 1748 5744 [Petr.
1783 5691 1838 5744 ιι,
1875 5675 1957 5728 11.

1240 5761 1358 5805 om.
1390 5759 1512 5813 xw,
1543 5744 1630 5813 10,
1664 5743 1732 5800 12
1761 5747 1890 5818 βω
1918 5747 2049 5806 Cor.
2079 5763 2137 5816 v,
2170 5750 2258 5805 10.

2007 4725 2493 4780 unumquemque
2525 4725 2630 4779 pro
2663 4724 2724 4762 se
2765 4707 3058 4761 rationem
3115 4700 3363 4756 reddere
3393 4699 3456 4753 ⁸³⁸.
3491 4720 3520 4747 ››
3555 4697 3646 4751 Sic

2005 4813 2141 4869 ergo
2161 4799 2483 4853 serviamus
2511 4798 2562 4852 ei
2589 4813 2725 4853 cum
2748 4796 2979 4862 timore,
3009 4797 3066 4848 et
3088 4790 3250 4847 omni
3275 4786 3605 4844 reverentia
3629 4802 3643 4852 ;

2005 4887 2333 4942 secundum
2365 4885 2522 4956 quod
2580 4884 3121 4957 evangelizaverunt
3167 4878 3340 4934 nobis
3394 4872 3645 4947 apostoli

2003 4976 2258 5046 Domini,
2304 4982 2360 5031 et
2416 4975 2718 5048 prophetas
2770 4972 3273 5029 annuntiaverunt
3328 4967 3645 5022 adventum

2003 5067 2234 5121 Domini
2269 5066 2456 5121 nostri
2485 5066 2621 5120 Jesu
2652 5063 2866 5120 Christi
2895 5079 2909 5118 :
2943 5061 3198 5116 zelantes
3238 5058 3431 5122 bona;
3464 5052 3646 5109 absti—

2002 5162 2215 5211 nentes
2245 5172 2279 5210 a
2309 5154 2624 5221 scandulis,
2653 5159 2712 5209 et
2765 5152 2932 5207 falsis
2979 5149 3277 5234 fratribus,
3332 5151 3391 5200 et
3433 5142 3534 5214 qui
3582 5140 3644 5194 in

2003 5245 2362 5317 hypocrisim
2391 5249 2629 5316 portant
2658 5259 2879 5298 nomen
2910 5239 3164 5310 Domini,
3217 5236 3318 5309 qui
3371 5234 3647 5290 aberrare

2000 5334 2227 5390 faciunt
2255 5336 2464 5391 inanes
2502 5334 2795 5389 homines.

2008 5461 2049 5504 ‘7
2081 5463 2104 5515 Ι
2134 5463 2288 5516 Petr.
2325 5481 2360 5530 I,
2405 5464 2488 5517 13.
2593 5461 2640 5498 ⁵⁸
2670 5460 2820 5516 Psal.
2853 5476 2917 5525 ιι,
2956 5463 3038 5514 Η.
3141 5457 3188 5492 δ’
3215 5459 3261 5525 f.
3295 5451 3643 5511 multorum.

2008 5551 2074 5566 ,πη
2177 5531 2275 5566 σοι
2308 5535 2444 5566 θοι..
2608 5536 2639 5566 o
2738 5531 2784 5564 64
2817 5532 2990 5566 υρηιι
3048 5546 3117 5566 νη
3179 5533 3196 5566 ι
3232 5548 3245 5562 .
3281 5528 3396 5566 [ιτα
3449 5541 3498 5566 νι
3552 5523 3643 5566 37-

2007 5551 2098 5587 tm.
2177 5531 2224 5568 ⁶³
2252 5534 2277 5586 I
2308 5523 2461 5588 Petr.
2495 5550 2576 5600 Ill,
2608 5536 2660 5588 9.
2738 5531 2784 5564 ⁶⁴
2816 5523 3016 5586 Matth.
3048 5546 3143 5599 vn,
3179 5523 3247 5593 tr;
3281 5528 3416 5581 Luc.
3449 5541 3519 5591 γι,
3552 5523 3644 5576 37.

2007 5604 2304 5682 °7_l_Tim.
2350 5621 2429 5670 v1,
2470 5609 2530 5682 _7.
2563 5679 2608 5682 __
2646 5602 2696 5638 ⁸⁸
2735 5596 3080 5682 _3_ia_i§o}mﬁc.
3198 5600 3260 5682 [⁸.
3293 5597 3412 5682 (ἓξὲξ.
3465 5611 3558 5682 vx,

2063 5673 2162 5728 731
2194 5679 2324 5731 Cor.
2358 5693 2429 5747 VI,
2462 5679 2512 5729 9.
2552 5679 2637 5729 ιο.
2734 5675 2780 5710 τι
2810 5676 2861 5729 II
2890 5678 3018 5734 Cor.
3051 5689 3170 5741 vm,
3203 5672 3311 5741 21;
3344 5672 3512 5726 Rom-
3547 5679 3647 5736 ιιι.
