4026 6214
347 340 503 403 1019

1545 335 1609 396 S.
1656 333 2103 398 POLYCARPI
2151 338 2198 397 Μ
2214 341 2254 397 Α
2270 340 2557 402 BTYRIS

3610 339 3773 400 1020

423 478 540 532 VII.
571 497 594 529 α
619 479 824 533 Omnts
849 473 1007 529 enim
1032 471 1129 542 qui
1146 486 1262 526 non
1286 469 1816 525 conﬂteturlesum
1842 470 2006 524 Chri-
2031 476 2078 542 Α
2116 478 2181 527 ut
2206 472 2553 530 abstineatis
2585 475 2656 530 ab
2688 475 2951 541 avaritia,
2985 479 3046 530 et
3074 473 3202 528 sitis
3232 473 3374 528 casti
3409 478 3470 527 et
3498 488 3765 528 veraces.

350 572 506 622 stum
528 566 587 619 in
622 580 796 619 carne
827 562 1079 625 venisse,
1112 559 1207 613 hic
1238 558 1635 613 Antichristus
1662 563 1752 612 est
1773 556 1853 626 7";
1899 581 1911 607 ›
1942 565 2000 613 et

348 656 449 725 qui
487 671 602 708 non
634 651 948 707 confitetur
994 649 1339 719 martyrium
1391 648 1601 716 crucis,
1655 665 1726 703 ex
1761 647 1998 703 diabolo

346 751 469 810 est;
505 748 561 797 et
593 741 692 812 qui
727 739 1040 795 deviaverit
1074 738 1311 809 eloquia
1359 738 1591 793 Domini
1639 737 1711 793 ad
1761 738 2001 809 propria

346 831 661 892 desideria.
696 837 754 884 et
782 829 998 885 dixerit
1025 846 1217 899 neque
1251 830 1772 895 resurrectionem,
1804 846 1998 900 neque

339 917 634 988 judicium
667 933 795 972 esse
823 937 835 984 ;
871 917 966 971 hic
997 916 1428 988 primogenitus
1456 921 1545 971 est
1573 917 1823 972 Satanaa.
1859 918 1998 970 Pro-

343 1012 478 1078 pter
499 1007 656 1078 quod
681 1007 1087 1078 relinquentes
1110 1006 1429 1060 vanitatem
1447 1006 1789 1075 multorum,
1811 1011 1868 1060 et
1885 1005 1995 1060 fal-

348 1112 444 1151 sas
475 1096 794 1160 doctrinas,
831 1095 903 1150 ad
932 1094 1080 1149 illud
1112 1094 1270 1166 quod
1302 1095 1587 1149 traditum
1621 1100 1711 1150 est
1760 1095 1933 1150 nobis
1965 1111 2000 1150 a

347 1185 640 1256 principio
663 1184 904 1239 verbum
931 1184 1518 1240 revertamur.Sobrii
1545 1185 1730 1239 simus
1771 1185 1830 1238 in
1865 1200 1999 1239 ora—

346 1273 611 1329 tionibus
641 1271 709 1340 73,
727 1273 960 1345 jejunia
992 1273 1309 1329 tolerantes
1334 1290 1347 1338 ;
1377 1279 1436 1329 et
1466 1273 1998 1346 supplicationibus

345 1371 616 1438 petentes
640 1367 907 1421 omnium
932 1373 1370 1438 perspectorem
1388 1367 1724 1435 Dominum,
1744 1389 1771 1414 α
1792 1383 1866 1420 ne
1888 1381 1998 1420 nos

348 1455 591 1510 inducat
621 1456 682 1510 in
716 1456 1103 1511 tentationem
1137 1453 1220 1522 7’;
1257 1477 1282 1504 ιι
1317 1455 1645 1511 secundum
1672 1455 1830 1526 quod
1853 1455 2000 1510 dixit

348 1545 636 1601 Dominus
667 1563 678 1600 :
712 1569 738 1594 ‹‹
775 1546 1024 1616 Spiritus
1055 1546 1294 1616 quidem
1344 1551 1653 1617 promptus
1703 1552 1810 1611 est,
1863 1561 1998 1600 caro

350 1640 547 1688 autem
581 1635 819 1690 infirma
847 1635 908 1687 ⁸ο.
954 1656 982 1684 ››

421 1724 560 1778 VIII.
597 1723 1016 1778 Indeﬁcienter
1045 1740 1182 1795 ergo
1218 1721 1538 1778 toleramus
1560 1729 1802 1795 propter
1833 1739 1998 1795 spem

348 1819 611 1868 nostram
645 1820 704 1867 et
731 1813 942 1885 pignus
975 1813 1247 1884 justitize,
1281 1813 1438 1883 quod
1471 1819 1558 1868 est
1613 1815 1782 1869 Jesus
1829 1813 1996 1869 Chri-

346 1906 510 1967 stus;
547 1922 576 1950 «
611 1902 710 1971 qui
745 1901 987 1956 sustulit
1015 1909 1256 1973 peccata
1283 1908 1488 1957 nostra
1519 1905 1576 1958 in
1610 1919 1858 1975 corpore
1893 1919 1997 1957 suo

345 2007 528 2061 super
546 1990 768 2063 lignum
795 2008 807 2058 ;
834 1991 932 2060 qui
961 1997 1267 2062 peccatum
1293 2009 1412 2046 non
1436 1993 2002 2060 fecit,necinventus

350 2086 440 2134 est
471 2079 643 2135 dolus
677 2081 734 2134 in
775 2097 875 2135 ore
906 2080 1036 2151 ejus
1064 2081 1131 2146 ⁸³,
1167 2102 1194 2129 ››
1228 2081 1330 2135 sed
1363 2087 1604 2152 propter
1635 2098 1742 2136 nos
1803 2082 2004 2136 omnia

354 2170 656 2236 sustiuuit,
689 2173 757 2223 ut
785 2169 1048 2225 vivamus
1077 2170 1138 2224 in
1173 2170 1320 2240 ipso.
1358 2171 1688 2226 Imitatores
1711 2188 1846 2244 ergo
1875 2171 2001 2226 effi-

357 2260 584 2314 ciamur
613 2259 941 2314 tolerantius
973 2260 1100 2331 ejus
1130 2276 1142 2314 :
1179 2266 1255 2329 et,
1290 2260 1337 2314 si
1379 2261 1536 2332 passi
1579 2260 1867 2317 fuerimus
1899 2278 2002 2333 pro

356 2349 598 2404 nomine
631 2351 778 2421 ejus,
803 2350 1202 2422 gloriﬁcemus
1230 2351 1515 2406 eum.lloc
1537 2351 1695 2406 enim
1719 2352 1889 2406 nobis
1912 2353 2001 2406 in-

355 2437 576 2494 dicium
609 2439 807 2510 posuit
846 2439 917 2493 de
951 2440 1183 2510 seipso;
1229 2445 1286 2494 et
1319 2457 1425 2494 nos
1459 2441 1568 2495 hoc
1617 2440 2001 2498 credidimus.

425 2528 520 2582 IX.
559 2530 716 2598 Rogo
749 2528 927 2600 igitur
957 2544 1054 2583 vos
1087 2544 1293 2583 omnes
1324 2528 1600 2584 insistere
1631 2527 2006 2601 verbojusti-

355 2615 452 2671 tia:
484 2621 542 2671 et
572 2617 894 2688 patientiae,
929 2633 1106 2688 quam
1141 2623 1197 2671 et
1221 2617 1456 2673 oculata
1491 2618 1604 2674 ﬁde
1627 2618 2002 2687 vidistis,non

353 2705 545 2760 solum
569 2707 627 2760 in
658 2706 1020 2761 beatissimis
1041 2707 1162 2761 illis
1185 2708 1408 2778 Ignatio
1433 2714 1489 2762 et
1511 2709 1736 2763 Zozimo
1753 2715 1810 2762 et
1832 2708 2003 2773 Rufo,

355 2795 456 2848 sed
482 2801 540 2849 et
566 2796 624 2849 in
651 2795 785 2850 aliis
813 2796 912 2866 qui
937 2813 1008 2850 ex
1024 2796 1187 2850 vobis
1226 2802 1383 2864 sunt,
1411 2803 1468 2850 et
1489 2797 1547 2851 in
1573 2798 1700 2869 ipso
1723 2797 1923 2865 Paulo,
1951 2802 2008 2850 et

357 2885 586 2938 cmteris
605 2884 923 2955 apostolis:
945 2883 1310 2939 confidentes
1333 2885 1471 2955 quia
1496 2885 1555 2939 hi
1579 2901 1784 2940 omnes
1803 2902 1920 2939 non
1945 2886 2004 2938 in

355 2989 601 3027 vacuum
636 2979 1026 3028 cucurrerunt
1055 2971 1123 3039 θ’,
1146 2973 1248 3027 sed
1267 2974 1326 3027 in
1353 2973 1469 3028 fide
1491 2974 1829 3045 etjustitia;
1855 2980 1914 3028 et
1932 2973 2006 3028 ad

356 3061 620 3115 debitum
655 3062 766 3116 sibi
794 3062 990 3116 locum
1032 3078 1065 3116 a
1093 3061 1139 3096 ⁸⁸
1169 3063 1437 3124 Domino,
1471 3064 1564 3116 cui
1598 3069 1654 3118 et
1712 3063 2004 3134 compassi

355 3158 510 3214 sunt,
548 3150 825 3205 abierunt
849 3168 862 3216 ;
891 3151 1029 3220 quia
1060 3167 1179 3204 non
1204 3151 1312 3205 hoc
1335 3151 1618 3206 saaculum
1646 3151 2001 3218 dilexerunt,

2110 586 2135 613 «
2161 563 2464 622 Abstinete
2487 584 2587 622 vos
2608 567 2680 622 ab
2699 565 2861 621 omni
2885 565 3040 621 malo
3061 563 3126 622 ⁸⁸.
3154 587 3182 614 ››
3203 564 3310 630 Qui
3344 569 3546 620 autem
3583 564 3645 617 in
3672 563 3767 618 his

2109 670 2228 708 non
2252 661 2446 726 potest
2467 673 2527 712 se
2549 656 2899 728 gubernare,
2934 672 3049 727 quo
3084 654 3256 710 modo
3280 654 3378 709 alii
3406 653 3767 726 pronuntiat

2110 743 2222 799 hoc
2243 746 2270 798 ⁶ἔ
2287 744 2340 799 Si
2366 747 2499 816 quis
2521 763 2640 801 non
2666 745 3021 802 abstinuerit
3051 761 3111 800 se
3136 744 3208 800 ab
3227 745 3493 810 avaritia,
3527 743 3600 798 ab
3636 741 3769 797 ido-

2109 831 2347 889 lolatria
2378 836 2862 907 coinquinabitur
2889 835 2957 904 9°,
2991 841 3049 891 et
3072 841 3355 906 tanquam
3377 835 3535 890 inter
3557 839 3768 906 gentes

2100 922 2489 996 judicabitur.
2523 925 2630 990 Qui
2662 931 2859 982 autem
2891 927 3166 998 ignorant
3210 926 3253 961 ’ί
3297 924 3599 996 judicium
3652 923 3766 977 Do-

2108 1014 2305 1070 mini?
2330 1043 2353 1064 u
2381 1019 2470 1071 An
2489 1018 2812 1087 nescimus,
2847 1018 2946 1089 qui
2980 1017 3167 1073 sancti
3197 1016 3487 1072 mundum
3526 1015 3769 1086 judica-

2110 1103 2257 1160 bunt
2273 1104 2364 1161 9’?
2389 1130 2414 1155 ››
2440 1107 2592 1163 sicut
2623 1107 2839 1163 Paulus
2871 1107 3061 1163 docet.
3096 1109 3212 1180 Ego
3244 1113 3440 1162 autem
3470 1106 3625 1160 nihil
3649 1107 3771 1162 tale

2110 1193 2266 1247 sensi
2293 1193 2351 1248 in
2369 1193 2656 1263 vobis,vel
2687 1193 2904 1264 audivi,
2928 1195 2989 1250 in
3014 1193 3229 1265 quibus
3253 1193 3770 1249 laboravitbeatus

2108 1283 2344 1353 Paulus,
2379 1286 2479 1355 qui
2512 1285 2655 1340 estis
2686 1285 2748 1340 in
2778 1284 3070 1356 principio
3122 1282 3386 1356 epistolas
3420 1283 3552 1355 ejus
3579 1280 3648 1339 9³.
3685 1283 3770 1336 De

2107 1373 2271 1428 vobis
2303 1375 2524 1430 etenim
2555 1374 2843 1448 gloriatur
2873 1375 2933 1430 in
2961 1374 3236 1430 omnibus
3295 1372 3594 1438 Ecclesiis,
3631 1390 3771 1443 qum

2108 1462 2292 1517 Deum
2324 1463 2463 1518 solae
2495 1468 2638 1519 tunc
2657 1467 3052 1536 cognoverant
3079 1480 3093 1528 ;
3127 1479 3237 1517 nos
3259 1466 3457 1517 autem
3488 1459 3771 1516 nondum

2107 1567 2460 1607 noveramus
2491 1553 2588 1626 (6).
2624 1553 2796 1608 Valde
2831 1569 2986 1625 ergo,
3017 1551 3252 1613 fratres,
3277 1551 3599 1606 contristor
3657 1566 3770 1620 pro

2108 1639 2212 1696 illo
2236 1647 2292 1696 et
2307 1659 2412 1714 pro
2429 1641 2682 1714 conjuge
2716 1642 3092 1713 ejus.quibus
3124 1640 3222 1696 det
3243 1640 3529 1695 Dominus
3561 1639 3769 1710 paeni-

2108 1732 2356 1784 tentiam
2387 1731 2679 1785 veram'“.
2710 1729 2900 1784 Sobrii
2929 1746 3066 1799 ergo
3099 1733 3286 1783 estote
3317 1733 3375 1782 et
3397 1744 3497 1783 vos
3529 1728 3593 1782 in
3625 1727 3768 1793 hoc,

2109 1825 2313 1873 etnon
2347 1819 2498 1875 sicut
2527 1820 2799 1874 inimicos
2845 1819 2994 1874 tales
3036 1818 3405 1887 existimetis,
3454 1816 3556 1872 sed
3611 1818 3771 1871 sicut

2105 1907 2413 1978 passibilia
2437 1908 2705 1964 membra
2726 1914 2782 1963 et
2805 1909 3065 1963 errantia
3085 1925 3187 1963 eos
3205 1913 3497 1972 revocate,
3530 1911 3597 1961 ut
3628 1922 3759 1960 om-

2103 1997 2270 2052 nium
2297 2003 2553 2052 vestrum
2585 2014 2798 2069 corpus
2829 1997 3085 2052 salvetis.
3118 1997 3236 2052 Hoc
3278 1996 3436 2050 enim
3492 2000 3766 2066 agentes,

2104 2104 2204 2142 vos
2235 2089 2394 2160 ipsos
2425 2088 2752 2144 aediﬁcetis.

2177 2178 2292 2232 XII.
2327 2177 2566 2234 Confido
2599 2180 2760 2234 enim
2791 2196 2885 2234 vos
2920 2179 3072 2234 bene
3105 2177 3464 2232 exercitatos
3517 2193 3652 2230 esse
3706 2175 3773 2230 in

2109 2267 2290 2321 sacris
2321 2267 2557 2334 litteris,
2593 2272 2650 2322 et
2678 2268 2826 2323 nihil
2862 2285 2961 2322 vos
2994 2267 3137 2322 latet
3162 2310 3176 2334 ,
3211 2265 3353 2321 mihi
3404 2270 3606 2319 autem
3639 2281 3764 2318 non

2107 2362 2196 2410 est
2226 2373 2573 2411 concessum
2599 2356 2792 2412 modo.
2819 2359 2888 2412 Ut
2909 2357 3004 2411 his
3026 2355 3345 2426 Scripturis
3368 2353 3593 2409 dictum
3626 2359 3721 2407 est
3755 2370 3770 2405 :

2108 2467 2135 2493 ‹‹
2167 2445 2522 2515 Irascimini,
2557 2451 2615 2501 et
2641 2445 2824 2500 nolite
2858 2461 3102 2517 peccare
3134 2443 3200 2498 9'.
3237 2467 3264 2492 ››
3299 2445 3404 2508 Et;
3446 2465 3474 2492 «
3514 2441 3612 2498 Sol
3646 2458 3770 2496 non

2109 2534 2339 2590 occidat
2396 2552 2574 2606 super
2622 2534 2989 2590 iracundiam
3050 2539 3304 2589 vestram
3362 2531 3427 2587 ’°.
3467 2556 3488 2579 ι
3554 2533 3774 2586 Beatus

2110 2625 2210 2695 qui
2237 2623 2578 2679 meminerit
2606 2623 2674 2691 97,
2703 2624 2863 2696 quod
2897 2640 3001 2696 ego
3062 2621 3236 2679 credo
3289 2639 3416 2677 esse
3468 2621 3528 2675 in
3579 2621 3770 2676 vobis.

2110 2717 2262 2770 Deus
2292 2721 2487 2770 autem
2523 2721 2580 2770 et
2608 2717 2783 2770 Pater
2811 2715 3046 2770 Domini
3083 2714 3268 2768 nostri
3289 2715 3428 2768 Jesu
3463 2712 3772 2780 Christi,et

2111 2805 2235 2876 ipse
2267 2805 2668 2876 sempiternus
2692 2804 2982 2869 Pontifex,
3010 2805 3108 2859 Dei
3137 2803 3340 2868 Filius,
3366 2801 3638 2856 Christus
3669 2803 3768 2856 Je-

2111 2910 2228 2962 sus,
2265 2893 2519 2949 aedificet
2540 2911 2640 2948 vos
2664 2894 2723 2948 in
2747 2893 2860 2948 fide
2884 2898 2942 2949 et
2961 2894 3226 2960 veritate,
3251 2897 3308 2946 et
3329 2891 3390 2945 in
3417 2891 3581 2945 omni
3601 2907 3771 2945 man-

2110 2982 2446 3044 suetudine,
2481 2988 2539 3036 et
2561 2983 2686 3037 sine
2709 2982 3038 3044 iracundia,
3075 2987 3130 3036 et
3153 2981 3213 3034 in
3233 2980 3520 3051 patientia
3547 2985 3605 3034 et
3635 2979 3773 3033 Ion-

2109 3071 2454 3144 ganimitate
2481 3078 2538 3126 et
2570 3071 2887 3126 tolerantia
2920 3076 2978 3125 et
3008 3070 3274 3126 castitate
3302 3089 3317 3136 ;
3349 3073 3406 3122 et
3447 3067 3546 3123 det
3603 3068 3771 3122 vobis

2117 3164 2335 3214 sortem
2356 3166 2415 3215 et
2435 3166 2663 3232 partem
2691 3159 2850 3214 inter
2871 3165 3107 3214 sanctos
3131 3164 3356 3224 suos,et
3378 3157 3550 3211 nobis
3574 3157 3773 3211 vobis-

354 3240 457 3294 sed
490 3256 625 3294 eum
658 3240 758 3310 qui
785 3257 891 3310 pro
919 3240 1064 3311 ipsis
1097 3246 1154 3295 et
1185 3257 1290 3311 pro
1323 3241 1496 3296 nobis
1513 3247 1784 3297 mortuus
1801 3247 1906 3298 est.
1945 3249 2003 3296 et
2042 3219 2084 3285 Ο
2114 3265 2270 3316 cum,
2304 3254 2362 3303 et
2391 3250 2670 3304 omnibus
2702 3249 2801 3320 qui
2837 3253 2976 3304 sunt
3005 3247 3112 3303 sub
3145 3246 3312 3313 caelo,
3346 3246 3446 3317 qui
3480 3246 3770 3301 credituri

355 3344 387 3382 a
423 3329 535 3383 Deo
569 3329 976 3384 resuscitatus.

428 3420 494 3474 X.
530 3418 593 3474 In
627 3418 720 3473 his
752 3435 889 3491 ergo
920 3424 1092 3480 state.
1126 3425 1182 3473 et
1215 3420 1444 3474 Domini
1479 3421 1781 3492 exemplar
1806 3421 2005 3494 sequi-

357 3509 542 3577 mini;
579 3509 732 3564 ﬁrmi
766 3509 827 3563 in
860 3509 974 3563 fide
1029 3514 1086 3563 et
1135 3510 1561 3578 immutabiles,
1615 3511 2004 3566 fraternitatis

356 3606 672 3664 amatores,
704 3600 1016 3667 diligentes
1044 3599 1317 3668 invicem,
1368 3600 1427 3654 in
1483 3601 1726 3656 veritate
1775 3601 2002 3656 sociati,

355 3690 872 3744 mansuetudinem
890 3689 1118 3744 Domini
1145 3690 1414 3745 alterutri
1439 3696 1789 3762 praestantes
1805 3691 2007 3756 ",nul-

358 3778 479 3833 lum
515 3779 929 3851 despicientes.
963 3782 1108 3833 Cum
1141 3779 1390 3850 potestis
1416 3780 1789 3845 benefacere,
1819 3780 2002 3835 nolite

358 3869 597 3925 differre
626 3887 637 3924 :
671 3871 812 3941 quia
846 3890 869 3920 α
907 3869 1283 3941 eleemosyna
1316 3870 1388 3924 de
1421 3876 1609 3926 morte
1642 3871 1855 3926 liberat
1881 3869 1948 3924 ⁸⁵.
1976 3893 2002 3920 ››

359 3959 575 4014 Omnes
605 3959 768 4013 vobis
799 3958 1049 4013 invicem
1077 3959 1328 4030 subjecti
1361 3966 1547 4015 estote
1574 3977 1587 4027 ;
1641 3984 1667 4010 ‹‹
1695 3977 2007 4016 conversa-

358 4050 583 4104 tionem
619 4054 868 4104 vestram
913 4049 1500 4120 irreprehensibilem
1550 4050 1836 4106 habentes
1868 4051 1914 4084 ⁸⁸
1945 4051 2005 4106 in

361 4137 638 4208 gentibus
670 4139 750 4201 '7;
799 4160 818 4183 ι
857 4141 921 4190 ut
951 4153 1020 4190 ex
1050 4136 1220 4190 bonis
1254 4137 1532 4206 operibus
1564 4140 1770 4192 vestris
1803 4145 1860 4193 et
1907 4157 2006 4194 vos

357 4225 596 4279 Iaudem
627 4225 1018 4294 accipiatis,et
1037 4225 1321 4278 Dominus
1344 4225 1404 4279 in
1425 4225 1587 4280 vobis
1607 4243 1727 4280 non
1743 4227 2008 4298 blasphe-

359 4318 571 4367 metur.
609 4335 635 4362 ‹‹
673 4316 768 4368 Vae
800 4318 997 4368 autem
1031 4312 1140 4378 illi,
1176 4330 1282 4384 per
1312 4331 1487 4384 quem
1524 4331 1741 4370 nomen
1774 4317 2006 4370 Domini

357 4402 805 4474 blasphematur
832 4400 898 4456 ⁸⁸.
927 4424 953 4451 ››
975 4401 1364 4457 Sobrietatem
1391 4419 1525 4475 ergo
1556 4403 1762 4459 docete
1777 4421 2004 4476 omnes,

357 4494 421 4548 in
453 4509 572 4563 qua
602 4499 657 4546 et
688 4509 787 4546 vos
819 4491 1271 4546 conversamini.
1929 4512 1935 4516 -

433 4583 526 4643 XI.
557 4580 741 4635 Nimis
764 4579 1143 4636 contristatus
1167 4596 1294 4634 sum
1323 4597 1429 4652 pro
1456 4581 1718 4648 Valente,
1745 4581 1843 4652 qui
1877 4598 2006 4653 pre-
2039 4583 2084 4647 D

363 4671 561 4741 sbyter
593 4670 778 4724 factus
809 4675 899 4724 est
955 4668 1274 4740 aliquando
1329 4670 1482 4741 apud
1532 4687 1670 4736 vos;
1719 4669 1875 4742 quod
1923 4671 2008 4726 sic

360 4759 660 4832 ignoretis
685 4759 876 4815 locum
902 4759 1002 4830 qui
1031 4758 1201 4814 datus
1224 4765 1314 4813 est
1335 4759 1408 4813 ei.
1443 4760 1647 4814 Moneo
1674 4760 1874 4830 itaque
1906 4777 2005 4815 vos

434 4874 482 4908 ⁷⁷
520 4877 542 4929 Ι
573 4877 736 4933 Joan.
782 4893 850 4938 IV,
883 4877 934 4929 3.
1011 4873 1104 4930 ⁷⁸1
1134 4876 1291 4929 Petr.
1326 4892 1398 4941 1v,
1431 4879 1482 4930 7.
1559 4876 1604 4910 ⁷⁸
1634 4878 1831 4931 Matth.
1870 4895 1943 4945 VI,
1980 4881 2000 4930 1

434 4965 502 5004 ιι).
533 4965 592 5004 ιι.
629 4950 712 5000 16.
787 4946 836 4981 ⁸⁸
865 4947 940 5000 al.
975 4963 1129 5001 cum.
1230 4944 1278 4980 ⁸⁸
1305 4949 1380 5002 αι.
1417 4954 1863 5004 nraasentantes.
1974 4949 2000 4983 "

2152 4877 2196 4911 ⁸ο
2226 4877 2388 4931 Matt}

2116 4949 2189 5003 ὼ.
2223 4965 2325 5004 xu.
2357 4952 2388 5004 9

2093 4965 2189 5003 OD.
2223 4965 2325 5008 XII.
2357 4965 2409 5004 ν.

357 4945 502 5018 Iipp.
533 4965 592 5012 ιι,
629 4950 712 5000 16.
787 4946 836 4981 ⁸⁸
865 4947 940 5000 al.
975 4963 1129 5001 cum.
1230 4944 1278 4980 ⁸⁸
1305 4949 1380 5002 αι.

1417 4954 1863 5018 praesentantes.

358 5019 404 5054 ⁸⁸
432 5022 544 5074 Isa.
579 5035 673 5087 ιιι,
709 5022 778 5084 5;
815 5019 855 5072 l.
887 5019 1070 5087 Ignat.
1101 5019 1175 5072 ad
1208 5018 1378 5072 Trall.
1411 5021 1466 5073 8.

1566 5019 1613 5053 ”
1642 5021 1664 5073 ι
1695 5021 1896 5075 Thess.
1932 5035 1982 5082 ν,
2015 5021 2106 5073 22.

2112 3343 2251 3392 sunt
2281 3338 2339 3392 in
2371 3338 2690 3394 Dominum
2724 3344 2990 3393 nostrum
3023 3338 3223 3391 Jcsum
3254 3336 3554 3390 Christum
3616 3343 3675 3389 et
3709 3337 3770 3389 in

2111 3425 2296 3497 ipsius
2321 3428 2577 3491 Patrem.
2604 3449 2631 3476 «
2658 3427 2756 3498 qui
2778 3425 3150 3482 resuscitavit
3172 3440 3302 3479 eum
3327 3441 3360 3478 a
3387 3423 3721 3480 mortuis”.
3742 3448 3768 3472 ι»

2110 3515 2222 3570 Pro
2255 3515 2534 3570 omnibus
2565 3517 2786 3571 sanctis
2819 3520 3001 3571 orate.
3039 3515 3211 3569 Orate
3242 3513 3424 3568 etiam
3468 3531 3576 3585 pro
3611 3514 3770 3586 regi-

2111 3603 2220 3658 bus
2253 3610 2310 3658 et
2358 3605 2746 3675 potestatibus
2806 3610 2863 3659 et
2921 3602 3290 3676 principibus
3320 3601 3385 3667 ’9,
3421 3609 3602 3673 atque
3659 3620 3769 3674 pro

2110 3693 2603 3764 persequentibus
2626 3699 2684 3749 et
2712 3692 3052 3748 odientibus
3083 3709 3182 3745 vos
3221 3693 3260 3758 ⁸,
3293 3695 3353 3744 et
3377 3708 3484 3762 pro
3507 3690 3770 3746 inimicis

2111 3781 2303 3836 crucis
2328 3788 2426 3848 ;ut
2445 3782 2670 3838 fructus
2699 3788 2892 3837 vester
2910 3781 3260 3837 manifestus
3282 3781 3359 3834 sit.
3377 3780 3441 3835 in
3469 3780 3768 3850 omnibus,

2110 3876 2175 3926 ut
2207 3871 2334 3926 sitis
2365 3872 2424 3926 in
2458 3871 2560 3926 illo
2592 3871 2860 3943 perfecti.

2183 4048 2327 4102 XIII.
2363 4048 2692 4120 Scripsistis
2742 4048 2893 4121 mihi
3036 4047 3205 4121 Apud
3247 4045 3564 4121 Eusebium,
3621 4048 3764 4121 Hist.

2113 4125 2172 4173 et
2201 4136 2302 4175 vos
2333 4125 2390 4172 et
2420 4118 2700 4189 Igﬁatius,
2742 4126 2809 4174 ut
2851 4119 2899 4174 si
2976 4119 3120 4174 eccl.
3140 4135 3224 4191 III.
3250 4121 3336 4191 3_6.
3363 4149 3428 4158 —
3456 4118 3766 4191 Ἐγραψατέ

2115 4187 2900 4272 guis_vaditadSyriam,de-
2980 4209 3075 4260 μοι
3131 4188 3221 4272 θεαὶ
3275 4187 3430 4272 [SpJ-:11;
3474 4187 3770 4272 κςέῖςιλτνάξ

2114 4257 2263 4335 ferat
2289 4263 2516 4335 litteras
2544 4257 2728 4325 meas.
2754 4257 2901 4335 quas
2976 4257 3114 4328 νικος,
3145 4258 3234 4335 ἳνα
3273 4257 3482 4335 ἐάν,τις
3514 4257 3766 4335 ἀπέρὶη.

2114 4332 2308 4407 fecero
2340 4334 2412 4388 ad
2453 4351 2572 4403 vos,
2601 4335 2648 4388 si
2684 4329 2903 4389 habue-
2976 4351 3093 4407 ται-
3123 4329 3230 4407 sica
3255 4329 3476 4407 Eupiav,
3512 4404 3524 4407 _
3554 4329 3771 4407 καῖ’·ςᾶ

2112 4406 2299 4459 rimus
2332 4401 2564 4480 tempus
2611 4412 2892 4480 opportu-
2967 4401 3094 4476 παρ’
3121 4401 3768 4480 ὑγμῶν-(Νξοβρζιοτιιεὶξ

2113 4493 2280 4536 num.
2314 4478 2432 4532 sive
2455 4475 2717 4548 ’ego.seu
2743 4476 2895 4548 Iega-
2971 4475 3097 4545 cap.
3137 4477 3221 4548 19,
3271 4475 3452 4548 ἡμῶν)
3501 4475 3771 4545 ἀποκομίξ

2117 4554 2211 4632 tes
2238 4543 2651 4632 (ιιιειιικιηῑεεετρ
2675 4543 2900 4618 ριόῖνο·
2972 4543 3390 4632 utesse“;
3420 4543 3556 4632 βετερ
3599 4543 3772 4632 ml"?-

2117 4619 2228 4696 bis.
2256 4610 2358 4696 ﬁt?)
2413 4610 2700 4690 Epistolas
2751 4635 2891 4696 sane
2969 4610 3046 4696 ego
3077 4610 3190 4688 ('8),
3225 4610 3318 4696 Egiv
3371 4610 3536 4696 ξκάξὸώ
3577 4610 3770 4696 ξαιρρξ

2115 4685 2888 4765 Ignatii,'qu£etransmissaa
2966 4685 3202 4765 aii-oet“,
3235 4686 3503 4765 5.;Te‘é‘{_t‘o,
3560 4685 3769 4765 εἴη’δᾷ

2119 4753 2258 4815 sunt
2308 4753 2472 4816 Vobis
2503 4761 2526 4796 ²
2557 4762 2629 4817 ab
2680 4777 2771 4828 eo,
2823 4766 2882 4816 et
2953 4758 3156 4832 πέμψω
3193 4753 3610 4832 νπρεσὸεὖσὸντα
3677 4753 3773 4839 sui

3565 4878 3615 4912 ⁸³
3649 4880 3774 4934 Phi.

3266 4945 3311 4981 ⁸⁷
3345 4947 3368 4999 Ι
3398 4949 3556 5001 Petr.
3593 4967 3652 5016 ιι,
3690 4955 3774 5004 I2.

2152 4877 2196 4911 ⁸ο
2226 4877 2424 4932 Matth.
2458 4895 2610 4946 xxvx,
2649 4877 2738 4934 41.
2844 4874 2886 4910 ⁸¹
2921 4877 3130 4931 lPetr.
3167 4894 3229 4940 ιι,
3260 4878 3346 4946 24,
3381 4876 3467 4931 22.

2512 4948 2559 4983 ⁸⁸
2591 4949 2667 5004 al.
2698 4948 3162 5004 considerantes.

2218 5018 2265 5055 9°
2291 5021 2502 5092 Ephes.
2535 5037 2590 5088 ν,
2617 5021 2652 5073 5
2681 5038 2694 5087 ;
2726 5021 2847 5075 Col.
2879 5036 2966 5084 ιιι,
2997 5022 3050 5092 5.
3101 5089 3112 5092 _
3155 5017 3201 5052 91
3232 5018 3310 5092 al_._
3340 5019 3483 5092 Quis
3515 5020 3770 5092 ignorat.

358 5019 404 5054 ⁸⁸
432 5022 544 5074 Isa.
579 5035 673 5087 ιιι,
709 5022 778 5084 5;
815 5019 855 5072 l.
887 5019 1070 5122 Ignem;
1093 5019 1175 5098 .ad
1208 5019 1378 5072 Trall.
1411 5021 1466 5073 8.
1566 5019 1613 5053 ”
1642 5021 1664 5073 ι
1695 5021 1896 5075 Thess.
1932 5035 1982 5082 ν,

354 5091 402 5130 ³³
428 5092 449 5144 I
479 5092 607 5163 Cor.
644 5092 802 5163 vi,_2.
879 5090 901 5124 '
957 5088 1207 5163 Philippi.
1243 5106 1302 5163 1._
1358 5090 1402 5124 ⁸⁸
1431 5091 1506 5163 αι.
1541 5096 1825 5163 vestram._
1860 5089 1940 5163 _”5
1970 5093 2000 5145 P

2218 5019 2265 5055 9°
2291 5021 2502 5092 Ephes.
2535 5037 2590 5088 ν,
2617 5021 2652 5073 5
2681 5038 2694 5087 ;
2726 5021 2847 5075 Col.
2879 5036 2966 5084 ιιι,
2998 5022 3050 5073 5.
3155 5019 3201 5052 ⁹¹
3232 5019 3307 5072 al.
3341 5019 3483 5082 Quis
3515 5020 3770 5092 ignorat.

2116 5133 2120 5145 .
2155 5108 2233 5159 xv,
2267 5094 2320 5148 5.
2397 5090 2444 5126 9⁸
2473 5093 2684 5163 Ephes.
2721 5109 2791 5162 IV,
2825 5094 2913 5148 26.
2989 5089 3034 5124 9"
3057 5089 3132 5148 al.
3155 5089 3496 5146 crediderit.
3576 5091 3624 5127 θ’
3649 5095 3773 5151 Gal.

353 5179 394 5228 ι,
429 5165 478 5218 1.
557 5160 604 5198 θ’
637 5163 656 5215 l
686 5161 829 5216 Tim.
867 5177 927 5230 ιι,
962 5163 1012 5215 2.
1095 5163 1112 5196 ί
1147 5160 1347 5215 Matth.
1380 5178 1434 5231 v,
1461 5162 1549 5218 44.
1628 5162 1648 5195 ²
1677 5165 1711 5231 f
1733 5161 1926 5218 nobis.

431 5279 506 5351 (6)
552 5281 616 5334 In
657 5279 904 5333 omnibus
969 5276 1238 5340 Ecclesiis,
1282 5291 1411 5351 qua?
1469 5279 1642 5332 Deum
1692 5278 1821 5332 sola
1875 5285 2004 5334 tunc

355 5347 721 5422 cognoverant
747 5365 917 5422 ;rnos_
932 5356 1125 5422 autem”
1143 5347 1390 5422 nondum
1411 5363 1754 5422 noveramus.
1777 5351 1888 5403 Per
1906 5366 2003 5405 nos

353 5419 747 5493 Polycarpum
779 5419 1054 5492 intelligit
1085 5420 1374 5475 Usserius.
1425 5421 1535 5489 Ego
1590 5420 1998 5490 Smyrnenses.

356 5494 500 5548 Vide
532 5510 658 5548 can.
693 5496 739 5545 3.
779 5498 905 5547 Cor.
940 5523 1008 5535 --
1038 5493 1140 5546 Nos
1171 5497 1352 5544 autem
1379 5493 1625 5545 nondum
1659 5508 1999 5547 noveramus.

352 5563 579 5618 Vixisse
609 5563 708 5618 his
737 5563 929 5617 verbis
962 5579 1022 5617 se
1055 5563 1271 5628 innuit,
1305 5577 1440 5616 cum
1481 5579 1620 5617 suas
1670 5563 1885 5618 Paulus
1928 5563 1998 5617 ad

353 5631 645 5688 Esclesias
677 5634 918 5703 scripsit
945 5634 1247 5704 epistolas,
1284 5633 1422 5687 licet
1451 5633 1718 5688 nondum
1768 5635 2001 5689 Christo

356 5718 578 5761 nomen
607 5704 886 5759 dedisset.
919 5706 968 5760 Δ
997 5721 1114 5776 quo
1145 5710 1434 5777 tempore,
1478 5720 1614 5762 cum
1670 5705 2000 5764 adannum.

2115 5295 2301 5348 usque
2332 5279 2546 5334 Christi
2580 5282 2701 5340 169,
2727 5296 2843 5350 quo
2866 5277 3215 5347 martyrium
3242 5277 3442 5350 subiit,
3466 5280 3652 5336 vitam
3674 5282 3774 5336 ille

2113 5350 2497 5421 produxerit;
2532 5349 2854 5406 admodum
2877 5351 3205 5421 longmvum
3233 5349 3407 5421 illum
3443 5351 3629 5407 fuisse
3663 5370 3769 5408 ne-

2114 5420 2275 5476 eesse
2309 5429 2416 5502 est.
2449 5423 2523 5502 de
2553 5439 2669 5502 quo
2696 5424 2759 5502 in
2809 5420 3170 5502 I’Imloqpio,
3222 5420 3668 5502 _S.myrnaeorum
3702 5425 3773 5480 de

2115 5509 2358 5566 excessu
2391 5491 2585 5563 ipsius
2608 5492 2876 5566 Epistolas
2908 5491 3175 5566 praefixo,
3209 5491 3496 5550 diximus.
3537 5496 3736 5551 Usssn.

2185 5566 2256 5631 (7)
2287 5562 2549 5630 Photius,
2583 5562 2819 5618 Biblioth
2851 5607 2864 5628 ,
2895 5562 3024 5618 cod.
3062 5563 3185 5615 126.

2183 5636 2264 5712 (8)
2323 5635 2423 5712 T&_
2465 5636 2590 5712 παρ’
2623 5633 3175 5712 ῌὺμῷν--ᾁποκςιμίσῃ
3221 5632 3564 5712 Δγράιιιμπειςςι,
3637 5637 3770 5712 ὅπερ

2183 5653 2264 5704 (δ)
2323 5653 2406 5690 ἰἀ
2465 5653 2575 5762 παῖ
2647 5653 2798 5706 υμων
2861 5653 3175 5705 αποκομισῃ
3239 5653 3564 5707 γραμματα,
3637 5657 3768 5712 οπερ

2115 5707 2354 5778 ποιήσω.
2385 5707 2501 5765 Pro
2569 5709 2708 5781 μῶν,
2739 5708 2802 5764 in
2822 5705 3152 5779 Nicephoro
3179 5709 3240 5760 et
3268 5705 3628 5778 quibusdam
3658 5713 3768 5769 Eu-
