4026 6214
413 373 565 434 1023
1607 371 1670 432 5.
1718 370 2003 433 POLYCA

2223 372 2609 434 lAlt'l‘YﬂIS
3666 378 3813 436 1024

407 507 507 577 qui
541 506 794 561 omniaa
824 507 882 558 Β.
909 506 1131 559 Joanne
1162 509 1615 575 acta,tanquam
1639 505 1768 576 ejus
1790 504 2052 575 discipu-
2080 504 2130 569 Α
2161 505 2414 576 gravius,
2454 506 2825 574 accedamus,
2857 506 3015 576 quod
3066 505 3128 560 in
3178 507 3508 578 fragmento
3556 509 3811 564 secundo

401 595 513 660 lus,
541 596 630 648 vel
663 593 893 647 videbat
925 594 1072 663 ipse,
1097 593 1184 647 vel
1217 610 1287 649 ex
1311 611 1378 649 eo
1411 594 1710 662 audiebat,
1739 595 1828 650 vel
1859 612 1929 650 ex
1951 611 2048 650 co-
2156 600 2322 650 notat
2351 595 2761 650 Tillemontius
2784 595 2898 666 [19)
2931 612 2944 662 ;
2979 594 3081 650 ubi
3111 595 3297 651 fertur
3343 597 3598 652 Iacobus
3642 599 3814 654 Joan-

404 683 647 738 mitibus
669 681 1030 746 addiscebat,
1059 683 1414 754 scripsisset,
1450 684 1676 753 legitur,
1715 684 1883 754 quasi
1942 684 2049 738 sci-
2156 685 2248 738 nis
2279 685 2481 751 frater,
2504 688 2824 740 novissimus
2854 686 3136 756 martyrio
3160 685 3448 754 sublatus;
3483 689 3586 758 qui
3614 695 3809 743 tamen

403 771 559 833 licet,
586 770 643 824 id
676 786 794 824 non
827 769 1062 825 aliunde
1082 788 1259 841 quam
1290 788 1359 826 ex
1385 773 1556 826 libris
1581 773 1795 838 sciret;
1819 771 1921 827 sed
1944 789 2052 843 po-
2147 775 2362 843 primus
2393 775 2550 828 inter
2569 774 2866 845 apostolos
2896 791 3002 844 pro
3034 775 3262 829 L‘hristo
3307 777 3664 848 sanguinem
3717 777 3807 832 fu-

404 861 521 913 tius
554 859 904 931 simpliciter
960 869 1136 931 atque
1193 861 1461 917 absolute
1530 861 1779 917 dixisset
1834 879 1845 916 :
1906 862 2050 916 Idem
2155 861 2312 917 disse
2345 863 2689 933 perhibetur
2721 879 2733 917 :
2769 869 2833 918 ut
2859 863 3108 933 proinde
3162 865 3459 920 sententia
3511 865 3805 937 ejusmodi

401 949 641 1003 Joannec
669 951 724 1003 in
756 949 902 1004 dolio
932 951 1198 1018 ferventis
1229 952 1358 1016 olei,
1420 952 1624 1008 Christi
1679 955 1895 1006 nomine
1952 951 2045 1005 de-
2154 951 2474 1022 Polycarpo
2510 967 2755 1023 prorsus
2778 951 3022 1023 indigna
3048 951 3334 1009 videatur.
3361 953 3582 1008 Verum
3606 971 3683 1009 ne
3706 956 3810 1009 ista

403 1053 606 1091 mersus
635 1041 794 1106 fuit:
841 1039 999 1108 quod
1059 1039 1230 1111 longe
1276 1041 1566 1111 majorem
1616 1041 1731 1094 vim
1783 1040 2047 1108 haberet,
2156 1041 2398 1111 quidem
2423 1039 2677 1110 objectio
2709 1041 3013 1111 negotium
3044 1041 3230 1096 ullum
3290 1042 3586 1098 facessere
3647 1061 3807 1098 com-

404 1142 580 1195 quam
609 1127 765 1182 istud
793 1129 1118 1196 tegiturEst
1148 1129 1309 1184 enim
1327 1129 1450 1184 haec
1475 1146 1581 1184 vox
1604 1129 1675 1184 de
1707 1129 1884 1184 rebus
1911 1135 2048 1184 ante
2156 1130 2384 1199 peritur
2424 1146 2438 1195 ;
2473 1130 2701 1201 Agesis,
2733 1130 2824 1185 fac
2856 1129 3123 1198 demum,
3157 1131 3219 1186 in
3246 1148 3353 1186 suo
3387 1138 3551 1187 textu
3580 1127 3812 1204 ἔσχατον

405 1221 607 1269 nostra
638 1220 906 1286 tempora
928 1218 1394 1287 prasteritis,non
1416 1235 1551 1274 vero
1582 1219 1652 1273 de
1686 1218 1758 1273 iis
1789 1235 1917 1288 quae
1937 1235 2048 1272 no-
2156 1218 2366 1288 legisse
2422 1219 2808 1290 interpretem
2835 1240 2849 1284 ;
2885 1236 3062 1290 quam
3093 1221 3334 1290 quidem
3382 1239 3589 1277 vocem
3640 1223 3810 1278 obvio

407 1307 528 1357 stra
559 1305 1164 1376 memoria,nobisque
1197 1307 1523 1362 viventibus
1555 1314 1613 1362 et
1638 1308 1760 1362 fere
1789 1307 2044 1362 videnti-
2153 1324 2332 1362 sensu
2388 1315 2714 1380 acceptam,
2767 1309 3120 1364 novissimum
3171 1311 3371 1366 Latine
3439 1311 3808 1367 reddendam

407 1391 540 1460 bus,
572 1393 728 1447 circa
752 1395 974 1449 amicos
1005 1400 1236 1450 nostros
1267 1402 1325 1450 et
1354 1399 1667 1468 magistros
1697 1397 1994 1451 accidunt.
2015 1415 2045 1448 ο
2154 1395 2388 1450 duxerit
2415 1411 2429 1461 ;
2463 1411 2538 1450 an
2586 1395 2719 1451 ideo
2759 1397 2960 1451 statim
2990 1398 3208 1451 erroris
3267 1399 3608 1470 argueudus
3646 1400 3812 1472 Frag-

411 1480 543 1534 Haec
574 1481 918 1538 Halloixius.
952 1485 1019 1538 Et
1050 1491 1208 1539 recte
1235 1502 1397 1540 sane.
1432 1487 1578 1540 Hinc
1610 1486 1774 1540 locus
1806 1485 1908 1540 ille
1961 1483 2050 1539 vel
2154 1492 2490 1540 mentorum
2523 1486 2774 1540 auctor?
2800 1487 2922 1541 imo
2954 1504 3088 1541 vero
3123 1487 3222 1542 ille
3273 1488 3605 1542 rectissime
3668 1489 3805 1544 scri-

409 1587 479 1624 ex
506 1571 1008 1644 Tertulliano(l7),
1041 1574 1129 1628 vel
1177 1590 1244 1628 ex
1305 1575 1658 1647 Hieronymo
1699 1575 1800 1646 qui
1833 1575 1905 1629 ab
1939 1575 2048 1628 hoc
2151 1575 2356 1646 pserit,
2387 1573 2666 1628 Iacobum
2687 1570 2918 1651 ἔσχατον
2938 1577 3223 1646 martyrio
3255 1584 3812 1648 consumptum,ea-

408 1660 693 1730 scriptore
733 1661 1006 1717 Africano
1039 1679 1168 1717 eam
1224 1664 1627 1719 narrationem
1658 1663 1883 1735 accepit
1911 1664 2045 1730 (18),
2154 1680 2267 1734 que
2299 1681 2407 1717 vox
2439 1663 2719 1718 vertenda
2748 1664 2926 1718 fuerit
2979 1665 3244 1734 primum.
3275 1682 3394 1720 non
3429 1673 3632 1720 autem
3665 1670 3815 1722 novis

405 1748 635 1803 videtur
663 1749 947 1820 adjectus.
974 1752 1124 1816 Quid
1155 1768 1288 1808 vero
1319 1754 1365 1807 si
1408 1754 1740 1808 membrum
1770 1753 1940 1820 illud,
1973 1751 2046 1807 ab
2151 1753 2595 1809 simum.Vadem
2628 1754 2783 1809 ultro
2807 1755 2903 1809 hic
2933 1771 3060 1810 sese
3084 1755 3227 1810 mihi
3248 1756 3416 1811 otl'ert
3450 1758 3803 1827 Hesychius:

407 1837 603 1892 aliena
630 1855 808 1894 manu
831 1857 946 1894 ora:
970 1841 1189 1896 codicis
1221 1842 1402 1896 Graeci
1422 1859 1536 1913 quo
1570 1859 1711 1897 usus
1742 1849 1830 1898 est
1850 1842 1997 1896 Victi

2215 1844 2789 1915 ίσχατονΞπρῶτον.
2848 1844 3114 1898 Glossam
3174 1845 3605 1915 Hesychianam
3669 1863 3805 1901 con-

407 1924 696 1995 additum,
722 1928 1014 2000 interpres
1063 1930 1273 1984 exinde
1327 1930 1486 1986 aliud
1530 1947 1709 2002 agens
1763 1931 1824 1985 in
1880 1946 2048 1984 suam
2081 1924 2123 1936 ”
2159 1933 2500 1988 ﬁrmaturus
2532 1931 2798 1987 eruditus
2828 1933 3186 1988 Abreschius
3218 1935 3277 1988 in
3308 1935 3534 1989 Miscetl.
3585 1935 3807 1990 Pinda-

409 2016 739 2071 versionem
773 2017 1087 2073 intulerit?
1130 2019 1278 2084 Quid
1303 2020 1349 2074 si
1390 2019 1686 2088 librarius,
1721 2022 1979 2074 Catenam
2017 2035 2052 2074 a
2158 2037 2290 2076 rum
2322 2021 2537 2076 excitat
2567 2023 2650 2077 sic
2680 2021 3025 2092 loquentem
3055 2025 3169 2093 (20)
3196 2040 3208 2077 :

411 2105 641 2160 Victore
676 2107 875 2162 Latine
929 2107 1221 2162 redditam
1253 2109 1613 2175 exscribens,
1658 2115 1834 2180 atque
1893 2108 2050 2162 idem

408 2195 741 2250 membrum
765 2197 921 2267 quod
951 2198 1166 2269 aliquis
1183 2198 1449 2254 eruditus
1470 2199 1720 2270 margini
1743 2197 2051 2270 adjecerit,

409 2285 708 2353 pertinere
732 2285 804 2340 ad
853 2303 1025 2342 suum
1077 2293 1303 2343 textum
1343 2289 1711 2354 existimans,
1763 2288 1823 2342 in
1878 2303 2050 2342 suum

411 2374 714 2444 exemplar
739 2375 1181 2445 conjiciendum
1204 2377 1473 2447 putarit?
2236 2372 2459 2427 Videsis
2490 2378 2872 2444 praestantem
2914 2374 3183 2444 Hesychii
3243 2374 3592 2443 editionem,
3651 2391 3688 2430 a
3737 2374 3810 2430 cl.

482 2461 656 2518 Aliud
688 2463 932 2534 insuper
955 2482 1207 2520 censura
1228 2465 1630 2520 notandumin
1651 2467 1743 2520 his
1764 2466 2058 2533 fragmen.
2159 2463 2384 2516 Joanne
2416 2461 2639 2516 Alberti
2672 2462 3022 2518 adornatam
3057 2464 3188 2535 (2t).
3233 2465 3314 2517 Ex
3369 2463 3585 2534 quibus
3641 2463 3811 2531 libet,

412 2552 484 2606 tis
499 2551 790 2608 detexisse
823 2553 934 2608 sibi
967 2554 1196 2610 videtur
1236 2557 1524 2624 Usserius,
1567 2572 1890 2626 eorumque
1950 2570 2055 2608 au—
2164 2552 2375 2606 horum
2409 2551 2878 2624 fragmentorum
2910 2553 3246 2608 auctoritati
3277 2569 3484 2624 parum
3521 2559 3623 2608 aut
3655 2553 3806 2608 nihil

409 2646 629 2695 ctorem
697 2639 1052 2716 ἀκυρολογεῖν
1115 2645 1484 2715 pronuntiat,
1530 2643 1671 2699 dum
1731 2645 1789 2699 in
1847 2644 2054 2714 quinto
2163 2641 2400 2697 officere
2432 2658 2564 2711 quae
2595 2640 2960 2713 objiciuntur
3001 2662 3013 2710 ;
3050 2657 3238 2712 eaque
3280 2642 3521 2697 demum
3582 2649 3648 2698 ut
3698 2643 3811 2697 vim

407 2730 708 2785 Christum
735 2735 910 2787 erucis
940 2733 1202 2787 vexillum
1226 2734 1600 2789 conscendisse
1622 2733 2052 2796 scribit.«Nam,
2164 2730 2452 2784 haberent
2480 2729 2763 2800 aliquam,
2811 2746 2840 2784 e
2875 2731 3072 2785 Graeco
3112 2730 3306 2801 potius
3333 2735 3495 2785 textu
3529 2747 3710 2802 quam
3741 2747 3810 2786 ex

405 2819 508 2886 ait,
527 2824 730 2889 gestari
760 2821 1001 2891 quidem
1031 2822 1310 2877 vexillum
1351 2825 1543 2878 crucis
1573 2841 1692 2877 non
1720 2823 1898 2878 semel
1947 2838 2054 2876 au-
2163 2821 2430 2874 versione
2453 2823 2653 2873 essent
2682 2817 3041 2874 deﬁnienda.

408 2907 659 2964 divimus
693 2926 707 2976 ;
741 2910 843 2964 sed
868 2927 1212 2966 conscensum
1235 2928 1268 2966 a
1296 2912 1525 2968 Christo
1566 2912 1747 2967 fuisse
1780 2911 2056 2966 vexillum
2235 2907 2522 2962 Caeterum
2556 2907 2603 2962 si
2638 2907 2781 2977 quid
2828 2906 3021 2962 adhuc
3079 2907 3545 2964 animadvertere
3609 2907 3804 2979 liceat,

404 2997 574 3060 illud,
609 2998 822 3052 nullibi
848 2999 1041 3054 adhuc
1084 3001 1439 3056 invenimus.
1476 3023 1502 3050 »
1534 3004 1608 3055 At
1658 3003 1766 3056 hoc
1815 3001 2054 3056 demum
2163 2996 2487 3068 putaverim
2520 2995 2795 3066 equidem
2827 2994 3276 3068 fragmentailla
3307 3013 3434 3052 esse
3484 3001 3806 3068 Responsio-

411 3085 556 3138 tanti
589 3102 708 3140 non
737 3093 846 3152 est,
878 3093 1023 3142 utea
1053 3088 1124 3144 de
1146 3105 1322 3144 causa
1341 3089 1671 3162 fragmenta
1695 3090 1790 3145 illa
1820 3090 2054 3161 penitus
2161 3102 2291 3140 num
2321 3091 2617 3155 excerpta,
2659 3090 2724 3139 ut
2754 3084 2869 3139 fert
2895 3085 3133 3155 quidem
3165 3086 3497 3158 inscriptio,
3523 3103 3671 3156 quas
3694 3089 3806 3141 Po-

407 3175 736 3244 rejicienda
765 3176 1046 3247 quisjure
1070 3177 1568 3234 definiat.Nullam
1599 3186 1756 3234 certe
1786 3176 2053 3252 ἀκυρολοο
2096 3247 2126 3252 _
2163 3175 2460 3246 lycarpus,
2490 3191 2523 3228 a
2555 3173 2675 3227 suis
2705 3173 3249 3246 interrogatus,sive
3272 3176 3669 3246 praesentibus
3692 3177 3806 3231 sive

411 3261 532 3337 γίαν
575 3263 796 3319 ibidem
851 3265 1102 3321 advertit
1132 3268 1366 3323 Grotius
1417 3269 1502 3322 vir
1557 3285 1845 3324 summus.
1893 3247 2056 3333 Quid
2086 3247 2129 3310 (ἶ
2163 3262 2710 3328 absentibus,edere
2743 3269 3156 3329 consueverat;
3181 3281 3431 3336 quaeque
3453 3265 3708 3336 proinde
3739 3265 3808 3320 ab

407 3369 585 3424 porro
617 3354 665 3408 si
697 3354 892 3409 Graace
925 3356 1481 3426 scripseriteqpeiov
1519 3358 1898 3429 Polycarpus,
1932 3374 2055 3412 cru-
2163 3353 2360 3425 aliquo
2391 3352 2479 3407 vel
2510 3351 2849 3407 auditorum
2873 3351 2960 3408 vel
2985 3369 3190 3408 eorum
3223 3354 3438 3425 quibus
3493 3355 3626 3425 ejus
3687 3355 3809 3426 epi-

407 3459 523 3496 cem
554 3443 911 3515 intelligens,
935 3451 1112 3516 atque
1145 3446 1282 3500 huic
1313 3447 1435 3502 voci
1468 3447 1707 3503 verbum
1729 3453 2050 3503 consenta-
2163 3442 2328 3498 stolm
2368 3440 2868 3504 inscribebantur,
2913 3442 3192 3513 deinceps
3217 3449 3475 3515 exceptaa
3510 3443 3810 3499 fuerintac

408 3548 587 3586 neum
645 3534 907 3604 aptarit?
963 3534 1055 3588 Sic
1110 3552 1251 3590 sane
1279 3535 1508 3592 locutus
1531 3543 1619 3592 est
1651 3538 1948 3592 Barnabas
1991 3537 2052 3592 in
2159 3532 2376 3587 litteris
2407 3531 2656 3585 traditaa.
2691 3530 2994 3600 Siquidem
3026 3532 3233 3587 beatus
3264 3532 3361 3587 ille
3392 3533 3647 3588 antistes
3679 3533 3811 3604 ple-

408 3622 591 3692 Epist.
631 3638 759 3694 cap.
825 3626 908 3679 12.
961 3623 1054 3679 Sic
1111 3624 1251 3680 item
1301 3626 1558 3697 Ignatius
1610 3627 1671 3681 in
1742 3627 1924 3697 Epist.
1979 3624 2053 3681 ad
2161 3622 2614 3692 rumquesedens
2645 3621 2960 3686 disserebat,
2995 3629 3162 3692 atque
3191 3623 3265 3676 ad
3305 3623 3577 3693 populum
3608 3639 3809 3678 sermo-

413 3711 646 3781 Smyrn.
707 3728 832 3784 cap.
916 3716 966 3783 1,
1052 3713 1154 3769 ubi
1211 3715 1458 3786 phrasin
1533 3712 1704 3788 αἴρειν
1775 3714 2003 3786 σύσσημ‹

2221 3728 2254 3767 rs
2295 3711 2566 3766 habebat:
2601 3727 2613 3763 :
2649 3709 3022 3780 Καθεζόμενος
3056 3706 3460 3783 διελέγετο,καῖ
3492 3711 3589 3772 τὰς
3629 3707 3811 3765 διαλὲ-

413 3807 659 3872 usurpat
706 3803 762 3856 S.
813 3805 1031 3874 Martyr
1090 3821 1102 3858 :
1181 3801 1480 3876 σύσσημον,
1569 3806 1835 3877 inquam,
1897 3821 2003 3876 quc

2222 3819 2267 3859 ις
2327 3799 2561 3853 ἐποιεῖτο
2630 3798 2766 3872 πρὸς
2819 3798 2880 3852 τὸ
2937 3797 3174 3870 πλῆθος,
3219 3807 3285 3856 ιιι
3314 3818 3422 3856 nos
3451 3801 3664 3857 edocet
3691 3803 3811 3856 Ire-

415 3889 701 3961 Hesychio
729 3897 788 3945 et
833 3891 1026 3947 Suidae
1077 3899 1166 3947 est
1221 3896 1630 3964 anastomﬂoc
1683 3896 1882 3964 itaque
1933 3893 2055 3948 for-
2164 3907 2328 3944 mnus
2350 3886 2626 3956 αὐτόπτης
2656 3888 2768 3960 (22)
2805 3905 2818 3954 ;
2852 3889 2951 3959 qui
2984 3895 3044 3944 et
3074 3890 3265 3960 ipsum
3298 3890 3370 3945 ad
3403 3889 3696 3961 quosdam
3747 3907 3812 3944 ex

2749 2135 3056 2210 ἁμιλλᾶται
3086 2138 3208 2212 περὶ

2565 2255 2848 2333 Ἐσχείτων
2879 2254 3088 2319 ἀέθλων
3127 2258 3398 2336 πορυφαίς

413 3983 568 4033 tasse
599 3980 865 4035 imitatus
897 3989 1136 4037 sanctus
1192 3983 1568 4054 Smyrnensis
1627 3985 1894 4050 antistes,
1927 3983 2054 4055 pari
2163 3979 2444 4034 fratribus
2466 3977 2742 4049 epistolas
2761 3977 3316 4034 missitasseibidem
3338 3978 3810 4044 refert.Accedit,

406 4065 684 4136 loquendi
717 4069 944 4123 ratione
979 4087 1118 4125 usus
1149 4070 1348 4140 fuerit,
1381 4073 1770 4142 quamminus
1791 4071 2055 4144 apposite
2163 4069 2494 4139 fragmenta
2518 4067 2618 4122 illa
2638 4067 2834 4122 saeculi
2860 4068 3166 4139 apostolici
3189 4069 3428 4141 genium
3453 4069 3812 4140 exprimere,

409 4154 732 4209 reddiderit
763 4162 926 4211 vetus
957 4157 1270 4228 interpres.
2165 4173 2414 4227 eamque
2446 4155 2888 4226 simplicitatem
2911 4173 3117 4227 sapere
3148 4174 3325 4228 quam
3367 4157 3623 4228 ipsamet
3643 4156 3815 4228 Poly-

482 4243 719 4310 Verum,
751 4243 844 4298 his
877 4245 1094 4314 missis,
1125 4246 1199 4302 ad
1251 4246 1397 4303 illud
1428 4249 1646 4319 potius,
1697 4256 1755 4304 et
1813 4249 2055 4320 quidem
2167 4247 2327 4317 carpi
2358 4245 2619 4316 Epistola
2639 4244 2863 4316 spirare
2903 4244 3284 4316 dignoscitur.

613 4401 855 4498 lertull.
894 4404 963 4498 De
993 4405 1350 4498 Praescrith
1368 4423 1494 4479 cap.
1523 4408 1610 4463 36.
1644 4481 1708 4498 Μ
2072 4435 2115 4498 D
2366 4401 3567 4498 'Hesych.edit;Alb._tom..l;c‘ol;hl£7§,
3591 4408 3813 4498 motui.

478 4473 586 4550 (lg!
613 4474 848 4550 llieron.
881 4478 1006 4532 adv.
1033 4473 1241 4550 Jovin.,
1276 4473 1377 4533 lib.
1412 4473 1457 4540 ιζ
1485 4495 1611 4550 cap.
1644 4481 1733 4532 26.
2075 4473 2115 4498 "
2159 4549 2167 4550 ί
2205 4479 2342 4550 ί(22)
2366 4475 2718 4550 Ιιδθῐιησρὶει.
2751 4473 2824 4528 ad
2864 4473 3099 4542 Florin.,
3141 4475 3298 4545 apud
3348 4475 3586 4542 Euseb.,
3619 4477 3687 4532 Η.
3714 4477 3807 4539 Ε..

476 4546 588 4623 (ξὲ)
620 4545 1221 4623 ῙξιιεξωγΜέηῑβοοιη
1254 4555 1398 4604 tom.
1422 4551 1493 4620 Il,
1548 4545 1606 4623 ᾖ,
1657 4552 1782 4621 645,
1821 4555 1946 4608 not.
1987 4552 2040 4606 4.
2155 4549 2260 4604 lib.
2287 4565 2340 4617 v,
2372 4563 2500 4618 cap.
2527 4548 2616 4601 20.

473 4615 586 4686 (20)
618 4617 786 4673 Pind.
821 4622 974 4676 Nem.
1008 4620 1108 4678 od.
1150 4638 1206 4690 x,
1239 4624 1326 4676 59.
