4004 6218
183 335 330 399 1025
1645 337 1847 398 FllAG

1960 336 2135 397 ENTA
3436 342 3590 407 1026

1508 709 2257 803 FRAGMENTA

885 945 929 998 E
967 942 1507 999 RESPONSIONUM
1546 942 1914 998 CAPITUL‘S
1955 943 2010 998 S.
2054 943 2474 998 POLYCARPO
2513 945 2897 1016 ASCRIPTIS,

880 1153 1123 1214 Victoris
1152 1151 1414 1233 episcopi
1448 1149 1721 1232 σαρααηί
1754 1155 1992 1214 Catenae
2023 1152 2086 1210 in
2116 1169 2176 1210 ιν
2209 1150 2270 1212 Ε
2274 1155 2636 1232 vangelistas
2668 1155 2912 1216 inserta.

1866 1364 1910 1418 Ι.

261 1553 562 1608 Matthaaus
623 1551 936 1606 Dominum
997 1549 1217 1604 dixisse
1301 1552 1552 1604 testatur
1578 1548 1619 1616 ³,
1677 1545 1833 1618 quod
1866 1549 1917 1613 Α
1947 1546 2340 1618 inspiratione
2371 1548 2569 1604 divina
2599 1551 2988 1622 prophetavit,
3040 1553 3167 1624 ipse
3197 1571 3231 1610 ει
3260 1558 3454 1628 Moyse
3483 1557 3597 1614 hoc

187 1643 420 1714 Moyses
462 1641 668 1696 scribit
697 1639 876 1694 Adam
908 1639 1174 1694 locutum
1218 1637 1399 1692 fuisse
1448 1638 1560 1692 hoc
1615 1636 1791 1692 modo
1823 1651 1835 1689 :
1947 1635 2168 1691 dixisse
2198 1637 2473 1692 refertur.
2506 1640 2661 1693 Deus
2693 1657 2826 1694 vero
2854 1640 2954 1711 qui
2988 1658 3094 1713 per
3143 1644 3593 1716 inspirationem

194 1755 215 1780 ι
255 1732 370 1785 Hoc
401 1746 561 1786 nunc
587 1746 653 1783 os
683 1745 756 1782 ex
788 1728 1018 1783 ossibus
1049 1726 1221 1790 meis,
1255 1732 1313 1780 et
1365 1742 1500 1780 caro
1547 1743 1613 1779 ex
1664 1741 1840 1780 carne
1947 1724 2206 1780 divinam
2241 1726 2300 1780 in
2334 1727 2508 1781 corde
2542 1728 2727 1783 Adam
2761 1729 2875 1784 ista
2906 1731 3080 1786 verba
3121 1732 3415 1802 formavit,
3470 1737 3594 1808 ipse

192 1835 364 1876 mea:
409 1823 652 1889 propter
681 1817 793 1871 hoc
824 1816 1126 1886 relinquet
1157 1815 1333 1868 homo
1371 1819 1602 1885 patrem
1636 1818 1695 1868 et
1723 1829 1848 1868 ma-
1945 1815 2120 1869 Pater
2150 1831 2184 1869 a
2213 1816 2459 1871 Domino
2491 1823 2648 1872 recte
2680 1817 2912 1874 locutus
2941 1819 3121 1876 fuisse
3145 1821 3412 1877 refertur.
3448 1825 3590 1880 Nam

187 1914 340 1964 trem
373 1909 412 1975 δ,
445 1929 474 1957 »
508 1911 617 1961 etc.
652 1905 763 1960 Sed
795 1905 1158 1960 concordant
1194 1903 1428 1958 Domini
1481 1903 1658 1958 verba
1706 1919 1840 1958 cum
1949 1909 2006 1958 et
2029 1903 2216 1958 Adam
2253 1905 2404 1960 hanc
2434 1907 2803 1978 prophetiam
2837 1909 3118 1979 protulit;
3170 1917 3229 1966 et
3273 1913 3448 1967 Pater
3493 1913 3591 1984 qui

189 1997 369 2069 Moysi
399 1994 808 2060 sermonibus;
843 1995 943 2065 qui
987 1993 1172 2048 Adam
1229 1993 1504 2064 praabens
1553 1992 1833 2062 ofﬁcium,
1947 2010 2086 2050 eum
2117 1994 2448 2066 inspiravit,
2479 2001 2637 2052 recte
2668 1997 2886 2053 dicitur
2912 2000 3250 2071 protulisse,

1859 2164 1932 2223 ΙΙ.

719 2340 875 2406 lnam,
917 2337 990 2392 ad
1020 2336 1139 2394 haec
1167 2337 1334 2391 verba
1363 2336 1606 2391 Christi:
1641 2357 1662 2385 ι
1699 2334 1938 2392 Calicem
1963 2354 2140 2393 meum
2175 2339 2388 2406 bibet-is,
2421 2344 2532 2396 etc.
2568 2340 2786 2412 (Matth.
2820 2359 2916 2410 xx,
2950 2345 3062 2414 23.)

261 2524 371 2576 Per
396 2519 740 2592 hujusmodi
771 2524 1000 2591 potum,
1033 2517 1329 2590 signiﬁcat
1369 2517 1729 2589 passionem.
1769 2519 1838 2571 Et

185 2611 472 2667 Iacobum
501 2610 742 2682 quidem
773 2608 1162 2664 novissimum
1217 2607 1501 2678 martyrio
1551 2623 1837 2662 consum-

186 2702 477 2759 mandum
505 2720 518 2768 ;
550 2701 794 2756 fratrem
815 2717 950 2756 vero
981 2701 1108 2771 ejus
1129 2700 1422 2754 Joannem
1445 2698 1838 2752 transiturum

186 2792 414 2861 absque
444 2791 722 2861 martyrio
751 2806 764 2844 :
784 2790 1052 2860 quamvis
1074 2794 1133 2843 et
1148 2789 1208 2843 af
1209 2787 1505 2842 ﬂictiones
1525 2787 1836 2858 plurimas,

187 2887 249 2936 et
275 2880 482 2936 exsilia
495 2877 962 2944 toleraverit;sed
977 2882 1367 2950 praeparatam
1381 2878 1664 2948 martyrio
1677 2893 1841 2932 men-

185 2975 330 3030 tem.
365 2969 628 3024 Christus
653 2966 1279 3039 martyremjudicavit
1297 2965 1340 3020 ⁵.
1367 2967 1511 3020 Nam
1535 2965 1840 3036 apostolus

182 3059 425 3126 Paulus,
461 3080 488 3109 «
522 3057 1050 3130 Quotidie(inquit)
1075 3055 1339 3112 morior‘
1363 3073 1374 3111 :
1398 3078 1426 3108 υ
1455 3055 1835 3127 dumimpos-

1949 2517 2121 2574 sibile
2152 2520 2228 2574 sit
2257 2520 2519 2590 quotidie
2549 2522 2700 2577 mori
2733 2523 3036 2579 hominem
3095 2542 3163 2580 ea
3210 2531 3422 2594 morte,
3474 2543 3591 2598 qua

1950 2608 2135 2663 semel
2165 2609 2283 2663 vita
2304 2609 2430 2665 haec
2453 2609 2678 2665 ﬁnitur.
2715 2612 2828 2667 Sed
2852 2615 3134 2683 quoniam
3154 2633 3258 2687 pro
3280 2617 3593 2688 Evangelio

1950 2697 2024 2752 ad
2055 2703 2306 2753 mortem
2332 2699 2556 2771 jugiter
2589 2706 2716 2756 erat
2747 2709 3129 2774 praeparatus,
3163 2721 3223 2759 se
3265 2706 3416 2760 mori
3449 2722 3600 2776 quo-

1949 2787 2097 2843 tidie
2128 2788 2234 2842 sub
2270 2804 2338 2843 ea
2371 2789 2808 2860 significatione
2831 2797 3078 2848 testatus
3135 2800 3242 2849 est.
3280 2795 3513 2867 Legitur
3543 2801 3603 2849 et

1949 2878 2014 2933 in
2045 2877 2205 2932 dolio
2236 2879 2520 2934 ferventis
2554 2881 2692 2947 olei,
2722 2898 2828 2952 pro
2859 2884 3101 2938 nomine
3130 2885 3368 2949 Christi,
3398 2886 3605 2941 beatus

1947 2967 2207 3022 Joannes
2240 2967 2421 3023 fuisse
2457 2968 2786 3025 demersus.

1860 3225 1959 3282 Ill.

1195 3389 1352 3457 IDEM,
1397 3392 1474 3444 De
1503 3386 1666 3443 initio
1701 3387 2016 3458 Evangelisi
2044 3390 2342 3446 secundum
2373 3393 2646 3448 Marcum.

272 3551 725 3609 Rationabiliter
755 3550 1125 3624 evangelista)
1155 3549 1465 3622 principiis
1507 3548 1752 3603 diversis
1783 3564 1848 3602 u-
1883 3550 1930 3615 B
1959 3548 2208 3621 incipit:
2243 3556 2308 3604 ut
2337 3550 2465 3622 ejus
2495 3551 2601 3606 ﬁlii
2631 3552 2918 3608 miraculo
2950 3555 3292 3623 nativitatis,
3354 3561 3410 3610 et
3457 3558 3604 3611 tanti

202 3641 703 3712 tuntur;quamvis
716 3656 836 3695 una
849 3639 1175 3710 eademque
1195 3637 1631 3710 evangelizandi
1646 3653 1853 3691 eorum

200 3732 485 3804 probetur
515 3730 787 3785 intentio.
822 3729 1152 3795 Matthzeus,
1183 3732 1249 3782 ut
1280 3726 1540 3781 Hebraeis
1563 3725 1851 3794 scribens,

201 3819 558 3893 genealogiaa
590 3819 804 3874 Christi
836 3817 1107 3873 ordinem
1139 3817 1360 3873 texuit:
1392 3821 1457 3870 ut
1489 3814 1854 3884 ostenderet,

199 3911 275 3966 ab
310 3926 377 3965 ea
408 3908 708 3963 Christum
737 3906 1118 3962 descendisse
1155 3905 1451 3978 progenie,
1477 3905 1547 3960 de
1575 3921 1691 3974 qua
1718 3919 1854 3958 eum

199 3999 569 4054 nasciturum
599 3997 862 4052 universi
896 3996 1200 4068 prophetae
1232 3995 1855 4050 cecinerantJoannes

197 4095 397 4145 autem
418 4088 494 4142 ad
513 4088 810 4158 Ephesum
836 4084 1334 4155 constitutus,qui
1357 4083 1549 4156 legem
1570 4090 1854 4154 tanquam

196 4195 265 4233 ex
294 4177 568 4250 gentibus
602 4177 980 4249 ignorabant,
1005 4191 1040 4230 a
1062 4190 1239 4230 causa
1258 4181 1474 4229 nostra)
1500 4172 1855 4244 redemptio-

198 4268 293 4322 nis
324 4267 620 4339 Evangelii
656 4266 910 4338 sumpsit
939 4264 1250 4321 exordium
1280 4280 1445 4334 :qua)
1470 4279 1650 4318 causa
1682 4280 1755 4318 ex
1787 4279 1856 4317 eo

196 4362 464 4428 apparet,
489 4356 646 4427 quod
676 4357 891 4411 Filium
921 4371 1094 4410 suum
1128 4355 1280 4408 Deus
1299 4369 1411 4425 pro
1437 4357 1639 4406 nostra
1661 4351 1855 4407 salute

194 4446 382 4501 voluit
412 4445 727 4500 incarnari.
764 4446 946 4500 Lucas
979 4459 1113 4498 vero
1147 4442 1492 4498 aZachariaa
1527 4439 1855 4496 sacerdotio

1960 3639 2367 3709 prmdicatoris
2399 3641 2614 3709 officio,
2647 3640 3017 3698 divinitatem
3065 3645 3280 3700 Christi
3333 3645 3606 3716 gentibus

1960 3727 2312 3783 declararet.
2337 3730 2501 3784 Unde
2524 3736 2581 3785 et
2613 3733 2836 3786 Marcus
2868 3733 3112 3802 antiqua
3141 3734 3464 3805 pr0phetici
3489 3751 3607 3804 my-

1963 3816 2127 3871 sterii
2145 3818 2545 3888 competentia
2566 3819 2842 3874 adventui
2859 3820 3074 3875 Christi
3098 3820 3387 3888 declarat;
3405 3829 3468 3877 ut
3486 3840 3605 3878 non

1963 3923 2132 3973 nova,
2165 3906 2270 3962 sed
2298 3908 2627 3978 antiquitus
2655 3909 2885 3979 prolata
2914 3911 3043 3981 ejus
3098 3911 3438 3983 prmdicatio
3470 3930 3603 3984 pro.

1963 3996 2223 4053 baretur.
2257 3999 2372 4052 Aut
2401 4013 2506 4068 per
2536 3997 2647 4053 hoc
2679 3999 3052 4071 evangelistis
3081 4016 3238 4055 curm
3269 4000 3400 4065 fuit,
3425 4017 3494 4056 eo
3520 4001 3604 4057 uti

1964 4086 2270 4160 prommio,
2303 4087 2461 4158 quod
2482 4087 2891 4157 unusquisque
2901 4087 3210 4158 judicabat
3238 4089 3608 4144 auditoribus

1965 4181 2258 4247 expetere.
2294 4175 2453 4230 Nihil
2473 4191 2609 4248 ergo
2627 4175 2991 4232 contrarium
3015 4178 3439 4247 reperitur,ubi
3472 4178 3612 4233 licet

1964 4266 2212 4322 diversis
2243 4266 2500 4337 scriptis,
2536 4266 2611 4322 ad
2642 4266 2912 4321 eamdem
2943 4272 3144 4322 tamen
3186 4267 3440 4339 patriam
3471 4285 3610 4339 per-

1962 4357 2214 4412 venitur.

1859 4613 1953 4666 IV.

535 4784 686 4849 Iesu,
719 4781 776 4834 in
808 4779 952 4834 illud
981 4797 1000 4833 :
1039 4797 1058 4824 α
1093 4777 1218 4833 Noti
1245 4791 1439 4832 vocare
1468 4777 1670 4832 amicos
1701 4781 1841 4843 tuos,
1867 4771 1962 4829 sed
1980 4785 2253 4842 pauperes
2283 4775 2334 4824 et
2367 4767 2590 4838 debiles,
2634 4789 2662 4817 »
2694 4773 2806 4824 etc.
2840 4770 2993 4838 (Luc.
3024 4787 3138 4836 xiv,
3183 4771 3293 4844 12.)

268 4953 580 5024 Praecepit,
615 4968 735 5007 non
766 4951 1011 5018 amicos,
1046 4948 1150 5005 sed
1181 4949 1451 5004 inﬁrmos
1473 4963 1740 5019 quosque
1762 4963 1858 5001 vo-
1897 4948 1938 5014 ί]
1969 4943 2214 5008 amicos,
2247 4941 2524 5005 arbitror,
2557 4940 2810 5014 intelligi
2842 4941 2954 4998 hoc
2986 4942 3114 4998 loco
3138 4943 3423 5003 debemus
3455 4949 3614 5021 illos,

192 5044 425 5103 candos
457 5042 530 5097 ad
561 5041 897 5113 prandium.
933 5038 1097 5107 Quod
1131 5039 1180 5094 si
1212 5039 1459 5094 claudus
1481 5043 1583 5092 aut
1607 5035 1859 5107 quilibet

191 5153 412 5194 eorum
442 5135 518 5189 sit
547 5134 794 5200 amicus,
838 5134 964 5188 sine
1023 5131 1205 5186 dubio
1257 5129 1392 5185 talis
1440 5144 1546 5199 pro
1596 5126 1860 5182 amicitia

189 5226 453 5282 minime
483 5229 572 5278 est
601 5222 900 5294 rogandus
925 5241 938 5288 ;
973 5221 1130 5276 unde
1153 5219 1281 5290 ipsa
1311 5217 1476 5289 quasi
1502 5216 1775 5270 videntur
1797 5230 1857 5268 se

189 5317 555 5386 impugnare
589 5311 888 5368 mandata.
919 5312 1063 5365 Nam
1099 5309 1145 5364 si
1179 5325 1296 5364 non
1329 5305 1635 5374 amici,sed
1661 5303 1857 5359 claudi

187 5410 256 5461 et
287 5403 433 5460 caeci
467 5406 605 5457 sunt
647 5400 960 5467 invitandi,
1030 5398 1309 5470 ipsosque
1352 5410 1586 5467 quoque
1637 5392 1860 5448 amicos

189 5509 339 5550 esse
374 5492 698 5563 contingat,
733 5505 1112 5562 nequaquam
1143 5502 1348 5560 rogare
1397 5483 1702 5539 debemus.
1746 5481 1858 5538 Sed

1967 5051 2115 5106 quos
2146 5050 2251 5104 pro
2281 5029 2491 5086 mundi
2523 5030 2700 5100 hujus
2731 5035 2967 5087 terrena
2988 5033 3461 5092 consideratione
3487 5039 3618 5094 dili-

1967 5123 2181 5196 gimus,
2213 5137 2335 5176 non
2368 5136 2473 5190 pro
2507 5119 2720 5174 divinas
2743 5122 3258 5192 contemplationis
3289 5125 3526 5181 intuitu.
3546 5129 3613 5183 Hi

1969 5217 2104 5268 sunt
2137 5211 2317 5283 igitur
2346 5208 2519 5264 amici
2553 5208 2951 5279 relinquendi.
2987 5212 3270 5283 Denique,
3303 5214 3436 5270 ideo
3456 5215 3616 5271 debi-

1967 5299 2116 5354 lium
2135 5295 2409 5366 exempla
2432 5295 2916 5366 proposuit,quos
2939 5315 3043 5368 pro
3068 5299 3291 5356 nullius
3303 5317 3618 5372 possumus

1969 5391 2246 5458 appetere
2271 5384 2627 5439 necessitate
2644 5385 2884 5456 negotii,
2905 5386 3017 5441 nisi
3053 5392 3277 5443 tantum
3303 5407 3408 5461 pro
3425 5390 3619 5448 fructu

1969 5473 2378 5531 retributionis
2411 5479 2668 5528 internas.

277 5635 302 5670 ⁸
338 5634 543 5690 Matth.
585 5651 707 5703 xix,
741 5637 793 5688 5.
871 5632 894 5666 ⁴
926 5633 1067 5689 Gen.
1101 5647 1162 5686 ιι.
1197 5631 1285 5687 24.
1360 5627 1385 5663 ⁸
1413 5628 1539 5684 Act.
1569 5642 1672 5695 xu,
1698 5627 1752 5694 2,
1831 5621 1847 5657 ε

1960 5623 2067 5679 lor.
2099 5633 2189 5684 xv,
2221 5617 2278 5670 31
2295 5655 2309 5670 .
