4004 6218
436 325 584 390 1031

1621 323 1685 383 S.
1735 322 2252 387 POLYCAllPUS
2300 325 2655 389 MARTYR.

3630 333 3746 396 1032

431 464 556 517 tem
588 475 793 517 eorum
820 462 875 514 et
906 456 1252 530 patientiam
1285 459 1344 511 et
1374 469 1513 527 erga
1539 453 1857 511 Dominum
1884 456 2064 512 chari-

2192 455 2280 511 καὶ
2315 457 2717 529 ὑπομονητικὸν
2749 458 2838 513 καὶ
2889 455 3280 535 φιλοδέσποτον
3330 457 3406 522 τίς
3442 461 3530 515 οὐκ
3555 463 3604 516 ἃν
3641 466 3747 519 θειο-

433 557 618 608 tatem
649 567 767 605 non
793 547 1135 613 admiretur,
1162 545 1263 616 qui
1284 543 1536 617 ﬂagellis
1557 544 1704 600 adeo
1727 544 1991 610 lacerati,
2014 552 2079 601 ut

433 641 509 696 ad
540 640 777 695 intimas
808 652 997 707 usque
1028 651 1206 690 venas
1239 640 1296 689 et
1325 633 1573 691 arterias
1606 635 1870 707 corporis
1919 641 2077 691 stru-

432 736 599 785 ctura
621 730 983 791 cerneretur,
1010 730 1208 779 tamen
1232 725 1644 780 sustinuerunt
1666 742 1679 792 ;
1699 725 1870 791 ita,ut
1896 726 2073 780 etiam

428 824 689 875 astantes
719 816 1151 870 miserarentur
1198 820 1256 869 et
1301 814 1668 886 plangerent,
1696 813 1809 885 ipsi
1840 831 1972 870 vero
2006 830 2073 869 eo

422 906 790 964 fortitudinis
820 905 1109 972 venirent,
1132 910 1199 959 ut
1219 921 1392 959 nemo
1424 905 1661 960 illorum
1694 919 1889 975 neque
1917 921 2073 960 mur-

421 1001 688 1051 muraret
708 1011 903 1066 neque
926 993 1647 1067 ingemisceret,omnibus
1671 993 2072 1059 ostendentes,

424 1085 584 1158 quod
615 1091 905 1158 martyres
928 1083 1143 1139 Christi
1166 1084 1311 1139 hora
1332 1084 1443 1138 ista
1473 1100 1591 1154 qua
1620 1083 2073 1153 torquebantur,

426 1184 595 1233 extra
641 1192 881 1232 carnem
925 1176 1169 1240 fuerint,
1217 1179 1320 1230 aut
1366 1173 1748 1246 potius,quod
1787 1174 2073 1228 Dominus

426 1268 715 1324 assistens
736 1283 871 1321 cum
890 1266 1034 1337 ipsis
1051 1270 1208 1320 esset
1224 1264 1554 1320 collocutus
1572 1267 1594 1319 Ρ
1610 1266 1799 1334 Atque
1820 1263 1894 1318 ad
1915 1263 2074 1318 Chri-

423 1359 496 1415 sti
519 1358 768 1430 gratiam
788 1356 1165 1412 attendentes
1185 1354 1488 1410 mundana
1510 1358 1809 1409 tormenta
1829 1370 2074 1425 sperne-

423 1447 588 1514 bant,
621 1448 800 1502 unius
830 1447 991 1501 horai
1024 1445 1214 1517 spatio
1246 1461 1309 1499 se
1339 1444 1411 1499 ab
1458 1448 1682 1498 aeterna
1712 1459 1883 1514 pmna
1914 1442 2070 1497 redi-

422 1535 1068 1609 mentes.Frigidusque
1087 1534 1232 1605 ipsis
1248 1533 1556 1588 videbatur
1571 1533 1723 1604 ignis
1741 1531 2070 1587 crudelium

425 1625 791 1682 carniﬁcum.
818 1627 943 1679 Praa
971 1624 1158 1680 oculis
1184 1623 1343 1678 enim
1371 1622 1671 1678 habebant
1692 1621 1885 1693 fugam
1911 1621 2073 1675 illius

423 1714 596 1786 ignis,
633 1714 732 1784 qui
765 1716 1023 1768 aeternus
1069 1717 1161 1767 est
1207 1717 1266 1767 et
1308 1727 1614 1782 nunquam
1646 1710 2072 1781 exstinguetur,

427 1809 486 1858 et
516 1802 701 1857 oculis
724 1800 920 1856 cordis
941 1799 1340 1871 respiciebant
1359 1799 1431 1855 ad
1456 1816 1525 1854 ea
1545 1799 1859 1868 bona,quee
1885 1813 2073 1853 reser-

424 1898 636 1949 vantur
666 1890 1117 1959 sustinentibus,
1151 1913 1177 1941 «
1209 1907 1340 1962 quae
1371 1906 1481 1945 nec
1510 1889 1671 1945 auris
1710 1888 1933 1944 audivit
1961 1905 2072 1944 nec

423 1982 630 2038 oculus
659 1981 827 2048 vidit,
860 1997 972 2039 nec
1002 1980 1064 2035 in
1096 1996 1198 2035 cor
1245 1978 1507 2035 hominis
1537 1977 2005 2045 ascenderunt",
2039 1998 2068 2027 ››

420 2089 552 2144 quas
589 2087 723 2126 vero
755 2087 793 2127 a
821 2070 1071 2126 Domino
1103 2073 1432 2125 monstrata
1461 2074 1601 2123 sunt
1621 2066 1715 2138 iis,
1736 2073 1941 2140 utpote
1966 2067 2071 2139 qui

419 2179 544 2218 non
572 2160 845 2217 homines
875 2158 1148 2231 amplius,
1174 2157 1277 2215 sed
1291 2158 1419 2230 jam
1442 2156 1636 2227 angeli
1657 2163 1876 2213 essent.
1893 2157 2068 2212 Simi-

418 2252 557 2307 liter
586 2251 687 2322 qui
721 2250 793 2306 ad
822 2249 1043 2304 bestias
1072 2253 1242 2305 erant
1271 2247 1672 2316 condemnati,
1696 2263 1900 2320 graves
1931 2264 2064 2303 cru-

419 2343 609 2398 ciatus
638 2339 1031 2413 pertulerunt,
1092 2355 1270 2411 super
1326 2337 1582 2392 murices
1637 2337 1938 2409 prostrati,
1967 2352 2068 2391 va-

418 2431 642 2501 riisque
674 2430 807 2485 aliis
838 2429 1150 2485 tormentis
1206 2427 1551 2492 excruciati,
1585 2432 1670 2493 ut,
1712 2428 1761 2482 si
1803 2426 1930 2482 fieri
1960 2443 2067 2498 po-

419 2521 651 2587 tuisset,
686 2524 975 2592 tyrannus
1004 2535 1104 2574 eos
1121 2517 1469 2573 assiduitate
1497 2516 1772 2589 supplicii
1799 2516 1872 2572 ad
1897 2532 2067 2589 nega-

414 2610 640 2665 tionem
672 2608 885 2665 Christi
916 2607 1279 2664 adduxisset.

2193 545 2409 630 μάσειεν
2432 565 2446 614 ;
2475 544 2526 600 ο”ί
2552 548 2765 619 μάστιξι
2790 548 2885 620 μὲν
2908 546 3333 617 καταξανθέντες,
3355 547 3483 604 ὥστε
3514 552 3745 630 μὲχριτῶν

2188 628 2294 690 ἔσω
2321 631 2538 712 φλεϐῶν
2583 636 2673 691 καὶ
2722 635 3000 712 ἀρτηριῶν
3029 639 3129 706 τὴν
3161 643 3260 704 τῆς
3290 640 3471 710 σακρὸς
3500 628 3749 714 οἰκονομίαν

2188 726 2528 798 θεωρεῖσθαι,
2608 726 2918 798 ὑπέμειναν,
2986 725 3060 785 ὡς
3118 727 3206 781 καὶ
3281 727 3402 788 τοὺς
3456 735 3749 803 περιεστῶτας

2187 812 2356 868 ἐλεεῖν
2386 816 2474 869 καὶ
2509 811 2810 890 ὀδύρεσθαι·
2853 814 2983 877 τοῦς
3041 812 3099 870 δὲ
3154 815 3244 869 καὶ
3302 815 3373 878 εἲς
3412 823 3634 871 τοσοῦτον
3658 842 3749 893 γεν-

2185 905 2477 975 ναιότητος
2534 904 2732 971 ἐλθεῖν,
2794 905 2934 960 ὥστε
2992 907 3132 979 μήτε
3184 907 3365 981 γρύξαι
3415 909 3539 977 μήτε
3564 910 3748 979 στενάξαι

2183 994 2307 1050 τινὰ
2363 995 2565 1065 αὐτῶν,
2624 992 3100 1069 ἐπιδεικνυμένους
3156 998 3346 1050 ἅπασιν
3404 999 3546 1069 ἡμῖν,
3595 1000 3662 1052 δτι
3711 1001 3748 1055 ἐν

2185 1083 2359 1160 ἐκείνῃ
2391 1088 2461 1159 τῇ
2492 1086 2606 1158 ὥρᾳ
2651 1085 3091 1159 βασανιζόμενοι,
3138 1092 3237 1154 τῆς
3283 1085 3469 1161 σαρκὸς
3496 1085 3748 1159 ἀπεδήμουν

2184 1175 2237 1228 οἱ
2280 1174 2545 1250 μάρτυρες
2584 1179 2682 1229 τοῦ
2739 1177 2997 1243 Χριστοῦ,
3033 1170 3351 1246 μᾶλλονδὲ,
3380 1172 3457 1229 ὅτι
3484 1177 3752 1249 παρεστὼςὸ

2182 1262 2379 1338 Κύριος
2410 1262 2612 1338 ὡμίλει
2645 1264 2868 1332 αὐτοῖς;
2919 1264 3022 1320 Καὶ
3074 1262 3435 1339 προσέχοντες
3461 1268 3523 1337 τῇ
3549 1268 3632 1319 τοῦ
3657 1270 3757 1338 Χρι-

2184 1357 2311 1408 στοῦ
2343 1354 2531 1432 χάριτι
2570 1357 2678 1408 τῶν
2725 1356 3001 1426 κοσμικῶν
3047 1353 3406 1431 κατεφρόνουν
3441 1353 3667 1428 βασάνων,
3693 1351 3758 1409 διὰ

2188 1447 2313 1516 μιᾶς
2343 1440 2489 1512 ὥρας
2516 1444 2615 1512 τὴν
2649 1441 2870 1497 αἶ’ώνιον
2917 1439 3144 1497 κόλασιν
3204 1441 3652 1519 ἐξαγοραζόμενοι.
3680 1443 3757 1499 Κσῖ

2182 1532 2245 1586 τὸ
2284 1536 2390 1606 πῦρ
2422 1532 2488 1600 ἦν
2525 1530 2709 1592 αὐτοῖς
2738 1532 2950 1605 ψυχρὸν
2982 1532 3046 1586 τὸ
3075 1536 3181 1585 τῶν
3212 1532 3429 1600 ἀπηνῶν
3459 1534 3758 1606 βασανιστῶν,

2186 1620 2296 1695 Πρὸ
2328 1620 2626 1699 ὀφθαλμῶν
2658 1620 2758 1696 γὰρ
2798 1621 2953 1696 εἶχον
3011 1626 3202 1700 φυγεῖν
3251 1622 3315 1676 τὸ
3346 1621 3552 1676 αἰώνιον
3574 1623 3650 1676 καὶ
3677 1644 3763 1694 μη-

2184 1707 2375 1765 δὲποτε
2407 1704 2757 1782 σϐεννύμενον
2792 1713 2921 1784 πῦρ,
2951 1709 3041 1765 καὶ
3071 1715 3189 1774 τοῖς
3228 1717 3331 1779 τῆς
3360 1707 3569 1784 καρδίας
3605 1711 3764 1790 ὀφθαλ-

2187 1804 2310 1871 μοῖς
2342 1793 2634 1854 ἀνέϐλεπον
2682 1800 2750 1853 τὰ
2804 1803 3122 1874 τηρούμενα
3160 1804 3281 1862 τοῖς
3312 1799 3637 1872 ὑπομείνασιν
3660 1801 3763 1874 ἀγα-

2179 1890 2262 1959 θὰ,
2294 1915 2322 1942 ‹‹
2356 1887 2389 1943 ἃ
2421 1886 2543 1944 οὔτε
2582 1888 2674 1951 οῦς
2706 1890 2962 1960 ἤκουσεν,
3025 1886 3149 1943 οὕτε
3204 1889 3484 1966 ὀφθαλμὸς
3514 1886 3653 1957 εἶδεν,
3675 1886 3766 1945 οὗτε

2178 1979 2269 2034 ἐπὶ
2324 1976 2548 2054 καρδίαν
2594 1977 2879 2054 ἀνθρώπου
2938 1972 3126 2049 ἀνέϐη,
3157 2002 3185 2030 ››
3235 1977 3458 2041 ἐκείνοις
3502 1975 3555 2034 δὲ
3599 1976 3765 2034 ὑπεδεί-

2177 2089 2339 2124 κνυτο
2371 2068 2475 2123 ὑπὸ
2503 2072 2600 2122 τοῦ
2632 2066 2851 2141 Κυρίου,
2912 2063 3068 2144 οἵπερ
3130 2068 3328 2141 μηκέτι
3364 2064 3644 2142 ἄνθρωποι,
3669 2065 3763 2123 ἀλλ’

2176 2156 2286 2229 ἤδη
2320 2156 2548 2234 ἄγγελοι
2572 2157 2726 2226 ἦσαν.
2783 2156 3015 2230 Ὁμοίως
3049 2153 3108 2211 δὲ
3135 2156 3226 2212 καὶ
3288 2148 3365 2220 εἷς
3392 2144 3459 2212 ti
3510 2157 3651 2229 θηρία
3674 2176 3761 2230 κρι-

2177 2247 2351 2309 θέντες
2398 2246 2683 2321 ὑπέμειναν
2736 2250 2849 2321 (35)
2904 2243 3079 2308 δεινὰς
3135 2244 3412 2314 κολάσεις,
3456 2246 3671 2321 κήρυκας
3696 2244 3765 2316 μὶν

2177 2334 2710 2411 ὑποπρωννῦμενοι,
2754 2336 2841 2390 καὶ
2875 2333 3071 2397 ἄλλαις
3122 2333 3409 2397 ποικίλαις
3449 2335 3675 2409 βασάνοις
3696 2354 3765 2387 κο-

2177 2424 2700 2506 λαφιζόμενοι,⁹ίνα,
2770 2425 2815 2481 εἰ
2874 2422 3129 2496 δυνηθείη
3189 2426 3216 2480 ὁ
3275 2425 3532 2500 τύραννος
3585 2420 3660 2478 διὰ
3691 2429 3763 2493 τῆς

2175 2515 2441 2590 ἐπιμόνου
2472 2515 2752 2576 κολάσεως
2784 2513 2861 2577 εἷς
2893 2513 3116 2590 ἄρνησιν
3149 2513 3353 2579 αὒτοῦς
3388 2512 3572 2591 τρέψῃ.

1262 2735 1358 2788 III.
1393 2733 1708 2791 Germanici
1737 2737 2070 2792 constantia.
2120 2735 2417 2807 Polycarpi
2458 2750 2603 2790 mors
2626 2735 2966 2805 postulatur.

483 2881 662 2936 Multa
691 2881 851 2936 enim
882 2879 1163 2935 adversus
1194 2877 1328 2932 illos
1372 2877 1638 2932 diabolus
1684 2878 2058 2934 machinatus

2243 2874 2438 2932 Πολλὰ
2495 2876 2593 2953 γὰρ
2634 2874 2957 2955 ἐμηχανᾶτο
3016 2876 3132 2931 κατ’
3189 2874 3370 2930 αὐτῶν
3438 2877 3465 2929 ὁ
3530 2869 3763 2931 διάϐολος.

414 2976 522 3026 est.
557 2969 667 3025 Sed
696 2969 886 3042 gratia
915 2969 992 3024 sit
1013 2968 1167 3035 Deo;
1191 2983 1331 3022 nam
1354 2967 1657 3022 neminem
1688 2967 1797 3022 iste
1828 2967 2064 3023 vincere

409 3059 621 3132 potuit.
654 3058 1034 3114 Fortissimus
1064 3057 1226 3112 enim
1259 3056 1643 3111 Germanicus
1673 3073 1881 3111 eorum
1913 3056 2064 3111 timi-

410 3148 659 3204 ditatem
684 3148 1021 3203 constantia
1050 3162 1157 3202 sua
1199 3145 1599 3202 corroboravit
1630 3163 1645 3214 ;
1707 3145 1931 3217 quippe
1962 3145 2065 3217 qui

410 3236 723 3309 splendide
754 3252 893 3292 cum
926 3235 1132 3291 bestiis
1184 3234 1551 3307 pugnaverit.
1583 3235 1729 3290 Nam
1760 3251 1896 3290 cum
1926 3252 2065 3307 pro-

407 3326 617 3383 consul
649 3342 786 3382 eum
815 3325 1055 3380 ﬂectere
1078 3323 1255 3379 vellet
1277 3323 1640 3394 diceretque,
1661 3328 1726 3379 ut
1745 3339 1913 3379 suam
1934 3324 2061 3395 ipse

407 3422 644 3472 aetatem
678 3416 1085 3481 miseraretur,
1107 3414 1208 3469 ille
1230 3413 1481 3470 bestiam
1503 3413 1660 3469 ultro
1688 3414 1762 3469 ad
1792 3431 1854 3469 se
1885 3419 2061 3470 attra-

406 3509 492 3565 xit
522 3508 693 3579 eique
727 3508 844 3563 vim
865 3506 1086 3572 intulit,
1107 3506 1354 3578 cupiens
1376 3504 1629 3561 velocius
1661 3522 1731 3561 ex
1752 3506 1980 3578 injuste.
2005 3512 2062 3562 et

410 3598 617 3668 iniqua
646 3597 884 3652 illorum
908 3595 1220 3650 hominum
1250 3595 1367 3650 vita
1398 3595 1675 3667 effugere.
1699 3594 1923 3650 Exinde
1951 3611 2061 3650 au-

406 3693 528 3744 tem
559 3687 834 3743 universa
881 3685 1220 3750 multitudo,
1266 3684 1681 3740 fortitudinem
1711 3685 1792 3757 pii
1822 3701 1890 3739 ac
1919 3684 2058 3739 reli-

403 3777 550 3850 giosi
581 3776 1049 3833 Christianorum
1072 3774 1306 3848 generis
1329 3772 1643 3842 admirata,
1668 3773 2053 3830 exclamavit:

397 3888 419 3916 ι
455 3867 614 3922 Tolle
647 3867 902 3938 impios;
938 3865 1297 3937 Polycarpus
1330 3863 1707 3934 requiratur!
1742 3886 1770 3914 ››

2174 2964 2352 3024 Ἀλλὰ
2384 2965 2546 3046 χάρις
2575 2970 2654 3038 τῷ
2685 2971 2820 3039 Θεῷ·
2859 2965 2994 3021 κατᾶ
3036 2967 3251 3020 πάντων
3303 2966 3407 3043 γὰρ
3450 2965 3547 3019 οὐκ
3570 2964 3765 3038 ἳσχνδσεν.

2171 3058 2231 3113 Ὀ
2278 3057 2377 3131 γὰρ
2436 3057 2813 3130 γενναιότατος
2895 3055 3232 3132 Γερμανικὸς
3295 3058 3408 3127 (36)
3470 3052 3769 3129 ἐπεῤῥώννυεν

2175 3143 2350 3200 αὐτῶν
2378 3147 2478 3214 τήν
2517 3140 2723 3199 δειλίαν
2751 3141 2841 3199 διὰ
2894 3150 2995 3213 τῆς
3048 3141 3101 3198 ἐν
3131 3142 3282 3216 αὖτῷ
3317 3144 3611 3216 ὑπομονῆς
3640 3142 3688 3200 ὃς
3708 3137 3771 3192 καὶ

2173 3233 2460 3307 ἐπισήμως
2511 3232 2978 3309 ἐθηριομάχησεν.
3029 3230 3387 3305 Βουλομὲνοὺ
3434 3232 3537 3308 γὰρ
3571 3228 3771 3286 τοῦάνο-

2172 3324 2378 3381 υπείτου
2430 3325 2633 3380 πείθειν
2696 3324 2857 3379 αὐτὸν
2914 3328 3049 3396 (37),
3105 3325 3193 3379 καὶ
3258 3322 3517 3398 λέγοντος
3555 3320 3770 3393 (38),τήν

2170 3413 2393 3485 ἠλικίαν
2452 3414 2618 3470 αὐτοῦ
2677 3419 3066 3489 κατοικτεῖραι,
3125 3412 3306 3485 ἑαυτῷ
3372 3413 3684 3469 ἐπεσπάσατο
3726 3406 3771 3461 τὸ

2169 3503 2357 3579 θηρίον
2386 3498 2882 3578 προσϐιασάμενος,
2913 3504 3109 3582 τάχιον
3139 3507 3237 3558 τοῦ
3280 3500 3474 3558 ἀδίκου
3502 3500 3585 3556 καὶ
3611 3499 3769 3569 ἀνόμου

2171 3594 2295 3670 βίου
2329 3594 2501 3649 αὐτῶν
2533 3594 2917 3669 ἀπαλλαγῆναι
2954 3592 3323 3670 βουλόμενος.
3358 3596 3454 3650 Ἐκ
3496 3589 3680 3646 τούτου
3703 3585 3769 3642 οὖν

2167 3689 2271 3739 πᾶν
2303 3685 2365 3739 τὸ
2396 3682 2633 3753 πλῆθος,
2667 3684 2945 3759 θαυμάσαν
3001 3686 3115 3757 (39)
3163 3684 3264 3752 τήν
3324 3682 3666 3757 γενναιότητα
3702 3679 3771 3732 τοῦ

2169 3772 2460 3849 θεοφιλοῦς
2518 3774 2607 3827 καὶ
2669 3768 2953 3835 θεοσεϐοῦς
3036 3773 3224 3848 γένους
3292 3776 3403 3826 τῶν
3466 3770 3773 3845 Χριστιανῶν,

2166 3857 2478 3933 ἐπεϐόησεν
2534 3862 2723 3938 «Αἶρε
2784 3864 2910 3925 τοὺς
2966 3861 3175 3927 aeto»:
3238 3861 3509 3933 ξητείσθω
3540 3855 3768 3928 ὶΙολῦκαρ·

2164 3972 2287 4014 πος.
2323 3974 2352 4003 ›)

1757 4070 1848 4124 Ιν.
1901 4073 2137 4137 Quintus
2186 4076 2458 4142 apostata.

473 4205 723 4271 Quidam
755 4220 911 4273 vero,
945 4201 1187 4258 nomine
1232 4202 1503 4271 Quintus,
1566 4203 1809 4259 natione
1838 4206 2054 4277 Phryx,

2247 4205 2341 4266 Εἷς
2371 4201 2451 4271 δὲ,
2504 4204 2731 4278 ὀνόματι
2780 4206 3021 4274 Κόϊντος,
3060 4202 3229 4279 Φρὺξ,
3260 4204 3590 4280 προσφάτως
3617 4194 3772 4266 ἐληλιν

403 4295 504 4367 qui
531 4310 723 4366 nuper
752 4310 822 4348 ex
851 4292 1105 4365 Phrygia
1143 4292 1481 4360 advenerat,
1515 4310 1650 4347 cum
1681 4294 1924 4350 vidisset
1949 4291 2053 4351 be-

398 4385 564 4454 stias,
598 4383 811 4439 timore
842 4381 1155 4455 perculsus
1186 4387 1291 4438 est.
1318 4381 1421 4437 Hic
1455 4387 1655 4438 autem
1686 4390 1831 4450 erat,
1857 4384 1956 4455 qui
1990 4401 2053 4439 se

398 4475 594 4547 ipsum
626 4479 685 4529 et
713 4472 862 4528 alios
893 4471 1183 4544 quosdam
1229 4471 1568 4544 impulerat,
1599 4478 1666 4527 ut
1692 4472 1850 4529 ultro
1880 4489 2048 4529 acce-

398 4563 630 4619 derent.
655 4562 805 4618 Huic
826 4561 1150 4634 proconsul
1167 4560 1371 4617 multis
1393 4560 1900 4616 obsecrationibus
1924 4579 2052 4634 per-

399 4652 587 4708 suasit
616 4652 824 4723 jurare
880 4666 949 4707 ac
1003 4639 1362 4706 sacriﬁcare.
1424 4651 1672 4722 Propter
1710 4650 1822 4706 hoc
1852 4652 2051 4724 igitur,

398 4741 760 4805 fratres,non
778 4739 1091 4796 laudamus
1115 4756 1237 4806 eos,
1262 4740 1362 4810 qui
1384 4744 1592 4810 sponte
1613 4755 1742 4795 sese
1774 4741 2050 4813 offerunt;

399 4829 890 4904 quandoquidem
920 4845 1042 4884 non
1083 4829 1167 4883 ita
1196 4829 1370 4883 docet
1396 4827 1800 4901 Evangelium.

467 4986 487 5021 τ
541 4984 563 5039 Ι
594 4985 723 5040 Cor.
762 4999 823 5051 ιι,
853 4986 906 5038 9.

469 5128 581 5195 (35)
613 5129 695 5182 lta
723 5124 1086 5195 Jacobsonus
1117 5142 1148 5180 e
1181 5124 1351 5179 codd.
1386 5121 1641 5195 Vindob.
1686 5127 1744 5178 et
1764 5124 1950 5180 Paris.
1981 5126 2047 5181 In

397 5194 586 5255 Editis
619 5215 725 5269 pro
758 5194 1047 5269 ὑπέμειναν
1079 5196 1296 5269 legitur
1325 5194 1547 5269 χρόνον.

470 5213 586 5255 nus
619 5215 725 5269 pro
758 5213 1047 5267 υπεμειναν
1080 5213 1296 5323 legitur
1325 5213 1547 5269 χρονον.

470 5272 583 5341 (36)
610 5272 753 5340 Ejus
775 5268 1127 5324 memoriam
1181 5285 1276 5324 an.
1298 5271 1363 5323 19
1387 5266 1725 5323 Latinorum
1746 5265 2052 5324 celebrant

400 5341 830 5414 Martyrologia.
866 5342 1062 5396 Ussea.

477 5409 587 5484 (37)
618 5409 844 5469 Nomen
902 5410 1298 5484 proconsulis,
1355 5409 1515 5466 Lucii
1546 5409 1711 5465 Statii
1745 5410 2047 5481 Quadrati,

400 5484 585 5540 habes
617 5484 775 5540 infra
804 5501 853 5539 c.
889 5488 975 5538 21.

403 5555 709 5675 “signa
736 5554 901 5611 dedit
941 5554 1302 5611 Jacobsonus
1357 5570 1388 5609 e
1445 5551 1577 5608 cod.
1635 5552 1822 5609 Paris.
1855 5554 2047 5611 Editi:

471 5641 585 5696 γειν
598 5665 610 5682 .

2164 4293 2271 4357 θὼς
2331 4293 2437 4349 ἀπὸ
2488 4295 2586 4365 τῆς
2645 4294 2907 4371 Φρυγίας,
2967 4291 3117 4360 ἰδὼν,
3167 4295 3234 4348 τὰ
3283 4291 3455 4367 θηρία
3511 4286 3771 4346 ἐδειλίασεν.

2161 4383 2338 4445 Οὗτος
2389 4380 2448 4437 δὲ
2503 4382 2569 4452 ἦν
2626 4383 2655 4438 ὀ
2713 4380 3189 4457 παραϐιασάμενος
3229 4382 3424 4437 ἑαυτόν
3454 4402 3512 4437 τε
3538 4379 3620 4433 καί
3656 4392 3772 4431 τινας

2160 4469 2479 4546 προσελθεῖν
2509 4472 2726 4534 ἑκόντας
2756 4475 2890 4547 (ιο).
2935 4475 3148 4530 Τοῦτον
3199 4472 3227 4526 δ
3274 4470 3599 4537 ἀνθύπατος,
3628 4459 3772 4520 πολλᾶ

2160 4559 2554 4637 ἐκλιπαρήσας,
2587 4557 2793 4617 ἔπεισεν
2826 4561 3028 4636 ὀμόσαι
3077 4561 3167 4616 καὶ
3219 4559 3495 4624 ἐπιθύσαι.
3530 4557 3620 4613 Διὰ
3644 4556 3769 4609 τοῦτο

2161 4649 2282 4723 οὖν,
2317 4648 2568 4728 ἀδελφοὶ,
2600 4652 2701 4707 οὐκ
2729 4650 3051 4724 ἐπαινοῦμεν
3095 4650 3223 4712 τοὺς
3273 4644 3653 4725 προσδιδόντας
3678 4643 3769 4728 ἑαν-

2158 4740 2286 4802 τούς
2344 4726 2478 4814 (ΗΥ
2541 4737 2728 4810 ἐπειδή
2788 4741 2901 4815 οὐχ
2953 4737 3128 4803 οὕτως
3187 4735 3430 4794 διδάσκει
3478 4736 3539 4791 τὸ
3571 4726 3766 4804 Εὐαγγέ·

2164 4827 2285 4884 λιον
2316 4833 2452 4904 (42).

2228 5129 2341 5201 (39)
2372 5130 2460 5201 Ita
2491 5131 2609 5185 Jac.
2645 5145 2675 5201 e
2708 5129 2879 5185 codd.
2915 5129 3165 5185 Vindob.
3203 5134 3260 5183 et
3312 5127 3497 5182 Paris.
3541 5117 3767 5195 reposuit

2159 5199 2265 5272 pro
2295 5200 2449 5274 vulg.
2483 5199 2776 5272 θαυμάσας.

2231 5274 2341 5342 (40)
2373 5269 2423 5325 If
2449 5289 2497 5327 e.
2538 5297 2563 5321 «ι
2592 5269 2807 5343 ἐροηῐο
2838 5289 2899 5327 se
2933 5270 3412 5343 persecutoribus
3443 5269 3717 5343 offerrent.
3745 5281 3765 5306 ιι

2232 5338 2347 5408 (41⁷)
2379 5346 2463 5399 Ita
2492 5338 2874 5400 Jacobsonus.
2909 5338 3061 5399 Editi
3088 5361 3103 5400 :
3134 5340 3459 5413 προσιόντας
3505 5338 3711 5413 ξανθοῖς.

2231 5398 2344 5485 (423
2373 5398 2551 5488 lubet
2572 5398 2756 5471 enim
2800 5398 3006 5488 potius
3064 5398 3472 5488 Evangelium,
3502 5411 3685 5488 fugere
3709 5398 3765 5488 at!

2160 5483 2336 5542 aliam
2370 5487 2663 5543 civitatem
2712 5483 2940 5554 (Matth.
2986 5503 3041 5553 x,
3098 5488 3193 5552 25)
3217 5483 3594 5555 {itaitamen
3631 5483 3702 5555 ut.
3729 5487 3764 5525 SI

2158 5558 2363 5631 fugere
2394 5576 2514 5616 non
2557 5549 2753 5625 liceat,
2786 5575 2948 5615 mors
2996 5549 3340 5614 constanter
3365 5554 3603 5610 feratur.
3631 5549 3763 5603 Cm.
