4026 6214
176 320 179 325 ‘
199 302 359 366 1033

777 300 1024 363 EPIST.
1070 299 1466 365 ECCLESLE
1510 298 1805 364 SMYBN.
1850 300 1952 362 DE
1994 301 2409 367 MARTYRIO
2449 305 2513 367 8.
2559 303 3038 370 POLYCARPI.

3455 312 3611 375 ιοειι

1432 434 1523 489 VI.
1570 435 1869 511 Polycarpi
1895 451 2123 493 secessus
2151 444 2207 493 et
2234 440 2393 495 visio.

268 550 330 603 Ὀ
358 541 416 599 δὲ
461 541 912 617 θαυμασιώτατος
951 539 1335 614 Πολύκαρπος,
1383 539 1447 594 τὸ
1499 541 1592 615 μὲν
1625 546 1844 613 πρῶτον

2022 545 2379 618 Polycarpus
2403 552 2623 616 autem,
2657 549 2744 604 vir
2773 550 3022 607 maxime
3056 551 3446 623 admirabilis,
3481 555 3615 627 pri-

197 633 436 695 ἀκούσας
486 633 586 688 οὑκ
645 630 949 705 ἐταράχθη,
1011 628 1139 685 ἀλλ’
1194 624 1452 684 ἐϐούλετο
1505 629 1642 683 κατᾶ
1683 626 1846 683 πόλιν

202 723 405 799 μένειν·
442 722 493 776 οἱ
527 718 584 776 δὲ
628 718 854 781 πλείους
911 716 1125 782 ἔπειθον
1185 716 1343 772 αὐτὸν
1383 717 1713 788 ὑπεξελθεῖν.
1745 718 1848 775 Καὶ

203 811 504 884 ὑπεξῆλθεν
536 809 612 871 sic:
673 805 943 884 ἀγρίδιον,
977 808 1042 863 οὐ
1082 807 1291 881 μακρὰν
1325 807 1532 882 ἀπέχον
1593 807 1698 861 ἀπὸ
1749 814 1849 876 τῆς

198 900 438 964 πόλεως·
474 899 565 955 καὶ
626 893 863 970 διέτριϐε
910 898 1021 971 (4-5)
1080 898 1194 970 μετ’
1252 894 1481 972 ὁλίγων,
1539 895 1704 951 νύκτα
1759 894 1850 950 καὶ

200 993 413 1066 ἡμέραν
467 985 622 1043 οὐδὲν
676 984 857 1062 ἕτερον
914 990 1113 1055 ποιῶν,
1165 985 1199 1055 ἢ
1249 991 1695 1065 προσευχόμενος
1732 985 1850 1060 περὶ

199 1081 437 1147 πάντων,
468 1077 557 1132 καὶ
609 1081 717 1132 τῶν
772 1075 909 1131 κατᾶ
962 1076 1063 1143 τήν
1107 1074 1435 1147 οἰκουμένην
1488 1076 1848 1145 Ἐκκλησιῶνο

201 1171 337 1243 ὅπερ
365 1169 431 1236 ἦν
467 1165 687 1237 σύνηθες
728 1165 892 1236 αὐτῷ.
945 1163 1042 1219 Καὶ
1099 1163 1546 1239 προσευχόμενος
1577 1162 1629 1219 ἐν
1682 1162 1850 1218 ὀπτα-

201 1260 297 1330 σίᾳ
324 1257 510 1335 γέγονε
537 1256 643 1329 πρὸ
672 1258 841 1328 τριῶν
889 1256 1110 1329 ἡμερῶν
1170 1258 1268 1308 τοῦ
1335 1251 1718 1330 συλληφθῆναι
1751 1253 1853 1308 αὗ-

197 1348 317 1403 τόν·
350 1346 442 1400 καὶ
483 1343 623 1400 εἶδεν
682 1341 1121 1418 προσκεφάλαιον
1188 1342 1356 1398 αὐτοῦ
1413 1342 1516 1396 ὑπὸ
1564 1343 1731 1417 πυρὸς
1764 1363 1854 1397 κα-

194 1435 583 1509 τακαιόμενον.
615 1433 716 1491 Καὶ
757 1432 1007 1510 στραφεὶς
1043 1433 1191 1487 εἶπεν
1223 1432 1360 1507 πρὸς
1418 1432 1548 1494 τοὺς
1598 1431 1851 1489 συνόντας

193 1526 353 1598 αὖτῷ
372 1526 748 1604 προφητικῶς·
782 1546 810 1574 ‹‹
845 1525 935 1575 Δεῖ
970 1542 1037 1594 με
1070 1525 1244 1590 ζῶντα
1283 1522 1550 1589 καυθῆναι
1580 1525 1710 1594 (44).
1748 1544 1776 1572 ››

1959 649 2143 700 mum,
2177 651 2240 688 re
2268 635 2469 691 audita
2499 653 2619 692 non
2652 638 2942 706 turbatus,
2976 639 3037 695 in
3077 640 3221 695 urbe
3252 657 3611 712 permanere

1960 720 2232 777 volebat:
2268 724 2533 794 plerique
2560 730 2757 781 tamen
2789 728 2841 783 ei
2875 735 3319 800 persuaserunt,
3354 736 3419 787 ut
3450 748 3613 788 sece-

1961 807 2145 865 deret.
2180 811 2248 866 Et
2272 812 2516 868 secessit
2564 813 2624 867 in
2654 814 2877 883 villam,
2922 833 3041 871 non
3074 817 3327 875 multum
3360 818 3431 874 ab
3466 820 3611 877 urbe

1962 897 2229 953 dissitam
2258 916 2270 965 ;
2304 899 2403 955 ubi
2437 918 2571 955 cum
2605 903 2806 973 paucis
2840 904 3198 973 mansit,diu
3218 908 3614 981 noctuquenil

1962 988 2123 1043 aliud
2151 1004 2350 1062 agens,
2375 990 2489 1043 nisi
2524 991 2681 1062 quod
2712 999 2909 1047 oraret
2959 1011 3065 1065 pro
3092 995 3380 1051 universis
3411 1001 3470 1052 et
3500 1014 3609 1069 pro

1963 1075 2240 1132 omnibus
2279 1095 2386 1150 per
2414 1077 2619 1134 orbem
2648 1079 2965 1148 Ecclesiis;
3000 1082 3156 1153 quod
3207 1082 3321 1154 ipsi
3353 1090 3478 1141 erat
3510 1103 3611 1143 so-

1961 1165 2176 1221 lemne.
2207 1167 2277 1221 Et
2306 1184 2439 1222 cum
2472 1172 2690 1236 oraret,
2743 1168 2934 1224 triduo
2983 1176 3303 1241 antequam
3335 1190 3610 1245 compre-

1961 1254 2342 1320 henderetur,
2376 1256 2520 1311 visio
2552 1256 2606 1311 ei
2628 1257 2859 1330 obtigit,
2881 1258 3141 1329 viditque
3165 1262 3413 1317 cervical
3436 1279 3611 1319 suum

1963 1342 2244 1399 incendio
2269 1344 2665 1416 conﬂagrans.
2700 1348 2770 1401 Et
2797 1364 3116 1404 conversus
3145 1350 3219 1405 ad
3249 1350 3441 1406 socios
3470 1368 3613 1424 pro-

1961 1433 2195 1505 phetice
2226 1433 2412 1490 dixit:
2442 1457 2469 1484 «ι
2496 1436 2739 1507 Oportet
2767 1452 2862 1492 me
2891 1437 3085 1493 vivum
3116 1438 3404 1495 comburi.
3438 1460 3469 1490 ι»

1060 1630 1152 1686 Vl.
1175 1631 1511 1701 Polycarpus
1541 1646 1575 1685 α
1601 1631 1815 1685 servulo
1851 1630 2135 1701 proditur,
2175 1632 2411 1687 Herodes
2441 1632 2754 1689 irenarcha.

274 1730 382 1786 Καὶ
427 1727 793 1803 ἐπιμενόντων
822 1730 931 1783 τῶν
981 1727 1290 1798 ζητούντων
1322 1726 1505 1794 αὐτὸν,
1541 1720 1739 1799 μετέϐη
1778 1726 1855 1791 εἷς

194 1823 385 1893 ’ἕτερον
413 1815 687 1895 ἆγρίδιυν·
730 1817 821 1872 καὶ
874 1815 1073 1881 εὐθέως
1129 1814 1424 1887 ἐπέστησαν
1468 1816 1520 1871 οἱ
1564 1819 1851 1886 ζητοῦντες

197 1911 386 1966 αὐτὸν.
421 1909 515 1966 Καὶ
556 1909 632 1981 μῆ
666 1906 931 1981 εὑρόντες,
994 1900 1357 1960 συνελάϐοντο
1412 1902 1676 1978 παιδάρια
1733 1900 1852 1975 δύο,

199 2002 278 2056 ὧν
346 2000 408 2055 τὸ
466 1996 646 2071 ἕτερον
697 1997 1121 2072 βασανιζόμενον
1175 1994 1557 2069 ὡμολόγησεν.
1608 2000 1706 2051 Ἦν
1750 1997 1855 2072 γὰρ

199 2090 295 2145 καὶ
327 2086 586 2143 ἀδύνατον
619 2085 804 2142 λαθεῖν
866 2084 1049 2151 αὐτὸν,
1112 2084 1227 2141 ἐπεὶ
1285 2086 1375 2139 καὶ
1425 2086 1477 2139 οἱ
1508 2082 1857 2160 προδιδόντες

202 2179 371 2236 αὐτὸν
401 2178 594 2233 οἰκεῖοι
651 2176 903 2251 ῧπῆρχον
961 2179 1090 2243 (45).
1150 2175 1248 2229 Καὶ
1306 2176 1334 2230 ὁ
1368 2174 1856 2253 εἰρήναρχος(4θ),

200 2271 231 2325 ὁ
275 2268 368 2324 καὶ
415 2265 771 2342 κληρονόμος
800 2269 932 2333 (47),
962 2264 1026 2320 τὸ
1056 2263 1185 2319 αὐτὸ
1218 2264 1390 2337 ὄνομα
1417 2268 1549 2334 (48),
1592 2261 1856 2337 -Ὴρώδης

200 2357 624 2431 ἐπιλεγόμενος,
657 2352 908 2411 ἔσπευδεν
969 2353 1045 2411 εἰς
1103 2353 1166 2408 τὸ
1204 2350 1418 2408 στάδιον
1452 2352 1610 2408 αὐτὸν
1641 2353 1860 2430 εἰσαγα-

197 2452 345 2523 γεῖν’
386 2445 475 2499 ἳνα
532 2443 733 2506 ἐκεῖνος
791 2443 885 2517 μὲν
944 2443 1035 2498 τὸν
1099 2439 1239 2496 ξ’διον
1299 2441 1507 2513 κλῆρον
1565 2440 1857 2517 ἀπαρτίσῃ,

198 2537 451 2611 Χριστοῦ
506 2535 769 2594 κοινωνὸς
809 2532 1125 2606 γενόμενος·
1184 2532 1235 2585 οἱ
1294 2528 1351 2585 δὲ
1381 2527 1672 2603 προδόντες
1698 2530 1857 2587 αὐτὸν

196 2627 308 2695 τὴν
354 2623 521 2680 αὗτοῦ
551 2627 661 2689 (49)
693 2626 790 2678 τοῦ
816 2619 994 2679 Ἰούδα
1025 2622 1320 2696 ὑπόσχοιεν
1346 2620 1617 2696 τιμωρίαν
1662 2622 1674 2677 i

2036 1729 2403 1784 Instantibus
2431 1734 2628 1785 autem
2685 1730 2759 1785 iis
2789 1731 2890 1801 qui
2947 1732 3294 1802 quaarebant
3349 1750 3508 1802 eum,
3544 1735 3609 1791 in

1963 1818 2141 1874 aliam
2172 1818 2371 1875 villam
2394 1820 2663 1892 migravit
2687 1835 2700 1887 ;
2733 1826 2791 1875 et
2820 1822 3021 1877 statim
3050 1823 3299 1879 aderant
3345 1824 3609 1895 explora-

1964 1912 2123 1964 tores
2169 1909 2431 1979 Cumque
2462 1908 2629 1965 illum
2643 1926 2763 1965 non
2785 1911 3167 1982 reperissent,
3186 1912 3334 1967 duos
3347 1912 3610 1968 servulos

1967 1997 2565 2068 comprehenderunt,
2589 2015 2842 2069 quorum
2863 2000 3034 2069 alter,
3066 2002 3381 2057 tormentis
3411 2001 3611 2057 subdi-

1969 2092 2081 2154 tus,
2114 2088 2419 2144 confessus
2450 2093 2556 2143 est.
2589 2089 2960 2159 Impossibile
3010 2095 3208 2145 autem
3266 2095 3395 2146 erat
3423 2091 3611 2146 latere

1968 2179 2186 2249 ipsum,
2219 2195 2353 2233 cum
2384 2178 2718 2248 proditores
2744 2179 3053 2235 domestici
3077 2180 3207 2251 ejus
3229 2181 3614 2237 essent.lren-

1968 2269 2147 2324 archa
2176 2284 2333 2334 vero,
2364 2269 2455 2323 vel
2485 2268 2883 2337 cleronomus,
2904 2269 3063 2339 quod
3076 2269 3232 2324 idem
3263 2285 3481 2325 munus
3499 2275 3609 2338 est,

1968 2358 2207 2412 nomine
2240 2358 2519 2425 Herodes,
2554 2359 2613 2413 in
2640 2358 2897 2414 stadium
2928 2359 3099 2414 illum
3130 2358 3345 2414 ducere
3397 2375 3614 2431 prope-

1968 2446 2154 2513 rabat,
2187 2452 2253 2500 ut
2282 2446 2377 2501 hic
2399 2452 2616 2501 sortem
2641 2463 2807 2502 suam
2826 2447 3345 2519 impleret,Christi
3368 2464 3613 2503 consors

1967 2535 2196 2603 factus;
2229 2536 2562 2607 proditores
2611 2541 2808 2591 autem
2842 2537 2973 2608 ejus
3026 2535 3190 2591 Judaa
3239 2552 3446 2608 pmnas
3479 2536 3615 2592 sub-

1969 2624 2151 2681 eant!

1247 2713 1360 2767 VII.
1398 2713 1735 2782 Polycarpus
1765 2728 1799 2766 a
1819 2714 2260 2783 persecutoribus
2292 2716 2588 2769 invenitur.

278 2804 545 2878 ⁸Ἔχοντες
578 2800 668 2857 οὖν
696 2800 758 2856 τό
810 2796 1125 2875 παιδάριον,
1169 2803 1238 2874 τῇ
1270 2803 1600 2873 παρασκευῇ,
1636 2797 1853 2854 δείπνου

200 2892 350 2966 ὥρᾳ,
402 2889 631 2960 ἐξῆλθον
673 2886 973 2962 διωγμῖται
1029 2888 1116 2942 καὶ
1150 2888 1356 2957 ἱππεῖς,
1411 2887 1543 2962 μετᾶ
1593 2891 1701 2941 τῶν
1735 2908 1852 2941 συν-

198 2984 361 3051 ήθων
401 2979 585 3041 αὐτοῖς
637 2975 846 3048 ὅπλων,
913 2998 933 3026 ι
969 2976 1043 3038 ὡς
1072 2975 1187 3031 ἐπεὶ
1220 2976 1426 3050 λῃστήν
1485 2975 1793 3055 τρέχοντες.
1827 3000 1854 3028 η

201 3070 307 3126 Καὶ
344 3069 444 3144 ὀψὲ
488 3074 589 3137 τῆς
651 3067 797 3140 ὥρας
854 3063 1268 3128 συνεπελθόντες
1324 3068 1465 3140 (50),
1522 3064 1727 3120 ἐκεῖνον
1760 3066 1854 3137 μὲν

198 3158 362 3235 εὗρον
395 3156 445 3212 ἓν
487 3178 590 3211 τινι
624 3152 886 3228 δωματίῳ
917 3152 1325 3224 κατακείμενον,
1367 3153 1418 3208 ἐν
1462 3158 1572 3218 (51)
1605 3154 1854 3227 ὑπερῴῳ·

196 3249 455 3310 κάκεῖθεν
484 3244 715 3315 ἠδύνατο
778 3243 853 3305 εἰς
895 3240 1081 3319 ἓτερον
1116 3241 1325 3318 χωρίον
1395 3242 1675 3310 ἀπελθεῖν,
1728 3242 1854 3298 ἀλλ’

2034 2802 2327 2858 Habentes
2358 2820 2494 2877 ergo
2520 2803 3015 2875 puerulum,feria
3048 2810 3231 2874 sexta,
3264 2804 3371 2860 sub
3405 2804 3616 2860 horam

1963 2909 2164 2961 omnm,
2198 2893 2417 2966 egressi
2448 2898 2587 2948 sunt
2635 2899 3045 2965 persecutores
3095 2901 3153 2949 et
3205 2894 3435 2965 equites
3480 2910 3617 2949 cum

1965 2983 2265 3038 consuetis
2296 2982 2498 3048 armis,
2519 2988 2844 3052 «tanquam
2876 2982 3462 3039 adversuslatronem
3485 2999 3617 3055 pro-

1966 3072 2298 3127 ﬁciscentes
2323 3069 2365 3126 ⁸.
2396 3092 2423 3119 ››
2460 3072 2529 3125 Et
2583 3071 2691 3125 sub
2723 3072 3125 3143 vespertinum
3172 3076 3406 3145 tempus
3438 3071 3620 3127 adve-

1965 3159 2220 3225 nientes,
2254 3157 2425 3213 illum
2457 3158 2519 3213 in
2552 3158 2841 3230 superiori
2875 3159 3149 3216 cubiculo
3181 3176 3375 3232 parvas
3404 3158 3618 3230 cujus-

1968 3247 2104 3303 dam
2134 3248 2345 3303 domus
2402 3248 2878 3305 discumbentem
2922 3250 3317 3317 invenerunt;
3362 3248 3524 3305 unde
3556 3249 3618 3303 in

199 3340 313 3395 οὐκ
351 3332 656 3405 ἐϐουλήθη,
713 3331 905 3389 εἰπών·
964 3332 1097 3388 «Τὸ
1157 3331 1374 3404 θέλημα
1428 3336 1526 3387 τοῦ
1583 3337 1716 3388 Θεοῦ
1749 3338 1856 3406 (52)

1980 3336 2133 3393 aliud
2163 3337 2451 3409 prsidium
2482 3337 2645 3392 abire
2676 3343 2928 3409 poterat,
2961 3336 3064 3393 sed
3107 3338 3321 3406 noluit,
3374 3338 3613 3394 dicens:

197 3429 441 3504 γενέσθω
470 3426 513 3484 9.
550 3448 578 3476 »
610 3422 871 3486 Ἀκούσας
914 3418 971 3476 δὲ
1030 3420 1225 3484 αὐτοὺς
1279 3421 1548 3496 παρόντας
1606 3424 1736 3491 (53),
1767 3421 1859 3477 καὶ

198 3511 473 3583 καταϐὰς,
508 3510 771 3589 διελέχθη
812 3512 1023 3574 αὐτοῖς’
1084 3512 1467 3581 θαυμαζόντων
1522 3518 1629 3566 τῶν
1659 3513 1857 3588 παρόν-

201 3630 320 3665 των
378 3607 480 3673 τήν
535 3603 758 3673 ἡλικίαν
816 3601 982 3657 αὐτοῦ
1037 3601 1128 3656 καὶ
1181 3601 1244 3657 τὸ
1293 3601 1570 3670 εὐσταθὲς,
1629 3602 1720 3655 καὶ
1777 3603 1861 3657 δτι

201 3692 452 3766 τοσαύτῃ
486 3688 701 3763 σπουδῇ
736 3688 1043 3768 ἐχρήσαντο
1070 3693 1168 3744 τοῦ
1202 3687 1580 3764 συλληφθῆναι
1612 3690 1859 3743 τοιοῦτον

204 3777 529 3859 πρεσϐύτην
568 3778 737 3854 ἄνδρα
765 3783 899 3842 (54).
958 3777 1172 3839 Εὐθέως
1228 3778 1318 3831 οὖν
1375 3776 1561 3838 αὐτοῖς
1618 3774 1863 3831 ἐκέλευσε

206 3874 587 3949 παρατεθῆναι
624 3875 814 3950 φαγεῖν
864 3869 951 3924 καὶ
985 3874 1125 3922 πιεῖν
1165 3866 1218 3921 ἐν
1245 3866 1417 3941 ἐκείνῃ
1470 3870 1538 3941 τῇ
1572 3866 1709 3943 ὥρᾳ,
1740 3865 1865 3921 ὅσον

206 3963 275 4020 ἃν
310 3960 645 4039 βούλωνται*
683 3960 976 4032 εξῃτῆσατο
1036 3954 1093 4012 δὲ
1144 3956 1357 4023 αὐτοὺς,
1387 3957 1479 4011 ἳνα
1520 3953 1683 4011 δῶσιν
1715 3956 1864 4026 αὖτῷ

211 4053 369 4127 ὥραν
402 4049 537 4123 πρὸς
594 4047 657 4103 τό
719 4045 1107 4122 προσεύξασθαι
1139 4042 1333 4106 ἀδεῶς.
1390 4049 1511 4100 Τῶν
1568 4042 1624 4099 δὲ
1654 4042 1866 4118 ἐπιτρε-

210 4144 461 4217 ψάντων,
495 4138 706 4203 σταθεὶς
739 4137 1108 4212 προσηύξατο,
1139 4134 1362 4210 πλήρης
1403 4134 1478 4190 ὢν
1506 4142 1606 4204 τῆς
1639 4136 1865 4212 χάριτος

207 4237 313 4288 τοῦ
367 4234 524 4301 Θεοῦ,
570 4228 762 4293 οὕτως,
797 4225 935 4281 ὥστε
988 4224 1076 4281 ἐπὶ
1127 4223 1222 4280 δύο
1270 4220 1416 4299 ὥρας
1479 4227 1553 4299 μή
1616 4222 1869 4280 δύνασθαι

210 4326 521 4389 σιωπῆσαι,
554 4317 645 4373 καὶ
677 4314 1073 4386 ἐκπλήττεσθαι
1113 4315 1242 4379 τοὺς
1272 4312 1590 4381 ἀκούοντας,
1623 4312 1868 4376 πολλοὺς

210 4431 274 4466 τε
311 4412 593 4482 μετανοεῖν
627 4403 715 4460 ἐπὶ
758 4408 837 4476 τῷ
867 4402 1187 4475 ἐληλυθέναι
1246 4402 1331 4459 ἐπὶ
1364 4407 1611 4460 τοιοῦτον
1646 4413 1871 4480 θεοπρε-

212 4504 296 4567 πῆ
330 4490 664 4572 πρεσϐύτην.

286 4627 310 4662 ³
342 4626 547 4683 Matth.
578 4640 734 4691 XXVI,
766 4625 857 4678 55.
932 4623 955 4657 '
985 4622 1186 4677 Matth.
1220 4639 1293 4691 τι,
1330 4622 1433 4688 10;
1466 4623 1592 4677 Act.
1621 4638 1741 4689 xxx,
1775 4622 1862 4677 14.

294 4767 411 4839 (43)
443 4768 530 4821 Ita
558 4765 921 4839 Jacobsonns
952 4779 984 4818 e
1013 4762 1153 4839 cod_._
1178 4763 1363 4839 Paris.
1383 4763 1545 4839 _lj]_diti
1570 4754 1773 4839 ἔτριβε.

291 4834 413 4904 (44)
442 4840 531 4893 Ita
567 4837 932 4892 Jacobsonus
962 4852 993 4891 e
1025 4835 1332 4890 codicibus
1383 4834 1653 4904 Vindob.,
1686 4836 1872 4893 Paris.

219 4920 286 4968 et
320 4912 562 4965 Barocc.
594 4909 747 4963 Editi
773 4925 784 4962 :
817 4909 1236 4975 κατακαυθῆναι.

445 4980 546 5037 Ἦν
578 4979 749 5053 γὰρ...
795 4978 943 5106 {itif

300 5070 361 5106 se
385 5057 589 5106 censet
618 5051 897 5106 Dalrvmn
925 5051 942 5104 i

218 5051 361 5111 esse
385 5051 600 5109 censet
618 5051 1038 5123 Dalrymplius.
1082 5051 1202 5105 πλε.

301 5125 418 5195 (46)
452 5118 783 5181 Ιτεῐιειινυὶιεὲ
814 5118 1034 5178 munus
1066 5127 1210 5183 erat,
1260 5118 1576 5195 seditiosos
1609 5119 1883 5195 homines

220 5190 318 5253 et'
347 5190 469 5251 acis
484 5195 734 5267 publica;
759 5195 1089 5249 turbatores
1114 5190 1637 5262 comprehendere.
1684 5193 1882 5248 Varus.

304 5214 420 5339 F47)
482 5263 845 5339 κληρονόμοι
876 5270 1018 5321 sunt
1067 5263 1603 5339 «Amagistratatus,
1641 5284 1683 5339 _»
1727 5269 1882 5318 sorte

304 5269 420 5349 (47)
482 5269 834 5348 κληρονόμοι
876 5270 1018 5321 sunt
1067 5269 1603 5347 «.magistratatus,
1655 5284 1683 5312 »
1727 5269 1884 5318 sorte

221 5340 443 5408 electi.
469 5338 597 5392 Cor.
627 5338 763 5408 Mihi
794 5337 950 5392 Idem
978 5341 1355 5408 magistratus
1384 5340 1507 5390 tum
1533 5331 1885 5408 εἷρτξναρχος,

474 5263 847 5349 Elimea-vehor
876 5270 1018 5321 sunt
1067 5285 1091 5315 α
1116 5263 1603 5349 ,φθείδίΐξὶῐέὶιυῇ
1639 5284 1683 5349 ὐ

220 5418 363 5466 tum
394 5406 748 5479 κληρονόμος
779 5416 1017 5464 vocatus
1044 5409 1223 5464 fuisse
1254 5406 1507 5461 videtur.

302 5460 706 5553 ἴὶιεγνὸᾲάέιὲέ,
735 5460 1419 5552 ἰιιθεέρῖιῖεῖᾷήὼιωιιε,
1461 5476 1746 5547 officium,
1783 5477 1888 5533 ho-

222 5569 371 5608 nor.
416 5574 444 5602 n

311 5624 425 5695 (49)
457 5623 605 5696 Lege
636 5621 831 5690 αὐτὴν.
864 5623 984 5678 ΙΑο.

562 5741 827 5805 Panos.
874 5740 984 5802 GR.
1030 5740 1104 5802 V.

947 4996 1046 5052 χον
1094 4996 1175 5052 ex
1224 4975 1666 5049 interpolatoris
1698 4994 1880 5033 manu

1974 3449 1998 3477 «
2023 3426 2149 3481 Fiat
2177 3425 2448 3480 voluntas
2478 3425 2659 3481 Περ.»
2707 3427 2851 3482 Cum
2908 3442 3044 3482 vero
3076 3443 3175 3482 eos
3207 3432 3472 3483 astantes
3511 3444 3617 3482 au-

1970 3515 2155 3570 disset
2206 3531 2273 3569 ac
2326 3514 2748 3581 descendisset,
2806 3532 2940 3571 cum
3000 3516 3086 3571 eis
3141 3516 3472 3571 collocutus
3503 3520 3615 3581 est,

1970 3603 2326 3658 mirantibus
2359 3603 2455 3667 iis,
2489 3604 2591 3675 qui
2624 3603 2890 3670 aderant,
2922 3609 3158 3659 atatem
3206 3604 3335 3676 ejus
3365 3610 3423 3659 et
3473 3620 3616 3660 con-

1972 3692 2273 3759 stantiam,
2305 3692 2580 3763 quodque
2614 3691 2723 3762 ipsi
2754 3696 2916 3747 tanto
2943 3692 3138 3747 studio
3167 3693 3259 3748 usi
3289 3693 3515 3748 fuerint
3541 3692 3617 3748 ad

1973 3780 2513 3852 hujusmodivirum
2536 3796 2739 3835 senem
2761 3781 3619 3852 comprehendendum.Statim

1972 3887 2133 3925 nunc
2164 3869 2264 3925 illa
2293 3868 2440 3923 hora
2469 3868 2541 3923 iis
2572 3868 2770 3924 cibum
2801 3874 2861 3924 et
2900 3873 3103 3940 potum
3151 3871 3367 3942 apponi
3409 3871 3615 3941 jussit,

1974 3962 2262 4029 quantum
2293 3956 2547 4023 vellent;
2582 3957 2752 4028 petiit
2781 3962 2980 4013 autem
3009 3957 3081 4012 ab
3114 3958 3254 4028 illis,
3285 3964 3351 4014 ut
3378 3959 3491 4030 ipsi
3523 3958 3619 4014 da-

1974 4052 2110 4103 rent
2139 4048 2296 4101 horaa
2327 4046 2582 4118 spatium
2613 4045 2686 4101 ad
2733 4045 2918 4101 libere
2947 4047 3258 4103 orandum.
3291 4046 3456 4112 Quod
3482 4064 3618 4104 cum

1978 4136 2429 4201 concessissent,
2492 4141 2654 4190 stans
2713 4135 2937 4200 orabat,
2993 4135 3203 4207 plenus
3259 4137 3448 4210 gratia
3475 4137 3617 4204 Dei;

1979 4226 2124 4283 adeo
2155 4230 2223 4281 ut
2253 4242 2358 4296 per
2386 4224 2532 4279 duas
2555 4224 2732 4280 horas
2761 4232 2957 4281 tacere
3015 4242 3134 4281 non
3165 4230 3384 4299 posset,
3418 4242 3486 4282 ac
3517 4226 3624 4281 ob-

1980 4320 2391 4388 stupescerent
2419 4314 2742 4380 auditores,
2766 4314 3105 4386 multosque
3127 4332 3333 4372 eorum
3373 4315 3625 4387 paenite-

1980 4410 2091 4473 ret,
2124 4404 2283 4476 quod
2309 4403 2589 4460 adversus
2646 4418 2874 4470 senem,
2904 4405 3022 4460 Deo
3059 4409 3368 4477 tantopere
3393 4408 3626 4476 gratum

1980 4495 2299 4551 venissent.

2057 4764 2284 4836 (50)_Ita
2312 4762 2581 4836 Usserius
2613 4766 2674 4836 et
2705 4760 3012 4836 _Smithius
3035 4776 3113 4836 ex
3169 4759 3404 4836 Eusebii
3438 4762 3526 4832 (E.
3560 4763 3631 4816 H.

1987 4829 2077 4897 IV,
2114 4834 2201 4902 l5)
2235 4834 2488 4888 lectione
2521 4829 2841 4904 ἐπελθόντες
2895 4830 3309 4904 corrigendum
3363 4829 3490 4888 esSe
3522 4848 3634 4904 pu-

1987 4910 2133 4963 tant.
2168 4901 2318 4960 Editi
2344 4922 2357 4959 :
2386 4901 2828 4964 συναπελθόντες.
3038 4926 3041 4931 ν

2061 4978 2169 5047 (51)
2199 4976 2682 5048 Ρτωροεὶιίοηθηι
2715 4994 2766 5029 εν
2796 4976 2870 5048 ab
2901 4974 3036 5031 aliis
3067 4975 3351 5032 omissam
3371 4975 3639 5046 reposuit

1988 5047 2348 5105 Jacobsonus
2380 5064 2410 5102 e
2442 5047 2572 5102 cod.
2609 5047 2851 5103 Vindob.

2034 5122 2174 5210 '(52)
2206 5122 2293 5175 lta
2348 5118 2711 5175 Jacobsonus
2743 5136 2773 5175 e
2805 5119 2994 5175 tribus
3053 5117 3266 5184 codd.;
3328 5116 3491 5189 Vulg.
3528 5116 3638 5172 Κυ-

2032 5211 2113 5245 ιου
2128 5234 2139 5247 .

1992 5211 2175 5334 W235)
2208 5264 2293 5318 Ita
2321 5261 2688 5334 Jacobsonus
2720 5277 2749 5316 e
2777 5260 2948 5317 codd.
2984 5260 3153 5315 Vind.
3188 5265 3248 5316 et
3277 5258 3636 5331 Paris.Vulg.

1994 5331 2230 5391 ἀκούσας
2262 5335 2355 5385 οὖν
2384 5331 2511 5391 τοὺς
2543 5332 2837 5403 παρόντας.

2066 5407 2173 5477 (54)
2205 5399 2710 5477 I_ta_._Jacobson'us
2742 5402 2934 5477 e_cod.
2986 5403 3152 5477 Paris
3184 5402 3349 5477 Vulg.
3386 5419 3399 5456 :
3452 5399 3641 5477 euaga-

1995 5467 2103 5547 θεέ,
2136 5474 2277 5535 τινες
2308 5467 2519 5547 ἔλεγον·
2552 5474 2614 5528 Ἡ
2642 5473 2881 5547 τοσαύτη
2918 5468 3155 5547 σπουδὴ,
3189 5474 3224 5542 ἡ
3256 5467 3354 5528 τόὗ
3381 5475 3478 5528 τοῦ
3509 5468 3638 5527 συλ-

1998 5539 2273 5625 ληφθῆναι
2311 5539 2559 5602 τοιόῦτον
2584 5539 2892 5619 πρεσϐύτην
2926 5541 3091 5620 ἄνδρα
3120 5539 3188 5615 ἦν

3251 5740 3327 5800 33
