4026 6214
375 359 532 422 1035

1577 352 1642 410 S.
1686 343 2208 410 POLYCARPUS
2254 346 2618 409 MARTYB.

3632 343 3795 407 1036

669 553 673 556 _
1537 484 1678 540 VIII.
1711 481 2044 552 Polycarpus
2065 483 2123 537 in
2153 481 2342 537 urbem
2371 481 2614 539 ducitur.

446 596 591 650 Cum
624 596 820 647 autem
851 587 1253 660 precationem
1279 586 1552 654 ﬁniisset,
1576 586 1636 639 in
1650 581 2027 655 quamentio-

2207 579 2294 642 Ὠς
2355 577 2412 636 δὲ
2467 582 2762 638 κατέπαυσε
2818 582 2918 650 τήν
2974 581 3290 656 προσευχὴν
3326 624 3341 649 ,
3402 577 3794 654 μνημονεύσας

376 701 515 740 nem
547 682 767 735 fecerat
785 677 1049 732 omnium
1083 676 1183 747 qui
1215 676 1536 748 aliquando
1567 691 1701 730 cum
1733 673 1858 744 ipso
1889 688 2030 726 con-

376 771 560 846 gressi
592 769 850 831 fuerant,
906 783 1222 838 parvorum
1273 766 1514 836 quidem
1571 769 1628 819 et
1659 779 2030 834 magnorum,

375 859 672 916 clarorum
700 863 759 912 et
778 855 1188 924 obscurorum,
1213 854 1511 926 totiusque
1541 870 1647 926 per
1677 852 1880 906 orbem
1912 857 2033 905 ter-

376 964 582 1004 rarum
615 946 926 1002 catholicas
957 945 1271 1000 Ecclesiaa:
1321 960 1574 1014 cumque
1607 943 1754 996 hora
1801 940 2032 1012 proﬁci-

378 1037 584 1093 scendi
616 1035 896 1098 venisset,
929 1035 1098 1089 asino
1133 1050 1266 1088 eum
1301 1033 1693 1104 imponentes,
1730 1030 1790 1084 in
1822 1030 2029 1084 urbem

377 1127 678 1182 duxerunt
709 1124 804 1179 die
836 1123 1037 1195 magni
1069 1122 1324 1178 Sabbati.
1360 1121 1666 1176 Etoccurit
1687 1121 1740 1175 ei
1773 1119 2030 1174 Herodes

378 1215 714 1281 irenarcha,
747 1229 814 1268 ac
846 1217 1017 1284 pater
1046 1211 1177 1283 ejus
1193 1211 1636 1276 Nicetas,curru
1666 1209 1943 1279 vecti,qui
1975 1212 2034 1262 et

381 1320 518 1360 eum
552 1303 613 1358 in
649 1317 954 1358 carrucam
987 1317 1154 1356 suam
1188 1301 1638 1368 transtulerunt,
1672 1298 2030 1354 assidentes-

389 1409 504 1463 que
537 1391 948 1458 hortabantur,
1009 1390 1311 1444 dicentes:
1370 1411 1398 1438 ‹‹
1421 1389 1527 1454 Qui
1561 1389 1718 1443 enim
1753 1386 1888 1442 mali
1921 1391 2027 1452 est,

381 1482 576 1538 dicere
618 1504 645 1531 ‹‹
675 1479 922 1536 Domine
955 1480 1170 1546 Cassar,
1194 1500 1222 1527 η
1258 1483 1315 1533 et
1347 1478 1703 1546 sacrificare,
1744 1483 1920 1546 atque
1952 1476 2034 1530 ita

385 1571 612 1628 salvum
645 1569 892 1625 evadere
914 1569 941 1623 ?
974 1592 1000 1617 n
1034 1568 1139 1623 llle
1172 1573 1368 1622 autem
1394 1569 1651 1638 primum
1673 1567 1913 1637 quidem
1945 1566 2032 1621 eis

382 1677 505 1716 non
535 1659 880 1731 respondit;
916 1657 1018 1712 sed
1049 1673 1183 1712 cum
1201 1655 1696 1725 instarent,dixit:
1717 1656 2031 1710 «Facturus

382 1765 503 1806 non
535 1763 682 1813 sum,
713 1745 871 1818 quod
895 1743 1156 1801 suadetis
1186 1744 1354 1800 mihi.
1379 1767 1406 1795 »
1451 1745 1598 1799 Tum
1629 1744 1734 1810 illi,
1768 1744 2030 1800 frustrati

382 1854 485 1910 spe
517 1835 797 1892 flectendi
819 1851 978 1900 eum,
1002 1834 1436 1890 contumeliosa
1457 1833 1511 1890 ei
1532 1833 1707 1890 verba
1733 1834 2028 1900 dixerunt,

385 1932 444 1982 et
465 1942 601 1982 cum
629 1924 1001 1980 vehementia
1031 1925 1374 1996 dejecerunt
1404 1940 1540 1979 eum
1589 1941 1620 1979 e
1652 1940 1850 1991 curru,
1883 1923 2028 1978 adeo

2137 669 2383 724 ἀπάντων
2411 669 2501 724 καὶ
2531 675 2638 725 τῶν
2697 671 2922 725 πώποτε
2969 672 3077 737 (55)
3137 663 3570 742 συμϐεϐηκότων
3617 667 3794 739 αὐτῷ,

2139 762 2346 832 μικρῶν
2373 779 2431 812 τε
2459 751 2548 814 καὶ
2586 757 2861 833 ;ι;·ίάλων,
2921 755 3149 827 ἐνδόξων
3195 779 3254 813 τε
3291 759 3376 812 καὶ
3415 755 3650 827 ἀδόξων,
3699 758 3793 811 καῖ

2137 847 2347 918 ἀπάσης
2376 854 2478 917 τῆς
2513 849 2650 903 κατά
2675 850 2774 918 την
2815 847 3143 921 ο’κουμένην
3201 845 3503 915 καθολικῆς
3544 847 3794 917 Ἐκκλη-

2139 935 2272 1000 σῖας,
2327 944 2427 1006 τῆς
2487 935 2632 1011 ὥρας
2691 936 2958 1008 ἐλθούσης
3011 941 3108 992 τοῦ
3148 932 3362 1010 ἐξιέναι,
3410 935 3461 990 ἐν
3496 931 3606 990 ὅνω
3636 937 3801 992 καθὶ-

2139 1046 2323 1087 σαντες
2357 1025 2540 1096 αὐτὸν,
2599 1027 2735 1102 ἦγον
2791 1027 2868 1087 εἷς
2901 1027 3001 1095 τὴν
3035 1023 3220 1090 πόλιν,
3281 1021 3437 1086 ὄντος
3501 1020 3801 1079 Σαϐϐατου

2140 1113 2382 1190 μεγάλου
2416 1120 2542 1180 (56).
2578 1116 2680 1172 Καὶ
2724 1116 2933 1186 ὑπήντα
2989 1115 3136 1187 αύτῷ
3168 1116 3195 1170 ὁ
3227 1114 3561 1192 εἶρήναρχος
3609 1116 3811 1187 Ἡρώ-

2137 1201 2236 1274 δης
2265 1204 2354 1258 καὶ
2388 1205 2416 1259 ὁ
2448 1205 2628 1279 πατὴρ
2665 1203 2825 1259 αύτοῦ
2857 1205 3107 1274 Νικήτης
3164 1201 3252 1258 ἐπὶ
3305 1204 3369 1258 τὸ
3425 1200 3625 1282 ὄχημα
3653 1208 3807 1272 (5⁸7),

2138 1292 2192 1350 οἳ
2221 1293 2312 1348 καὶ
2361 1293 2672 1366 μεταθέντες
2723 1292 2881 1349 αὐτὸν
2923 1291 3010 1349 ἐπὶ
3068 1295 3169 1364 τὴν
3229 1297 3532 1367 καροῦχαν,
3576 1288 3805 1348 ἔπειθον

2135 1382 2636 1456 παρακαθεζόμενοι
2695 1382 2784 1436 καὶ
2841 1379 3111 1456 λέγοντες
3146 1407 3173 1434 ‹‹
3205 1382 3266 1436 Τί
3293 1381 3394 1457 γὰρ
3426 1382 3592 1437 κακόν
3644 1381 3807 1437 ἐστιν

2138 1469 2328 1524 εἰπεῖν·
2389 1468 2588 1544 Κύριος
2645 1473 2754 1532 (58)
2814 1473 3037 1544 Καῖσαρ,
3096 1470 3186 1524 καὶ
3244 1469 3514 1539 ἐπιοῦσαι,
3573 1470 3666 1524 καὶ
3733 1471 3809 1524 τὰ

2134 1561 2352 1622 τούτοις
2384 1557 2682 1630 ἀκόλουθα,
2709 1560 2798 1614 καὶ
2860 1556 3217 1629 διασώζεσθαι
3248 1588 3262 1629 ς
3294 1584 3321 1611 ››
3380 1561 3440 1618 Ὁ
3499 1557 3554 1615 δὲ
3588 1563 3656 1616 τά
3698 1561 3808 1634 μὲν

2136 1653 2327 1725 πρῶτα
2357 1649 2456 1704 οὐκ
2503 1649 2822 1724 ἀπεκρίνατο
2882 1648 3089 1711 αὐτοῖς’
3161 1649 3529 1723 ἐπιμενόντων
3592 1648 3651 1704 δὲ
3687 1649 3809 1704 αύ-

2136 1745 2267 1810 τῶν,
2299 1733 2425 1813 ἔφη·
2461 1763 2487 1790 ‹‹
2521 1738 2598 1796 Oti
2635 1737 2827 1812 μέλΛω
2872 1744 3073 1806 ποιεῖν,
3107 1740 3136 1794 ’ὀ
3169 1734 3569 1811 συμϐουλεύετέ
3603 1761 3735 1815 μοι.
3781 1767 3805 1794 ι

2136 1829 2202 1886 Οἱ
2253 1826 2310 1882 δὲ
2349 1826 2718 1903 ἀποτυχόντες
2765 1831 2864 1882 τοῦ
2912 1833 3096 1881 πεῖσαι
3142 1826 3322 1896 αὐτὸν,
3374 1824 3519 1882 δεινὰ
3565 1828 3817 1904 ῥήματα

2139 1914 2328 1990 ἔλεγον
2354 1917 2523 1988 αὐτῷ,
2557 1916 2646 1970 καὶ
2683 1916 2817 1990 μετά
2864 1913 3108 1985 σπουδῆς
3166 1917 3434 1991 καθῄρουν
3467 1918 3632 1972 αὐτὸν
3695 1919 3820 1973 ἀπὸ

387 2021 453 2072 ut
483 2033 513 2070 e
544 2031 789 2070 carruca
815 2014 1018 2070 exiens
1050 1988 1253 2069 tibiam
1273 2013 1648 2069 distraheret.
1674 2014 1784 2069 Sed
1815 1988 2034 2083 nequa-

2148 1988 2554 2080 τοῦ-ὀχήματος
2593 1988 2725 2078 (59),
2757 2006 2830 2068 ὡς
2863 2005 2952 2060 καὶ
3008 1988 3288 2061 κατιόντα*
3314 1988 3426 2061 ἀπὸ
3455 2013 3554 2075 τῆς
3587 2008 3824 2081 καρού-

387 2121 566 2178 quam
593 2109 944 2172 commotus,
972 2108 1029 2158 et
1050 2103 1219 2174 quasi
1260 2103 1411 2158 nihil
1440 2102 1584 2158 mali
1615 2118 1825 2174 passus
1855 2106 2029 2168 esset,

386 2193 664 2250 alacriter
693 2198 752 2248 et
781 2208 1030 2264 prOpere
1064 2191 1362 2264 pergebat,
1409 2192 1619 2247 ductus
1648 2192 1722 2246 ad
1751 2189 2028 2246 stadium.

390 2285 611 2338 Tantus
640 2298 776 2337 vero
808 2288 934 2338 erat
962 2282 1024 2336 in
1054 2281 1245 2338 stadio
1278 2280 1584 2351 tumultus,
1619 2287 1872 2337 utnemo
1895 2296 2033 2351 pos-

389 2375 480 2427 set
507 2369 722 2427 audiri.

2141 2116 2244 2174 χας
2296 2095 2636 2169 ἀποσυρῆναι
2692 2095 2755 2150 τὸ
2805 2097 3174 2168 ἀντικνήμιον.
3227 2097 3319 2152 Καὶ
3395 2097 3468 2168 μή
3528 2095 3822 2164 ἐπιστρα-

2141 2184 2280 2260 φεὶς,
2334 2184 2408 2244 ὡς
2461 2181 2617 2239 οὐδὲν
2671 2184 2974 2251 πεπονθὼς,
3030 2182 3331 2258 προθύμως
3366 2185 3496 2256 μετά
3535 2184 3818 2256 σπουδῆς

2141 2274 2455 2349 ἐπορεύετο,
2495 2275 2763 2352 ἀγόμενος
2809 2275 2886 2338 εἰς
2940 2274 3002 2328 τὸ
3051 2271 3292 2342 στάδιον,
3350 2271 3588 2349 θορύϐου
3618 2275 3816 2347 τηλι-

2139 2363 2344 2418 κούτου
2373 2358 2533 2426 ὄντος
2565 2361 2616 2417 ἐν
2647 2367 2728 2435 τῷ
2767 2359 2990 2434 σταδίῳ,
3025 2363 3102 2424 ὡς
3133 2360 3275 2436 μηδὲ
3305 2363 3629 2433 ἀκουσθῆναί
3663 2387 3814 2419 τινα

2143 2449 2418 2508 δύνασθαι.

1292 2560 1383 2616 ΙΧ.
1415 2559 1750 2632 Polycarpus
1779 2559 1994 2615 Christo
2023 2562 2259 2616 Domino
2299 2577 2397 2616 suo
2430 2577 2540 2616 non
2568 2560 2870 2616 maledicit.

451 2668 774 2740 Polycarpo
797 2669 1273 2737 autem,intranti
1307 2669 1368 2725 in
1398 2669 1800 2731 stadium.vox
1829 2685 1859 2724 e
1890 2668 2034 2724 caelo

378 2759 661 2830 contigit:
688 2780 715 2808 «
750 2759 943 2813 Fortis
974 2765 1099 2814 esto
1131 2759 1454 2814 etviriliter
1485 2776 1612 2830 age,
1645 2757 2030 2830 Polycarpe!»

379 2847 450 2900 Et
480 2863 615 2901 eum
647 2847 913 2918 quidem,
948 2848 1046 2918 qui
1081 2865 1280 2903 vocem
1315 2849 1533 2915 emisit,
1567 2865 1742 2903 nemo
1762 2848 1925 2913 vidit;
1946 2865 2036 2903 vo-

383 2950 510 2990 cem
541 2941 740 2990 autem
765 2936 803 2990 ii
835 2937 1178 3006 audierunt,
1217 2937 1317 3007 qui
1350 2955 1418 2992 ex
1461 2938 1679 2992 nostris
1710 2943 2035 3008 prasentes

385 3030 573 3078 erant.
599 3026 888 3080 Caeterum
912 3025 1246 3081 introducto
1271 3026 1373 3081 illo
1399 3043 1646 3098 magnus
1665 3034 1792 3081 erat
1814 3027 2032 3081 tumul-

385 3115 481 3166 tus
505 3129 734 3183 eorum,
769 3115 870 3184 qui
928 3115 1319 3186 Polycarpum
1377 3117 1873 3187 comprehensum
1907 3132 2034 3170 esse

386 3199 725 3255 audierunt.
763 3205 840 3255 De
871 3207 1084 3258 caetero
1134 3203 1454 3258 adductum
1487 3219 1621 3258 eum
1656 3204 2035 3275 interrogavit

2221 2671 2310 2738 Τῷ
2341 2664 2398 2722 δὲ
2430 2666 2796 2742 Πολυκάρπῳ,
2835 2666 3058 2721 εισιόντι
3119 2667 3196 2728 εἷς
3243 2667 3306 2722 τὸ
3367 2663 3601 2738 στάδιον,
3635 2670 3821 2746 φωνῆ

2144 2755 2194 2829 ἐξ
2228 2755 2460 2831 ούρανοῦ
2493 2755 2716 2830 ἐγένετο·
2754 2781 2782 2806 ‹‹
2815 2761 3003 2831 Ἴσχυε
3058 2756 3148 2810 καὶ
3203 2753 3473 2829 ἀνδρίζου,
3506 2755 3833 2832 Πολύχαρ-

2145 2865 2231 2898 πε.
2265 2869 2292 2896 ››
2335 2845 2431 2898 Καί
2460 2843 2550 2897 τὸν
2597 2844 2690 2916 μὲν
2719 2843 2939 2898 εἰπόντα
2971 2841 3147 2906 οὐδεὶς
3181 2842 3340 2898 εἶδεν
3391 2846 3487 2913 τήν
3516 2841 3575 2899 δὲ
3608 2847 3828 2915 φωνὴν

2142 2937 2251 2987 τῶν
2285 2930 2568 3007 ἡμετέρων
2613 2931 2663 2986 οἱ
2696 2931 2952 3007 παρόντες
2981 2929 3240 3001 ἤκουσαν.
3274 2934 3375 2988 Καέ
3402 2932 3621 3006 [λοιπὸν

2149 3021 2555 3096 προσαχθέντος
2577 3016 3003 3096 αύτοῦ,θόρυ6ος
3027 3023 3092 3091 ἧν
3117 3022 3287 3098 μέγας
3314 3020 3688 3092 ἀκουσάντων,
3719 3024 3820 3079 ὅτι

2144 3109 2506 3186 Πολύκαρπος
2532 3108 2912 3181 συνείληπται.
2948 3111 3158 3165 Λοιπὸν
3210 3112 3588 3187 προσαχθέντα
3629 3114 3819 3169 αὐτὸν

2142 3200 2397 3274 ἀνηρώτα
2436 3201 2464 3254 ὁ
2495 3199 2822 3268 ἀνθύπατος,
2855 3199 2898 3254 εἰ
2933 3200 3091 3262 αὐτὸς
3123 3198 3208 3272 εἶή
3246 3200 3627 3275 Πολύκαρπος.
3680 3197 3816 3260 Τοῦ

382 3290 808 3360 proconsul,an
827 3292 953 3362 ipse
977 3298 1133 3348 esset
1155 3292 2034 3364 Polycarpus.Cumqueannue-

2149 3287 2205 3344 δὲ
2239 3289 2674 3366 ὁμολογοῦντος,
2709 3287 2915 3344 ἔπειθεν
2968 3289 3265 3365 ἀρνεῖσθαι,
3322 3288 3518 3367 λέγων·
3569 3317 3598 3343 ιι
3629 3290 3813 3348 Δίὂὲ-

381 3384 495 3443 ret,
524 3378 877 3435 hortabatur
898 3381 998 3436 ille
1030 3387 1095 3436 ut
1123 3388 1384 3452 negaret,
1417 3382 1654 3437 dicens:
1690 3405 1716 3431 «
1752 3381 2035 3436 Reverere

382 3472 626 3523 atatem
661 3473 845 3534 tuam,
882 3491 908 3518 »
940 3470 1173 3542 aliaque
1205 3471 1298 3526 his
1329 3477 1751 3538 consentanea,
1784 3487 1913 3540 qua:
1936 3469 2033 3524 isti

385 3558 658 3628 proferre
685 3559 901 3614 solent:
935 3582 962 3610 «
981 3561 1119 3616 Jura
1147 3578 1253 3632 per
1276 3561 1578 3617 fortunam
1611 3561 2032 3630 Cmsaris,resi-

378 3646 572 3718 pisce,
606 3647 915 3704 conclama
949 3666 963 3704 :
998 3651 1146 3705 Tolle
1174 3653 1389 3721 impios.
1424 3674 1450 3700 «ι
1484 3653 1643 3706 Tunc
1675 3651 2032 3723 Polycarpus

377 3735 533 3806 gravi
567 3751 634 3791 ac
665 3754 866 3793 severo
891 3739 1054 3794 vultu
1078 3739 1308 3794 turbam
1327 3757 1565 3795 omnem
1585 3740 2030 3808 sceleratorum,

378 3824 480 3895 qui
512 3825 574 3879 in
607 3827 795 3882 stadio
819 3829 1328 3902 erant,gentilium
1352 3835 2029 3899 contuens,manumque

376 3913 439 3969 in
471 3930 571 3969 eos
603 3916 935 3988 porrigens,
969 3918 1263 3989 simulque
1291 3935 1533 3990 gemens
1564 3936 1630 3974 ac
1663 3918 1876 3974 cmlum
1911 3935 2032 3972 sus-

375 4002 604 4076 piciens
636 4004 788 4061 dixit
817 4020 831 4060 :
868 4025 896 4057 ιι
926 4006 1086 4062 Tolle
1119 4008 1353 4078 impios.
1390 4029 1417 4056 »
1453 4010 1700 4080 Urgente
1733 4025 1868 4062 vero
1901 4025 2032 4078 pro-

377 4091 622 4145 consule
645 4097 822 4162 atque
845 4093 1103 4148 dicente:
1131 4116 1153 4145 α
1184 4097 1340 4161 Jura,
1373 4102 1431 4150 et
1455 4096 1688 4152 dimitto
1735 4103 1812 4164 te,
1844 4096 2032 4151 male-

376 4177 471 4232 dic
505 4178 759 4256 Christo;
786 4201 814 4228 η
850 4180 1212 4254 Polycarpus
1243 4184 1552 4254 respondit
1581 4203 1601 4237 :
1667 4208 1690 4236 υ
1722 4186 2026 4257 Octoginta

377 4269 434 4318 et
453 4281 555 4319 sex
587 4267 724 4321 anui
752 4274 908 4336 sunt,
942 4285 1012 4324 ex
1034 4287 1150 4341 quo
1182 4272 1369 4326 servio
1393 4272 1465 4342 ei,
1492 4289 1601 4327 nec
1625 4289 1720 4328 me
1743 4274 1866 4328 ulla
1892 4275 2027 4328 affe-

374 4352 454 4410 cit
485 4353 745 4424 injuria;
789 4362 848 4411 et
877 4361 1174 4428 quomodo
1235 4360 1458 4432 possim
1519 4361 1875 4417 maledicere
1905 4363 2028 4435 regi

376 4457 533 4512 meo,
569 4444 670 4514 qui
703 4443 928 4502 salvum
954 4464 1050 4503 me
1083 4449 1223 4504 fecit
1249 4449 1277 4505 ?
1307 4471 1337 4499 υ

2149 3380 2306 3448 σθητί
2341 3399 2435 3433 σου
2478 3380 2577 3447 τήν
2632 3377 2871 3447 ἡλικίαν,
2908 3403 2934 3430 ››
2977 3379 3066 3432 καὶ
3094 3375 3252 3453 ἕτερα
3301 3378 3513 3442 τούτοις
3537 3380 3810 3436 ἀκόλου-

2143 3471 2228 3534 θα,
2260 3468 2333 3528 ὼς
2366 3463 2484 3531 ἔθος
2517 3466 2701 3531 αὐτοῖς
2731 3465 2909 3543 λέγειν
2942 3471 3071 3540 (61)·
3123 3492 3151 3520 ‹(
3183 3470 3429 3540 ’Όμοσον
3455 3471 3552 3537 τὴν
3587 3471 3808 3526 liuida-

2145 3577 2236 3630 ρος
2259 3555 2458 3632 τύχην,
2493 3557 2848 3629 μετανόησον,
2883 3555 3018 3610 εἷπὲο
3058 3555 3184 3630 Αἶρε
3212 3555 3338 3618 τοὺς
3371 3558 3557 3618 ἀθέους
3591 3562 3733 3623 (62).
3773 3586 3804 3613 ιθ

2141 3646 2202 3703 Ὀ
2251 3643 2308 3700 δὲ
2363 3646 2721 3719 Πολύκαρπος
2781 3639 3032 3719 ἐμϐριθεῖ
3060 3650 3136 3716 τῷ
3175 3647 3453 3721 προσώπῳ
3510 3646 3586 3708 εἷς
3618 3650 3808 3705 πάντα

2139 3735 2230 3789 τὸν
2266 3733 2437 3813 όχλον
2471 3739 2575 3789 τῶν
2607 3732 2658 3789 ἐν
2686 3738 2762 3805 τῷ
2801 3731 3000 3806 σταδίῳ
3030 3734 3247 3807 ἀνόμων
3281 3734 3448 3790 ἐθνῶν
3481 3732 3803 3812 ἐμϐλέψας,

2140 3824 2229 3878 καὶ
2260 3821 2530 3885 ἐπισεῖσας
2571 3822 2753 3884 αὐτοῖς
2801 3824 2901 3892 τήν
2933 3828 3115 3902 χεῖρα,
3149 3825 3395 3895 στενάξας
3424 3846 3483 3881 τε
3511 3828 3599 3880 καὶ
3666 3829 3804 3884 ἀνα·

2141 3909 2344 3986 ϐλέψας
2369 3913 2444 3973 εἰς
2465 3911 2556 3966 τὸν
2581 3911 2825 3986 οὐρανὸν,
2849 3913 3017 3967 εἶπεν·
3045 3938 3072 3966 ‹‹
3095 3914 3364 3987 Αἶρετοὺς
3388 3915 3577 3976 ἀθέους
3605 3921 3742 3980 (63).
3773 3943 3802 3968 ιι

2138 4001 2486 4076 Ἐγκειμένου
2517 3999 2574 4055 δὲ
2601 4005 2699 4056 τοῦ
2741 4001 3044 4056 ἀνθυπάτου
3095 4002 3184 4056 καὶ
3239 4001 3514 4079 λὲγόντοςο
3548 4029 3576 4054 ‹‹
3613 4007 3801 4079 Ὁμο-

2139 4113 2253 4160 σον,
2287 4093 2374 4146 καὶ
2408 4089 2634 4146 ἀπολύω
2659 4112 2736 4161 σε,
2770 4090 3101 4167 λοιδόρησον
3135 4093 3228 4147 τὸν
3267 4095 3517 4167 Χριστόν·
3552 4119 3581 4144 ››
3618 4097 3646 4149 ὁ
3678 4101 3802 4152 Ilo-

2139 4178 2416 4255 λύκαρπος
2458 4177 2581 4257 ἔφη·
2653 4205 2681 4231 ‹‹
2713 4178 3084 4255 Ὀγδοήκοντα
3123 4182 3212 4235 καὶ
3277 4181 3329 4252 ἔξ
3376 4178 3466 4253 ἔτη
3503 4182 3622 4262 ἔχω
3657 4182 3801 4240 δου-

2139 4268 2312 4324 λεύων
2335 4270 2504 4341 αὐτῷ,
2538 4268 2626 4324 καὶ
2662 4266 2811 4323 οὐδὲν
2867 4290 2934 4343 με
2987 4267 3268 4339 ἠδίκησεν·
3329 4271 3418 4326 καὶ
3471 4277 3590 4334 πῶς
3624 4271 3800 4330 δύνα-

2141 4380 2237 4432 μαι
2303 4357 2701 4436 βλασφημῆσαι
2770 4358 2860 4413 τὸν
2926 4358 3152 4434 βασιλέα
3207 4381 3336 4433 μου,
3389 4362 3481 4416 τὸν
3535 4365 3800 4419 σώσαντά

2141 4468 2316 4522 res»

1045 4557 1111 4611 X.
1145 4557 1484 4628 Polycarpus
1511 4574 1566 4614 se
1599 4558 1973 4614 Christianum
1996 4561 2310 4631 proﬁtetur,
2355 4560 2403 4610 et
2434 4556 2500 4610 de
2528 4555 2742 4612 Christo
2782 4557 2936 4626 loqui
2963 4557 3098 4612 vult.

441 4649 692 4722 Urgente
725 4668 930 4708 rursus
961 4653 1061 4708 illo
1091 4659 1150 4710 et
1179 4654 1406 4711 diceate
1432 4672 1444 4710 :
1482 4677 1511 4706 «
1531 4657 1670 4712 Jura
1707 4674 1815 4729 per
1839 4657 2018 4713 fortu-
2049 4660 2096 4724 Ι)

369 4753 509 4794 nam
541 4739 809 4810 Caesaris,
840 4765 869 4793 ››
898 4744 1240 4816 respondit:
1276 4767 1304 4796 «
1333 4745 1391 4800 Si
1423 4761 1632 4802 vanam
1663 4763 1733 4802 ex
1766 4765 1834 4804 eo
1867 4765 2020 4819 qure-

368 4827 452 4882 ris
480 4827 746 4900 gloriam,
781 4836 846 4886 ut
875 4849 979 4906 ego
1009 4850 1118 4906 per
1132 4835 1376 4890 Cassaris
1402 4835 1717 4902 fortunam,
1737 4842 1804 4892 ut
1824 4842 1885 4894 tu
1907 4838 2016 4908 ais,

361 4915 585 4988 jurem,
619 4919 863 4975 simulas
919 4927 1118 4977 autem
1152 4924 1380 4979 nescire
1438 4925 1571 4996 quis
1624 4926 1736 4981 sim
1772 4943 1784 4980 :
1818 4927 2016 4998 palam

370 5003 528 5059 audi:
553 5005 925 5062 Christianus
957 5025 1108 5066 sum.
1143 5011 1199 5064 Si
1248 5029 1384 5066 vero
1416 5013 1764 5068 Christianas
1795 5013 2017 5069 doctri-

367 5109 459 5148 πω
487 5094 782 5151 rationem
812 5095 895 5152 vis
928 5097 1177 5168 discere,
1207 5099 1281 5155 da
1310 5100 1426 5157 diei
1451 5103 1708 5173 spatium
1730 5108 1788 5158 et
1815 5103 2012 5159 audi.»

570 5217 1275 5298 ltaJacobsonusetribus
1297 5223 1617 5281 codicibus.
1661 5225 1823 5298 Vulg.
1857 5225 2010 5281 πετὲ.

459 5290 546 5362 56)
578 5290 620 5362 I_.
654 5307 705 5362 ej
741 5291 947 5362 vigilia
976 5295 1298 5351 Paschatis.

463 5361 554 5437 Et?)
587 5360 716 5437 '_E1t_l_
739 5360 1028 5436 τὸόχημα
1056 5366 1350 5437 glossema
1381 5383 1510 5421 esse
1548 5367 1798 5422 videtur.
1835 5370 1978 5424 ΙΑο..

365 5431 548 5553 JA((158)
580 5432 823 5489 Codices
848 5431 1310 5493 omnes'habent
1359 5437 1572 5514 Κύριος.
1611 5440 1794 5495 Editi:
1831 5440 2016 5513 Κύριε.

397 5517 491 5556 ΔΟ.

439 5573 550 5664 ςὲἒὶ
581 5572 847 5664 es???
869 5575 1157 5664 ὀχήματος
1189 5580 1480 5664 massam
1499 5581 2018 5664 essevaaemr-m.

440 5643 549 5712 (θο)
581 5645 794 5701 Vocem
825 5643 1042 5720 λοὶἰτόν,
1074 5643 1436 5721 ιιυώέιίιιὶω
1475 5655 1750 5726 recurrit,
1784 5655 2025 5711 uncinis

2194 4653 2585 4724 Ἐπιμὲνοντος
2613 4649 2669 4706 δὲ
2698 4651 2861 4708 πάλιν
2895 4652 3058 4708 αὐτοῦ
3086 4654 3172 4707 καὶ
3209 4651 3490 4729 λὲγοντος·
3521 4681 3550 4707 ‹‹
3597 4659 3752 4730 Ὄμο
3771 4694 3794 4705 -

2133 4764 2226 4798 σον
2255 4743 2354 4812 τὴν
2384 4743 2653 4816 Καίσαρος
2709 4743 2906 4817 τύχην,
2933 4767 2961 4795 ››
2993 4743 3335 4818 ἀπεκρίνατο·
3398 4770 3426 4797 ιι
3462 4747 3528 4803 Εἰ
3561 4748 3791 4806 κενοδο-

2129 4835 2258 4906 ξεῖς,
2288 4829 2382 4886 ’ἶνα
2427 4831 2615 4903 ὀμόσω
2642 4832 2742 4899 τὴν
2803 4832 3071 4906 Καίσαρος
3122 4833 3320 4909 τύχην,
3349 4835 3426 4898 ὡς
3476 4836 3540 4890 σὺ
3574 4837 3787 4914 λέγεις,

2127 4925 2418 4996 προσποιεῖ
2447 4923 2556 4984 (64)
2590 4917 2648 4978 δὲ
2677 4922 2885 4996 ἀγνοεῖν
2916 4943 3002 4994 με,
3051 4921 3132 4984 τίς
3196 4923 3331 4996 εἰμι·
3396 4925 3532 4998 μετά
3562 4927 3785 5003 παρῥη-

2127 5013 2243 5074 σίας
2274 5010 2456 5080 ἄκουε,
2489 5011 2812 5084 Χριστιανὸς
2846 5009 2986 5069 ε’ἷτίι.
3050 5011 3111 5067 Εἰ
3161 5009 3216 5066 δέ
3251 5015 3436 5082 μαθεῖν
3466 5014 3649 5079 θέλεις
3690 5019 3783 5073 τὸν

2121 5108 2219 5158 τοῦ
2250 5104 2672 5176 Χριστιανισμοῦ
2704 5099 2894 5177 λόγον,
2931 5097 3022 5164 δός
3067 5101 3297 5176 ἡμέραν,
3330 5104 3422 5158 καὶ
3455 5104 3715 5164 ἄκουσον.
3759 5137 3784 5160 η

2123 5227 2360 5283 inclusit
2387 5224 2775 5280 Jacobsonus.

2195 5298 2303 5442 ἓϐί)
2338 5299 2420 5352 Ita
2449 5296 2810 5352 Jacobsonus
2859 5313 2890 5351 e
2911 5297 3040 5352 cod.
3077 5299 3325 5354 Vindob.
3349 5300 3502 5356 Editi
3531 5319 3545 5356 :
3573 5299 3783 5378 λέγων.

2221 5370 2309 5440 62)
2343 5371 2470 5442 Le.
2505 5390 2532 5416 «
2570 5369 2695 5424 Una
2724 5385 2861 5424 cum
2891 5371 3136 5441 paganis
3163 5371 3640 5430 Christianorum
3675 5394 3783 5442 op-

2221 5370 2322 5449 6_2)_
2343 5371 2384 5424 l.
2406 5385 2470 5449 _e.
2505 5390 2532 5416 «
2570 5369 2695 5424 Una
2724 5385 2861 5424 cum
2891 5371 3136 5441 paganis
3163 5369 3788 5449 Christianorum'op-

2124 5441 2213 5496 tes
2244 5441 2574 5496 interitum.
2612 5461 2639 5488 »

2199 5513 2312 5585 (63)
2345 5513 2389 5566 Ι.
2423 5527 2474 5566 e.
2509 5527 2769 5637 paganos
2800 5519 3235 5582 persecutores.
3270 5538 3288 5561 ι
3569 5587 3579 5598 .

2204 5585 2313 5637 ι64)
2339 5583 2422 5637 lta
2449 5583 2584 5637 Jaco
2631 5598 2816 5637 sonus
2844 5599 2875 5637 e
2906 5583 3077 5637 codd.
3113 5585 3348 5637 Barocc.
3401 5592 3459 5637 et
3513 5590 3579 5637 vi

2204 5583 2313 5652 (64)
2339 5583 2422 5637 lta
2449 5583 2816 5638 Jacobsonus
2844 5599 2875 5638 e
2906 5583 3077 5642 codd.
3113 5585 3348 5642 Barocc.
3401 5592 3459 5642 et
3513 5587 3784 5646 Vindob.

2132 5655 2285 5712 Editi
2311 5672 2324 5710 :
2356 5656 2700 5728 προσποιεῖς,
2733 5653 2912 5712 male.
