4004 6218
215 458 369 522 1037

776 458 1024 521 EPIST.
1071 460 1467 522 ECCLESIE
1509 461 1808 524 SMYBN.
1856 460 1956 523 DE
2001 459 2424 524 MARTYRIO
2470 463 2533 526 S.
2579 462 3050 526 POLYCARPI.

3469 469 3625 530 1038

212 595 277 653 Ὀ
309 593 611 658 ἀνθύπατος
645 587 770 672 ἔφη’
804 617 832 645 ‹‹
869 598 1058 649 Πεῖσον
1091 594 1182 649 τὸν
1225 591 1402 668 δῆμον
1625 620 1652 646 ››
1703 595 1764 652 Ὀ
1815 592 1856 650 δῖ

1985 597 2310 654 Proconsul
2341 597 2523 652 dixit:
2585 621 2611 650 «
2644 599 2939 654 Persuade
2968 599 3208 671 populo.
3271 601 3628 674 Polycarpus

214 683 582 759 ΙΙυλῦκαρπος
615 684 782 738 εἶπεν*
814 707 842 736 ιι
877 685 948 738 Σὲ
991 685 1086 757 μὶν
1140 684 1230 738 καὶ
1280 682 1450 759 λόγου
1501 683 1728 756 ἠξίωσα·
1785 683 1870 740 δε-

218 771 526 848 διδάγμεθα
573 773 677 849 γὰρ
722 773 922 848 ἀρχαῖς
979 772 1068 827 καὶ
1113 772 1379 843 ἐξουσίαις
1433 772 1535 828 ὑπὸ
1584 777 1679 827 τοῦ
1737 778 1870 828 Θεοῦ

213 867 571 940 τεταγμέναις
600 867 770 938 τιμῆν
810 865 946 920 κατὰ
994 867 1057 920 τὸ
1109 866 1411 940 προσῆκον,
1445 867 1544 934 τήν
1599 867 1675 939 μή
1732 865 1869 942 βλά-

212 975 452 1011 πτουσαν
482 957 652 1027 ἡμᾶς,
698 953 1013 1026 ἀπονέμεινο
1064 952 1302 1016 ἐκείνους
1352 951 1411 1009 δὲ
1463 953 1570 1028 οὐχ
1629 957 1869 1030 ἡγουμαι

211 1043 393 1116 ἀξίους
423 1047 522 1098 τοῦ
553 1041 950 1120 ἀπολογεῖσθαι
981 1042 1186 1104 αὐτοῖς.
1224 1067 1252 1094 ››

1981 687 2326 759 respondit:
2363 710 2390 736 «
2424 690 2498 742 Te
2530 688 2769 759 quidem
2827 705 3100 745 sermone
3149 690 3392 763 dignum
3443 697 3623 763 puto;

1981 778 2172 834 edocti
2206 777 2365 832 enim
2399 795 2623 846 sumus,
2656 779 3023 850 principibus
3066 783 3125 834 et
3172 781 3564 850 potestatibus
3595 799 3630 838 a

1982 868 2099 922 Deo
2132 865 2624 938 ordinatis,prout
2652 867 2840 936 decet,
2863 869 3152 924 honorem
3184 870 3354 925 nobis
3376 887 3496 926 non
3519 887 3628 927 no-

1980 961 2210 1011 centem
2243 955 2513 1022 deferre;
2547 956 2680 1010 illos
2709 974 2842 1012 vero
2893 957 3168 1030 indignos
3210 962 3372 1030 puto,
3408 960 3620 1031 quibus

1979 1045 2272 1099 rationem
2304 1044 2550 1099 reddam
2580 1043 2643 1100 ιο.
2676 1067 2704 1094 ››

1018 1164 1107 1217 XI.
1142 1163 1246 1217 Nec
1273 1163 1592 1230 bestiarum,
1622 1177 1719 1217 ncc
1749 1163 1895 1230 ignis
1925 1162 2091 1217 mina
2119 1160 2485 1230 Polycarpum
2511 1168 2840 1231 perterrent.

285 1261 346 1316 Ὁ
378 1256 435 1314 δὲ
465 1258 766 1322 ἀνθύπατος
822 1260 962 1333 πρὸς
1022 1257 1177 1312 αὐτὸν
1249 1258 1386 1312 εἶπε·
1433 1282 1461 1309 ‹‹
1493 1257 1670 1334 Θηρία
1725 1257 1863 1332 ἔχω,

206 1349 428 1410 τούτοις
460 1369 517 1403 σε
565 1343 892 1422 παραϐαλῶ,
951 1345 1041 1401 ἐὰν
1102 1347 1178 1421 μὴ
1223 1349 1582 1421 μετανοήσῃς.
1620 1372 1647 1399 ››
1699 1349 1761 1404 Ὀ
1809 1345 1865 1402 δὲ

207 1440 381 1493 εἶπεν⁹
406 1463 435 1488 ‹‹
465 1439 651 1503 Κάλει,
680 1438 1011 1510 ἀμετάθετος
1043 1437 1145 1513 γὰρ
1169 1438 1304 1509 ἡμῖν
1336 1439 1371 1505 ἡ
1404 1436 1510 1490 ἀπὸ
1540 1441 1651 1490 τῶν
1684 1457 1862 1510 κρειτ-

201 1527 382 1582 τόνων
413 1526 498 1581 ἐπὶ
522 1528 588 1581 τὰ
620 1528 795 1602 χείρω
832 1525 1106 1599 μετάνοιαν
1162 1524 1330 1580 καλὸν
1377 1522 1432 1580 δὲ
1486 1525 1862 1596 μετατίθεσθαί

207 1637 279 1689 με
311 1617 414 1670 ἀπὸ
443 1619 552 1670 τῶν
602 1614 862 1690 χαλεπῶν
915 1614 1003 1669 ἐπὶ
1049 1614 1116 1669 τα
1165 1611 1366 1669 δίκαια.
1403 1639 1424 1666 ι
1477 1615 1538 1671 Ὀ
1589 1611 1645 1669 δὲ
1692 1614 1859 1670 πάλιν

201 1707 347 1780 πρὸς
377 1706 558 1759 αὐτόν·
595 1730 623 1757 ‹‹
662 1705 796 1780 Ηυρί
827 1726 884 1759 σε
921 1709 1066 1758 ποιῶ
1098 1700 1493 1772 δαπανηθῆναι,
1528 1702 1573 1756 εἶ
1602 1709 1710 1758 τῶν
1759 1706 1861 1770 θη-

2047 1260 2120 1313 At
2149 1258 2466 1328 proconsul
2497 1259 2570 1313 ad
2598 1259 2790 1331 ipsum
2823 1259 3010 1315 dixit:
3048 1283 3077 1310 «
3112 1260 3333 1316 Bestias
3391 1260 3619 1327 habeo;

1975 1347 2068 1402 bis
2098 1353 2155 1401 te
2183 1347 2483 1418 objiciam,
2530 1349 2643 1402 nisi
2693 1349 3080 1404 convertaris.
3115 1372 3144 1399 »
3192 1351 3323 1420 Ipse
3367 1366 3502 1404 vero
3528 1365 3621 1405 re-

1975 1437 2215 1507 spondit
2238 1454 2250 1490 :
2275 1457 2299 1487 ι
2321 1442 2561 1491 Arcesse
2585 1453 2705 1503 eas,
2725 1453 2836 1491 nos
2855 1437 3013 1492 enim
3038 1437 3252 1492 mutari
3278 1454 3396 1492 non
3419 1454 3626 1509 possu-

1975 1541 2106 1579 mus
2136 1525 2522 1580 conversione
2547 1541 2580 1579 a
2601 1526 2948 1581 melioribus
2974 1527 3047 1581 ad
3071 1526 3384 1592 deteriora;
3402 1526 3622 1582 bonum

1972 1620 2171 1670 autem
2196 1620 2304 1678 est,
2349 1631 2441 1668 me
2475 1631 2509 1668 a
2540 1614 2734 1684 malis}
2764 1615 2836 1669 ad
2861 1615 3026 1685 justa
3058 1616 3365 1670 transire.»
3398 1619 3621 1672 Rursus

1972 1703 2083 1756 iste
2108 1703 2181 1757 ad
2208 1703 2620 1773 Polycarpum:
2643 1725 2670 1752 «
2695 1703 3185 1774 Quandoquidem
3210 1705 3430 1760 bestias
3456 1723 3620 1777 sper-

253 1761 263 1780 Ι
335 1761 345 1766 ’
744 1761 752 1780 Ι
1298 1761 1340 1772 ιν
1375 1761 1384 1768 v
1479 1761 1492 1772 1
1814 1761 1823 1770 .

204 1794 342 1869 ρίων
373 1799 750 1870 καταφρονεῖς,
784 1793 870 1847 ἐὰν
907 1795 982 1865 μή
1019 1795 1377 1866 μετανοήσῃς.
1414 1816 1442 1843 ››
1474 1793 1534 1850 Ὁ
1566 1789 1622 1847 δὲ
1680 1792 1856 1847 Πολύ-

1975 1792 2088 1859 nis,
2124 1791 2244 1863 igni
2270 1796 2324 1846 te
2347 1791 2575 1846 tradam
2604 1792 3095 1860 consumendum,
3120 1793 3234 1846 nisi
3259 1795 3617 1849 sententiam

200 1901 438 1956 καρπος’
493 1907 522 1935 ‹‹
555 1887 666 1958 [Ιῦρ
725 1880 968 1945 ἀπειλεῖς
1022 1881 1084 1935 τὸ
1145 1881 1282 1954 πρὸς
1340 1879 1483 1954 ὥραν
1543 1881 1857 1954 καιόμενον,

196 1972 293 2028 καὶ
329 1975 442 2046 μετ’
476 1971 668 2046 ὀλίγον
703 1967 1081 2039 σϐεννύμενον*
1116 1970 1330 2044 ἀγνοεῖς
1360 1971 1463 2044 γὰρ
1492 1971 1554 2025 τὸ
1583 1978 1684 2039 τῆς
1721 1971 1858 2042 μελ-

197 2060 409 2128 λούσης
441 2059 673 2135 κρίσεως
701 2060 790 2114 καὶ
849 2059 1074 2114 αἰωνίου
1133 2056 1417 2120 κολάσεως
1475 2064 1591 2120 τοῖς
1642 2054 1855 2114 ἀσεϐέσι

196 2149 541 2222 τηρούμενον
571 2146 707 2222 πῦρ,
738 2145 914 2202 ’Λλλά
968 2148 1019 2202 τί
1080 2143 1405 2221 βραδύνεις;
1457 2146 1618 2220 Φέρε,
1661 2147 1690 2200 8
1724 2145 1855 2221 βού-

201 2238 310 2296 λει.
348 2261 376 2289 ιι

1973 1886 2185 1936 mutes.
2221 1905 2241 1932 ι
2281 1881 2383 1935 Cui
2409 1880 2768 1952 Polycarpus
2793 1897 2806 1934 :
2833 1904 2859 1931 «
2895 1884 3092 1954 Ignem
3127 1883 3396 1950 minaris,
3421 1885 3520 1954 qui
3543 1885 3615 1939 ad

1970 1971 2130 2025 horas
2161 1970 2415 2040 spatium
2457 1970 2646 2035 ardet,
2679 1987 2745 2024 ac
2787 1971 2962 2041 paulo
2993 1977 3126 2042 post
3181 1972 3612 2044 exstinguitur;

1967 2059 2202 2130 ignoras
2235 2059 2393 2114 enim
2418 2059 2586 2113 illum
2609 2057 2789 2113 futuri
2816 2058 3028 2129 judicii
3061 2065 3119 2113 et
3159 2064 3394 2114 aeternae
3426 2077 3615 2131 paena

1967 2149 2292 2221 ignem,qui
2325 2147 2523 2219 impiis
2553 2152 2906 2202 reservatur.
2927 2149 3137 2204 Verum
3169 2148 3314 2219 quid
3334 2149 3615 2205 moraris?

1963 2237 2187 2304 Profer,
2217 2235 2610 2307 quodcunque
2633 2235 2911 2291 volueris.
2947 2258 2974 2285 »

1327 2354 1445 2409 XII.
1483 2354 1814 2425 Polycarpus
1847 2353 1921 2408 ad
1948 2370 2143 2424 rogum
2174 2353 2489 2406 damnatur.

272 2456 457 2510 Ταῦτα
489 2450 544 2507 δὲ
586 2451 674 2506 καὶ
728 2449 873 2507 ἄλλα
925 2449 1152 2506 πλείονα
1212 2450 1415 2528 λέγων,
1475 2452 1706 2525 θάρσους
1763 2449 1852 2506 καί

193 2546 375 2618 χαρᾶς
417 2540 814 2616 ἐνεπίμπλατο,
846 2541 936 2595 καὶ
970 2542 1031 2597 τὸ
1063 2542 1355 2616 πρόσωπον
1406 2541 1572 2595 αὐτοῦ
1621 2539 1850 2614 χάριτος

185 2632 531 2704 ἐπληροῦτο,
563 2631 701 2686 ὥστε
734 2630 798 2685 οὐ
843 2630 1012 2704 μόνον
1056 2633 1132 2703 μή
1178 2635 1491 2702 συμπεσεῖν,
1546 2628 1852 2705 ταραχθὲν-

189 2742 265 2776 τα
293 2724 405 2794 (66)
440 2718 541 2775 ὑπὸ
570 2725 679 2774 τῶν
715 2719 1022 2794 λεγομὲνων
1063 2721 1198 2796 πρὸς
1239 2719 1418 2784 αὐτὸν,
1451 2719 1595 2775 ἀλλὰ
1624 2720 1850 2774 τοῦναν-

188 2810 313 2867 τίον
344 2810 435 2863 τὸν
483 2807 785 2864 ἀνθύπατον
834 2807 1112 2878 ἐκστῆναι,
1167 2809 1380 2883 πέμψαι
1420 2828 1478 2864 τε
1527 2813 1618 2863 τὸν
1658 2810 1849 2863 ἑαυτοῦ

188 2902 436 2974 κήρυκα,
469 2897 520 2952 ἒν
558 2898 708 2972 μὲσῳ
758 2902 835 2969 τῷ
890 2894 1090 2970 σταδίῳ
1134 2898 1362 2971 κηρύξαι
1418 2897 1626 2973 τρίτον·
1681 2922 1707 2948 ‹‹
1744 2903 1848 2951 Πο-

192 2988 480 3063 λύκαρπος
539 2985 898 3063 ὡμολόγησεν
960 2985 1145 3041 ἑαυτὸν
1214 2987 1534 3061 Χριστιανὸν
1595 2987 1752 3044 εἶναι.
1819 3007 1843 3038 ι

187 3081 412 3136 Τούτου
443 3077 734 3152 λεγθέντος
769 3078 870 3132 ὑπὸ
899 3082 996 3132 τοῦ
1027 3080 1286 3152 κήρυκος,
1340 3075 1478 3132 ἅπαν
1523 3077 1585 3132 τὸ
1633 3077 1844 3147 πλῆθος

185 3169 360 3224 ἐθνῶν
393 3189 450 3222 τε
487 3167 578 3220 καὶ
612 3163 889 3224 Ἰουδαίων
917 3167 1024 3220 τῶν
1078 3167 1176 3234 τὴν
1231 3167 1484 3240 Σμύρναν
1532 3165 1841 3221 κατοιγούν-

182 3280 322 3323 των,
372 3256 729 3334 ἀκατασχέτῳ
785 3259 944 3327 θυμῷ
1004 3255 1093 3310 καὶ
1156 3255 1366 3331 μεγάλῃ
1415 3260 1568 3333 φωνῇ
1624 3251 1839 3310 ἐπεϐόα.

184 3370 217 3399 ι(
254 3345 431 3406 Οὗτός
463 3345 603 3399 ἐστιν
633 3345 660 3399 6
689 3347 785 3413 τῆς
827 3339 1078 3406 ἀσεϐείας
1138 3349 1245 3418 (67)
1303 3342 1651 3417 διδάσκαλος,
1687 3346 1715 3400 6
1747 3366 1849 3399 πα-

177 3439 290 3508 τὴρ
323 3441 430 3490 τῶν
478 3438 843 3510 Χριστιανῶν,
899 3435 926 3488 6
984 3439 1091 3489 τῶν
1122 3434 1401 3510 ἡμετέρων
1462 3437 1595 3490 θεῶν
1651 3447 1840 3499 καθαιο

189 3526 382 3602 ρὲτης,
415 3525 443 3578 6
476 3521 721 3585 πολλοὺς
754 3521 1019 3578 διδάσκων
1055 3525 1131 3596 μή
1165 3524 1327 3592 Θόειν,
1365 3521 1504 3596 μηδὲ
1524 3530 1845 3598 προσκυνεῖν

188 3620 314 3674 τοῖς
349 3618 575 3677 θεοῖς.»
633 3616 811 3667 Ταῦτα
869 3611 1112 3686 λέγοντες
1169 3608 1409 3667 ἐπεϐόων
1463 3613 1551 3666 καὶ
1611 3613 1844 3683 ἠρώτων

182 3703 286 3758 τὸν
319 3703 624 3776 Ἀσιαρχην
670 3704 782 3774 (68)
816 3699 1123 3768 Φίλιππον,
1175 3697 1265 3754 ’ίνα
1313 3698 1491 3776 ἐπαφῇ
1546 3704 1624 3770 τῷ
1670 3701 1850 3754 Πολυ-

183 3791 392 3863 κάρπῳ
435 3789 739 3847 λέοντα.Ὀ
789 3787 846 3844 δὲ
898 3789 1182 3850 Φίλιππος
1237 3785 1361 3865 ἔφη,
1419 3790 1494 3862 μή
1555 3791 1692 3843 εἶναι
1733 3787 1846 3862 ἐξὸν

183 3881 370 3950 αὐτῷ,
403 3876 588 3948 ἐπειδὴ
651 3876 1004 3953 πεπληρώκει
1067 3879 1177 3951 (69)
1235 3878 1300 3932 τά
1357 3879 1663 3952 κυνηγέσια.
1715 3879 1852 3935 Τότε

189 3965 376 4038 ἔδοξεν
409 3968 590 4030 αὖτεῖς
625 3965 981 4040 ὁμοθδμαὸὸν
1011 3963 1327 4036 ἐπιϐοῆσαι,
1363 3969 1502 4022 ὥστε
1529 3969 1620 4022 τὸν
1673 3967 1851 4023 [Ιολό-

187 4079 409 4133 καρπον
442 4062 618 4127 ζῶντα
649 4060 763 4129 (70)
815 4064 1238 4126 κατακαυθῆναι.
1295 4055 1442 4111 Ἔδει
1495 4056 1597 4133 γὰρ
1648 4058 1710 4111 τὸ
1754 4063 1854 4124 τῆς

189 4147 605 4226 φανερωθείσης
638 4146 726 4200 ἐπὶ
756 4151 853 4200 τοῦ
912 4144 1351 4225 προσκεφαλαίου
1403 4144 1662 4206 ὀπτασίας
1705 4144 1858 4216 πλη-

196 4242 474 4312 ρωθῆναι,
510 4235 604 4289 ὅτε
675 4231 802 4288 ἰδὼν
859 4235 989 4289 αὐτὸ
1046 4236 1338 4306 γαῖόμενον
1383 4237 1858 4324 προσευχόμενος,

192 4330 354 4385 εἶπεν
386 4327 735 4401 ἐπιστραφεὶς
774 4333 890 4390 τοῖς
950 4329 1043 4382 σὺν
1102 4327 1252 4399 αὐτῷ
1307 4332 1524 4389 πιστοῖς
1587 4348 1860 4406 προφητι-

185 4423 336 4481 κῶς·
370 4440 396 4469 ι(
431 4421 520 4472 Δεῖ
553 4437 620 4489 με
652 4420 828 4486 ζῶντα
856 4417 1276 4486 κατακαυθῆναι.
1322 4440 1352 4468 ››

2034 2453 2167 2506 Haec
2198 2467 2334 2505 vero
2362 2455 2537 2521 atque
2569 2451 2687 2508 alia
2710 2451 2882 2524 plura
2903 2467 3036 2506 cum
3069 2451 3534 2519 diceret,ﬁducia
3555 2458 3613 2509 et

1961 2540 2175 2614 gaudio
2209 2540 2568 2612 replebatur,
2602 2541 2880 2611 illiusque
2912 2541 3104 2596 vultus
3145 2542 3358 2613 plenus
3405 2543 3608 2615 gratim

1963 2636 2107 2695 erat,
2141 2629 2287 2684 adeo
2320 2634 2386 2683 ut
2417 2645 2537 2684 non
2569 2630 2761 2685 solum
2793 2646 2913 2684 non
2946 2631 3307 2698 concideret,
3341 2631 3469 2702 ipso
3502 2648 3608 2702 per

1962 2719 2118 2774 dicta
2149 2718 2501 2773 conturbato
2532 2735 2544 2784 ;
2580 2719 2683 2774 sed
2714 2725 2919 2774 contra
2951 2720 3269 2790 proconsul
3316 2726 3601 2790 stuperet,

1962 2823 2254 2876 suumque
2285 2807 2547 2862 mitteret
2575 2824 2912 2879 prmconem
2946 2814 3038 2862 ter
3075 2809 3136 2863 in
3169 2808 3364 2864 medio
3410 2808 3598 2863 stadio

1959 2897 2486 2969 proclamaturum:
2521 2919 2548 2946 ‹‹
2573 2898 2931 2968 Polycarpus
2953 2897 3259 2953 confessus
3292 2903 3399 2962 est,
3434 2899 3598 2952 Chri-

1960 2986 2219 3041 stianum
2251 3001 2312 3039 se
2345 3002 2493 3040 esse.
2522 3008 2549 3035 »
2582 2985 2748 3050 Quod
2781 2986 2876 3040 ubi
2908 2988 3354 3058 pronuntiasset
3384 3004 3596 3057 praeco,

1958 3075 2232 3130 universa
2274 3075 2588 3130 multitudo
2645 3075 2954 3145 gentilium
3011 3092 3078 3130 ac
3105 3075 3462 3144 Iudaeorum,
3500 3077 3603 3147 qui

1959 3169 2270 3236 Smyrnam
2302 3164 2661 3228 incolebant,
2687 3165 2972 3220 effrenata
3003 3166 3091 3220 ira
3122 3171 3180 3220 et
3211 3182 3426 3237 magna
3466 3182 3604 3221 voce

1959 3254 2369 3310 conclamabat
2399 3271 2457 3308 :«
2486 3255 2588 3309 Hic
2617 3255 2935 3325 impietatis
2969 3260 3058 3308 est
3085 3261 3611 3326 prmceptor,pater

1961 3343 2452 3410 Christianorum,
2506 3343 2752 3398 deorum
2799 3347 3141 3397 nostrorum
3206 3359 3460 3411 eversor,
3512 3343 3610 3414 qui

1956 3431 2179 3486 multos
2202 3431 2398 3500 docet,
2433 3449 2507 3487 ne
2541 3432 2899 3498 sacrificent,
2923 3448 3067 3486 neve
3102 3430 3241 3486 deos
3275 3433 3549 3487 adorent.
3585 3455 3612 3482 ››

1960 3522 2090 3575 Haec
2123 3521 2388 3575 dicentes
2419 3520 2756 3575 clamabant
2813 3521 3216 3592 rogabantque
3271 3521 3613 3592 Philippum

1961 3610 2327 3676 Asiarcham,
2359 3615 2426 3663 ut
2455 3610 2690 3664 leonem
2713 3609 2990 3664 adversus
3020 3610 3412 3680 Polycarpum
3447 3610 3615 3664 emit-

1961 3701 2131 3752 teret.
2166 3701 2238 3751 At
2270 3697 2578 3768 Philippus
2611 3697 2666 3751 id
2692 3699 2802 3751 sibi
2839 3698 3020 3751 licere
3053 3698 3303 3769 negavit,
3337 3698 3476 3768 quia
3528 3697 3613 3753 lu-

1962 3787 2102 3843 dum
2129 3787 2454 3842 bestiarum
2473 3789 2600 3858 jam
2624 3787 2999 3858 explevisset.
3035 3789 3193 3841 Tunc
3223 3787 3442 3857 placuit
3473 3787 3610 3855 illis,

1960 3893 2083 3932 uno
2107 3892 2403 3931 consensu
2424 3877 2782 3943 clamare,ut
2802 3876 3162 3947 Polycarpus
3186 3876 3345 3931 vivus
3366 3875 3608 3931 combu-

1962 3966 2214 4018 reretur.
2248 3963 2494 4017 Necesse
2527 3961 2688 4016 enim
2720 3967 2866 4025 erat,
2899 3966 2964 4015 ut
2995 3961 3140 4014 visio
3173 3961 3276 4015 illa
3319 3961 3392 4015 de
3423 3960 3607 4016 cervi-

1965 4051 2074 4106 cali
2105 4050 2472 4121 impleretur,
2507 4067 2638 4121 qua:
2686 4050 2740 4105 ei
2773 4055 3011 4105 ostensa
3051 4050 3241 4104 fuerat
3286 4067 3420 4105 cum
3455 4051 3613 4104 inter

1967 4139 2257 4196 orandum
2281 4139 2426 4194 illud
2454 4139 2671 4194 ardens
2696 4138 2939 4206 videret,
2957 4144 3015 4194 et
3036 4155 3354 4194 conversus
3380 4139 3454 4194 ad
3477 4137 3614 4192 lide-

1969 4229 2058 4284 les
2085 4234 2346 4284 astantes
2376 4228 2718 4301 prOphetice
2753 4228 3013 4284 diceret:
3051 4248 3077 4280 ι
3111 4229 3355 4299 Oportet
3393 4243 3488 4283 me
3528 4228 3614 4281 vi-

1970 4333 2108 4372 vum
2139 4317 2429 4374 comburi.
2464 4341 2494 4367 ›,

1555 4507 1697 4564 ΧΙΙΙ.
1731 4513 1913 4584 Rogus
1942 4515 2268 4572 exstruitur.

268 4630 456 4683 Ταῦτα
487 4625 576 4679 οὗν
611 4624 745 4698 μετά
801 4621 1062 4678 τοσοότου
1120 4623 1328 4698 τάχους
1381 4621 1609 4698 ἐγίνετο,
1667 4630 1855 4689 θᾶττον

189 4719 298 4772 τοῦ
333 4715 620 4792 λεχθῆναι,
665 4717 772 4768 τῶν
811 4708 999 4788 ὄχλων
1030 4717 1376 4790 παραχρῆμα
1417 4713 1755 4788 συναγόντων
1798 4713 1858 4774 ἔκ

273 4841 324 4876 ¹⁰
356 4843 522 4896 Rom.
552 4855 674 4907 xm,
708 4843 759 4907 1,
804 4842 875 4907 7;
907 4839 1013 4894 Tit.
1049 4855 1125 4906 Ill,
1164 4842 1212 4892 l.

276 5002 390 5072 (65)
423 4999 467 5054 Ι.
500 5015 566 5072 ε,
587 4997 1122 5072 (ςγδιιᾶίῐ-θλῐθᾲνοιο,
1159 4998 1202 5052 si
1239 5015 1272 5053 a
1304 4999 1522 5071 populo

200 5069 349 5130 nem
382 5069 654 5144 supplicii
686 5069 908 5142 poteris
949 5070 1291 5144 impetrare.
1324 5091 1351 5119 »
1387 5069 1666 5144 'Neandro
1716 5091 1858 5144 pro-

200 5089 349 5130 nem
382 5089 654 5196 suppucu
686 5089 908 5142 ponens
949 5089 1291 5140 impetrare.
1324 5091 1351 5119 ››
1395 5089 1666 5126 neanaro
1716 5091 1858 5144 pro-

197 5142 418 5200 consul
487 5142 752 5211 gnatium
814 5157 1047 5196 servare
1104 5141 1365 5195 voluisse
1420 5141 1668 5199 videtur.
1723 5145 1862 5201 Vide

200 5217 339 5288 ejus
370 5213 886 5288 Historiamecctes.
926 5229 964 5277 ι,
999 5230 1054 5283 p.
1093 5213 1362 5288 ιογτμοί

305 5288 396 5350 66)
429 5287 514 5340 lta
544 5284 911 5340 Jacobsonus
944 5300 973 5337 e
1005 5283 1173 5338 codd.
1209 5283 1459 5337 Vindob.
1495 5288 1555 5337 et
1586 5285 1769 5341 Paris.

308 5359 400 5421 67)
433 5358 544 5411 Pro
574 5351 819 5415 ἀσεϐείας
850 5354 1283 5410 restituendum
1317 5371 1446 5409 esse
1470 5353 1831 5422 ’Ao£a¢,Euse
1851 5389 1864 5399 ι

205 5427 320 5495 bii,
355 5427 550 5483 Ruﬁni
585 5433 643 5482 et
685 5427 901 5482 veteris
952 5427 1290 5498 interpretis
1341 5427 1723 5483 consentiens
1773 5431 1868 5486 hic

207 5499 432 5556 evincit
463 5498 801 5553 auctoritas.
839 5499 1036 5554 Ussnn.

283 5572 397 5635 (68)
431 5571 728 5624 Asiarchm
759 5575 948 5631 erant,
983 5570 1084 5638 qui
1116 5567 1285 5623 ludos
1318 5583 1518 5622 sacros
1564 5568 1627 5623 in
1677 5571 1870 5626 hono-

206 5657 344 5714 rem
377 5640 625 5696 deorum
644 5658 749 5714 pro
775 5641 964 5714 salute
984 5641 1296 5714 provincias
1320 5656 1440 5694 suas
1464 5641 1632 5714 statis
1651 5647 1875 5714 tempo-

205 5711 828 5784 ribusiprocurabant.
859 5712 1025 5776 Quod
1064 5728 1199 5784 vero
1229 5711 1588 5784 spectacula,
1639 5711 1874 5784 quae'ab

208 5783 341 5841 illis
372 5783 685 5856 dabantur,
719 5799 888 5840 sacra
931 5788 1121 5852 erant,
1164 5783 1303 5840 inde
1357 5783 1695 5842 sacerdotes
1737 5791 1878 5844 sunt

2039 4633 2172 4688 Haec
2200 4649 2374 4704 porro
2398 4633 2570 4687 citius
2593 4639 2829 4705 peracta
2848 4637 3188 4703 sunt,quam
3211 4630 3615 4702 pronuntiata;

1966 4728 2178 4778 cuncta
2198 4722 2370 4795 plebe
2394 4723 2708 4778 confestim
2741 4740 2812 4778 ex
2831 4722 3085 4778 ofﬁcinis
3102 4738 3172 4776 ac
3200 4720 3429 4777 balneis
3457 4720 3619 4793 ligna

1613 5002 1858 5058 rolatio-
1891 5010 1938 5073 ί)
1967 5006 2272 5076 appellati.
2308 5009 2524 5062 Manen.
2562 5008 2739 5063 Valde
2771 5023 3091 5063 onerosum
3125 5013 3249 5061 erat
3279 5007 3391 5060 hoc
3420 5017 3614 5076 sacer:

1975 5072 2224 5150 d'o‘tium,
2258 5085 2433 5150 atque
2467 5079 2685 5134 idcirco
2711 5079 2951 5134 nonnisi
3010 5077 3423 5150 opulentiores
3450 5074 3524 5129 ad
3548 5072 3614 5150 id

1974 5143 2297 5222 gerendum
2326 5143 2714 5222 eligebantur.
2743 5151 2891 5205 Hinc
2921 5143 3222 5222 esui-quod
3277 5147 3481 5222 S_trabo
3509 5143 3615 5199 ob-

1976 5219 2189 5288 servat,
2241 5219 2550 5276 Asiarchas
2608 5222 2728 5276 fere
2779 5239 2850 5276 ex
2909 5219 3218 5276 Trallianis
3275 5219 3617 5288 desumptos

1976 5286 2183 5369 fuisse,
2213 5298 2527 5369 propterea
2555 5293 2873 5369 quod_ejus
2903 5293 3068 5369 u_r_bis
3095 5292 3248 5369 cives
3272 5286 3619 5369 totiusAsire

1979 5359 2410 5433 opulentissimi
2441 5359 2659 5419 essent.
2697 5359 2892 5418 Vsbns.
2930 5363 3094 5417 Idem
3143 5363 3252 5416 iste
3311 5359 3622 5429 Philippus

1980 5433 2134 5488 infra
2164 5452 2213 5488 c.
2249 5437 2312 5487 21
2349 5434 2634 5488 ἀογιεοεὺς
2664 5431 3001 5488 Τραλλιανός
3030 5433 3379 5488 appellatur.
3411 5432 3531 5485 ΙΑο.

1980 5437 2134 5488 infra
2164 5452 2213 5488 c.
2249 5437 2312 5487 21
2349 5437 2634 5507 ἀρχιερεὺς
2664 5437 3001 5506 Τραλλιανός
3030 5437 3379 5504 appellatur.
3411 5437 3531 5485 JAG.

2051 5507 2158 5586 (69)
2182 5506 2272 5586 Ita
2300 5507 2554 5570 codices,
2587 5513 2781 5586 testes
2815 5506 3163 5586 Jacobsono,
3223 5503 3443 5586 obmisso
3476 5515 3624 5586 ‘aug-

1983 5580 2184 5648 mento
2216 5575 2806 5648 plusquamperfecti,
2823 5576 2976 5647 quod
2997 5576 3212 5648 smpius
3238 5575 3366 5630 fieri
3381 5577 3632 5628 testatur

1984 5647 2184 5699 Winer
2213 5647 2494 5704 Gramm..
2527 5647 2554 5717 §
2587 5653 2669 5716 l2,
2699 5665 2757 5704 n.
2793 5651 2844 5703 8.
2880 5664 2937 5719 p.
2970 5649 3058 5713 69,
3091 5647 3186 5702 ed.
3213 5663 3284 5700 IV.

2057 5720 2170 5784 (70)
2203 5719 2244 5771 E
2275 5719 2447 5774 codd.
2482 5715 2664 5776 Vind.
2688 5726 2746 5776 et
2783 5715 3102 5775 Parisiensi
3153 5715 3515 5774 Jacobsonus
3544 5729 3633 5769 re-

1986 5789 2187 5861 posuit
2218 5791 2415 5856 ζῶντα.
