4004 6218
485 313 642 377 1039

1668 309 1734 370 S.
1779 298 2300 368 POLYCARPUS
2344 296 2703 360 MARTYR.

3683 304 3796 367 ιοιο

488 453 546 504 et
577 452 878 505 sarmenta
906 449 1259 517 congerente
1285 462 1300 511 ;
1331 443 1628 516 praecipue
1655 442 1896 510 Judaais,
1945 440 2114 496 alacri

2239 455 2299 489 τε
2325 436 2434 488 τῶν
2466 430 2838 508 ἐργαστηρίων
2869 431 2961 486 καὶ
2996 431 3294 507 βαλανείων
3350 431 3476 502 ξύλα
3525 437 3602 491 καὶ
3650 441 3796 518 φριςγα.

489 540 710 605 animo,
743 543 807 592 ut
835 535 1049 598 solent,
1082 534 1154 588 ad
1185 533 1298 588 ista
1320 533 1685 604 juvantibus.
1730 534 1873 587 Cum
1932 535 2130 586 autem

485 644 660 699 rogus
692 629 1005 696 apparatus
1036 628 1211 690 esset,
1266 622 1640 694 Polycarpus,
1681 621 1792 676 sibi
1851 619 2130 675 detractis

484 715 758 770 omnibus
780 711 1146 766 vestimentis
1175 718 1234 766 et
1264 711 1498 784 cingulo
1531 712 1745 777 soluto,
1807 709 2134 764 conabatur

482 803 659 857 etiam
692 817 754 856 se
777 799 1114 855 excalceare
1143 817 1156 865 ;
1182 801 1340 870 quod
1373 799 1536 870 prius
1563 817 1682 853 non
1712 796 2131 867 faciebat,quia

482 906 716 960 semper
747 889 944 944 cuncti
970 889 1175 944 ﬁdeles
1197 889 1659 952 contendebant,
1691 888 1964 958 quisnam
1989 884 2134 940 cele-

478 979 602 1034 rius
634 994 846 1049 corpus
878 979 1009 1048 ejus
1041 985 1318 1050 tangere;
1354 978 1516 1033 omni
1540 978 1699 1032 enim
1725 977 1876 1034 bono
1893 979 2133 1046 propter

487 1075 723 1124 sanctos
752 1084 948 1123 mores
979 1085 1116 1122 suos
1148 1067 1242 1121 illc
1272 1069 1450 1122 etiam
1484 1073 1620 1122 ante
1653 1065 2003 1137 martyrium
2035 1081 2129 1119 or-

479 1163 656 1213 natus
685 1162 827 1212 erat.
861 1156 1026 1211 Illico
1060 1174 1217 1212 nunc
1247 1156 1345 1211 ille
1392 1157 1665 1211 omnibus
1718 1153 2132 1209 instrumentis

481 1245 985 1311 circumdabatur,
1020 1261 1150 1316 quae
1183 1261 1289 1316 pro
1316 1261 1455 1316 rogo
1509 1248 1715 1316 parata
1761 1249 1950 1298 erant.
1985 1241 2132 1296 Cum

479 1351 617 1390 vero
649 1340 706 1390 et
735 1334 913 1390 clavis
944 1334 1141 1404 ipsum
1174 1334 1414 1405 affigere
1458 1334 1696 1396 vellent,
1738 1332 1885 1386 dixit
1914 1348 1926 1384 :
1980 1353 2008 1380 «
2041 1331 2133 1386 Si-

483 1425 606 1479 nite
629 1439 723 1477 me
755 1423 839 1477 sic
874 1440 888 1486 ;
931 1423 1034 1493 qui
1079 1423 1238 1477 enim
1269 1423 1416 1476 mihi
1452 1421 1552 1477 dat
1603 1422 1800 1493 ignem
1849 1420 1992 1492 pati,
2026 1419 2134 1474 da-

481 1513 589 1580 bit,
622 1518 679 1567 et
709 1511 837 1566 sine
869 1517 1063 1567 vestra
1094 1527 1164 1565 ex
1195 1511 1374 1567 clavis
1405 1510 1700 1580 cautione,
1733 1511 2046 1564 immotum
2071 1509 2132 1564 in

484 1618 632 1674 pyra
665 1616 1040 1672 permanere.
1076 1622 1104 1651 »

2242 541 2325 580 να·
2363 522 2602 595 μάλιστα
2633 519 2907 580 Ἰουδαίων
2941 521 3259 598 προθύμως,
3291 524 3364 585 ὡς
3393 519 3500 587 ἔθος
3528 528 3698 598 αὐτοῖς,
3741 534 3794 595 εἰς

2241 618 2407 670 ταῦτα
2440 611 2875 686 ὑπουργούντων.
2911 613 3042 668 "Ore
3092 608 3149 666 δὲ
3201 615 3235 680 ἡ
3269 615 3494 687 πυρκαϊὰ
3535 618 3794 695 humi-:67”

2243 701 2574 776 ἀποθέμενος
2617 701 2789 771 εει-λῖς)
2821 699 2993 755 πάντα
3048 701 3114 755 τὰ
3163 701 3372 772 ἱμάτια,
3423 705 3508 757 καὶ
3547 705 3684 768 λύσας
3725 714 3794 779 τήν

2245 793 2422 862 ζώνην
2457 790 2644 860 αὐτοῦ,
2677 788 2923 866 ἐπειρᾶτο
2957 789 3048 844 καὶ
3082 791 3341 846 ὑπολύειν
3374 792 3567 848 ἑαυτὸν·
3601 799 3661 867 μὴ
3700 803 3796 873 πρά.

2241 901 2394 955 τερον
2434 883 2595 934 τοῦτο
2626 883 2818 947 ποιῶν,
2863 876 2950 934 διὰ
3003 880 3063 933 τὸ
3116 881 3195 934 αεὶ
3251 877 3466 935 ἕκαστον
3509 887 3604 937 τῶν
3648 895 3793 942 πιστῶν

2245 967 2587 1040 σπουδάζειν,
2621 968 2768 1032 ὅστις
2800 968 2994 1044 τάχιον
3025 974 3122 1024 τοῦ
3179 971 3394 1044 χρωτὸς
3441 972 3591 1028 αὐτοῦ
3633 975 3796 1049 ἅψηται·

2241 1061 2400 1115 παντὶ
2442 1063 2550 1131 (71)
2579 1058 2679 1134 γὰρ
2718 1058 2910 1131 ξκαλῷ,
2962 1059 3162 1132 ἀγαθῆς
3211 1057 3384 1114 ἕνεκεν
3443 1063 3700 1128 πολιτείας,
3735 1069 3798 1121 ιιιὶ

2239 1149 2346 1221 πρὸ
2386 1153 2486 1216 τῆς
2549 1145 2846 1221 μαρτυρίας
2902 1145 3260 1219 ἐκεκόσμητο.
3322 1148 3526 1211 Εὐθέως
3577 1150 3654 1206 οὖν
3697 1155 3802 1226 αὐτῷ

2240 1235 2571 1309 περιετίθετο
2624 1235 2690 1289 τὰ
2746 1236 2882 1309 πρὸς
2942 1237 3040 1303 τήν
3109 1237 3279 1308 πυρὰν
3339 1241 3640 1312 ἡρμοσυένα
3685 1240 3804 1318 ὄργα·

2239 1347 2302 1381 να
2333 1329 2464 1400 (72).
2497 1321 2834 1380 Μελλόντων
2877 1321 2934 1379 δὲ
2991 1324 3167 1380 αὐτῶν
3235 1327 3327 1381 καὶ
3381 1333 3666 1401 προσηλοῦν
3711 1336 3807 1403 (73),

2241 1415 2408 1470 εἶπεν,
2450 1439 2471 1465 ι
2507 1414 2698 1491 Ἀφετέ
2735 1434 2800 1487 με
2832 1410 3026 1476 οὕτως·
3062 1414 3089 1468 ὁ
3121 1415 3224 1489 γὰρ
3279 1413 3405 1478 δούς
3457 1437 3544 1490 μοι
3589 1418 3808 1490 ὑπομειναι

2237 1505 2300 1560 τὸ
2332 1508 2461 1579 πῦρ,
2495 1501 2655 1558 δώσει
2685 1503 2776 1557 καὶ
2809 1503 2984 1578 χωρὶς
3015 1509 3116 1572 τῆς
3159 1502 3423 1580 ὒμετὲρας
3465 1507 3526 1560 ἒκ
3569 1511 3661 1562 τίὐν
3700 1506 3808 1576 ἣλιον

2239 1593 2556 1672 ἀσφαλείας,
2588 1591 2880 1649 ἀσάλευτον
2913 1593 3186 1668 ἐπιμεῖναι
3216 1599 3286 1668 τῇ
3318 1599 3483 1669 πυρᾷ,
3515 1621 3541 1648 ››

1804 1688 1944 1743 XIV.
1978 1686 2269 1758 Polycarpi
2293 1689 2559 1758 precatio.

556 1787 648 1842 Illi
682 1803 818 1859 ergo
850 1803 969 1842 non
994 1786 1234 1858 quidem
1264 1787 1448 1842 clavis
1466 1785 1817 1849 deﬁxerunt,
1851 1784 1954 1840 sed
1985 1784 2114 1856 liga-

2309 1783 2376 1840 Οἱ
2409 1779 2465 1837 δὲ
2496 1783 2558 1838 οὐ
2608 1783 2935 1853 καθήλωσαν
2988 1783 3102 1855 μὶν,
3147 1776 3347 1851 ἔδησαν
3413 1781 3468 1838 δὲ
3519 1782 3812 1842 αὖτον.¹οδὶ

484 1882 700 1933 verunt
730 1893 889 1933 eum.
924 1878 1026 1932 Hic
1056 1893 1192 1932 vero
1224 1878 1497 1932 manibus
1545 1876 1606 1931 in
1638 1876 1860 1948 letgum
1894 1875 2130 1948 rejectis

485 1981 552 2021 ac
575 1967 822 2032 vinctus,
857 1972 1141 2036 tanquam
1164 1965 1319 2019 aries
1343 1965 1593 2037 insignis
1626 1981 1695 2018 ex
1725 1980 1937 2036 magno
1956 1979 2129 2035 grege

485 2053 559 2109 ad
581 2054 962 2120 oblationem,
987 2054 1225 2109 victima
1239 2053 1621 2124 acceptabilis
1642 2055 1760 2108 Deo
1778 2058 2126 2125 praeparata,

485 2143 696 2198 caelum
744 2143 993 2198 intuitus
1037 2141 1220 2196 dixit:
1285 2164 1304 2190 ι
1341 2143 1586 2197 Domine
1648 2144 1802 2196 Deus
1861 2142 2129 2212 omnipo-

484 2236 637 2296 tens,
669 2233 842 2286 Pater
871 2231 1072 2286 dilecti
1102 2248 1170 2286 ac
1199 2231 1498 2286 benedicti
1528 2231 1658 2285 Filii
1692 2231 1774 2286 tui
1805 2231 1940 2285 Iesu
1957 2231 2127 2285 Chri-

481 2322 578 2392 sti,
612 2340 718 2394 per
749 2340 927 2394 quem
960 2323 1043 2378 tui
1075 2323 1346 2378 notitiam
1377 2322 1735 2394 accepimus,
1768 2325 1923 2378 Deus
1952 2338 2124 2395 ange-

478 2410 671 2467 lorum
695 2416 754 2467 et
773 2413 1076 2482 virtutum,
1098 2428 1165 2466 ac
1183 2413 1470 2467 universa)
1493 2418 1798 2479 creatum,
1824 2413 2121 2482 totiusque

473 2501 707 2573 generis
730 2501 1028 2573 justorum
1061 2501 1123 2556 in
1155 2506 1474 2572 conspectu
1502 2506 1603 2556 tuo
1635 2501 1987 2567 viventium;
2020 2501 2120 2556 be-

471 2587 682 2644 nedico
710 2589 840 2655 tibi,
868 2589 1152 2659 quoniam
1181 2605 1276 2644 me
1325 2589 1435 2645 hac
1483 2589 1577 2644 die
1628 2589 1804 2660 alque
1835 2590 1945 2645 hac
1975 2590 2122 2646 hora

471 2678 747 2750 dignatus
779 2695 864 2743 es,
897 2684 961 2733 ut
987 2684 1218 2750 partem
1248 2680 1580 2750 acciperem
1606 2679 1665 2734 in
1687 2695 1937 2734 numero
1969 2696 2121 2734 mar-

467 2771 667 2838 tyrum
698 2773 956 2836 tuorum,
989 2768 1052 2822 in
1083 2767 1263 2823 calice
1295 2768 1509 2823 Christi
1541 2769 1624 2822 tui
1656 2768 1722 2835 Η,
1757 2769 1831 2823 ad
1862 2785 2121 2824 resurre-

469 2855 727 2912 ctionem
757 2856 821 2912 in
853 2857 1030 2912 vitam
1062 2862 1372 2922 mternam,
1405 2857 1618 2912 animm
1652 2863 1710 2912 et
1740 2858 2026 2928 corporis,
2053 2857 2115 2912 in

466 2945 914 3018 incorruptione
945 2963 1051 3016 per
1079 2945 1360 3016 Spiritum
1404 2951 1714 3011 sanctum;
1765 2945 1921 3000 inter
1969 2963 2114 3017 quos

464 3035 695 3090 utinam
726 3035 1017 3106 suscipiar
1039 3034 1215 3090 hodie
1243 3052 1441 3090 coram
1475 3041 1531 3090 te
1562 3038 1623 3089 in
1656 3035 1947 3090 sacriﬁcio
1987 3036 2112 3105 pin-

463 3121 561 3194 gui
596 3127 652 3178 et
682 3129 945 3194 accepto,
980 3123 1485 3193 quemadmodum
1515 3123 1860 3195 praeparasti
1881 3128 1938 3176 et
1968 3123 2107 3176 mihi

461 3213 933 3284 praamonstrasti
965 3217 1024 3267 et
1051 3229 1211 3267 nunc
1233 3211 1651 3283 adimplevisti,
1676 3212 1848 3276 Deus,
1873 3211 2114 3266 menda-

461 3300 536 3357 cii
567 3300 806 3356 nescius
835 3317 902 3356 ac
932 3317 1128 3356 verax.
1154 3302 1523 3372 Quapropter
1547 3300 1619 3354 de
1641 3300 1914 3356 omnibus
1938 3300 2114 3356 laudo

458 3395 537 3458 te,
567 3389 883 3445 benedicto
906 3389 1036 3459 tibi,
1071 3389 1335 3461 gloriflco
1369 3395 1446 3459 te,
1479 3406 1614 3445 cum
1660 3390 2022 3461 sempiterno
2055 3396 2113 3447 et

457 3478 682 3535 cmlesti
712 3479 740 3534 J
747 3495 850 3534 esu
907 3478 1158 3548 Christo,
1187 3478 1404 3534 dilecto
1427 3483 1527 3533 tuo
1553 3478 1722 3546 Filio,
1747 3494 1882 3534 cum
1906 3495 2020 3550 quo
2036 3479 2110 3533 ti-

455 3564 514 3620 bi
549 3569 608 3620 et
638 3565 879 3637 Spiritui
913 3572 1117 3622 sancto
1143 3565 1352 3639 gloria,
1411 3572 1470 3622 et
1500 3582 1659 3622 nunc
1691 3571 1748 3621 et
1796 3566 1858 3620 in
1907 3565 2107 3623 futura

456 3655 695 3712 secula.
724 3657 933 3712 Amen.
968 3677 997 3708 »

2242 1872 2417 1927 ὀπίσω
2473 1871 2566 1933 τὰς
2616 1877 2807 1945 χεῖρας
2861 1872 3095 1941 ποιήσας
3154 1873 3243 1925 καὶ
3307 1870 3632 1946 προσδεθεὶς,
3680 1872 3813 1949 ὣσπερ

2238 1962 2390 2036 κριὸς
2448 1959 2718 2033 ἐπίσημος
2767 1958 2826 2014 ἐκ
2889 1959 3135 2037 μεγάλου
3193 1961 3454 2034 ποιμνίου
3511 1963 3581 2024 εἰς
3631 1983 3814 2036 προσεο-

2241 2049 2333 2126 ρᾶν
2367 2052 2500 2123 (74),
2535 2049 2916 2124 ὁλοκάρπωμα
2948 2051 3057 2123 (75)
3099 2047 3284 2105 δεκτὸν
3339 2053 3419 2124 τῷ
3458 2057 3567 2123 Θεῴ
3604 2054 3813 2125 ἡτοιμασο

2240 2139 2423 2213 μένον,
2478 2133 2786 2212 ἀναϐλέψας
2842 2138 2917 2200 εἰς
2973 2140 3062 2194 τὸν
3120 2139 3370 2215 οὐρανὸν,
3433 2143 3568 2197 εἴπεο
3619 2168 3642 2193 ι(
3694 2141 3814 2214 Κύριε

2239 2231 2265 2285 ὅ
2298 2230 2450 2295 Θεὸς,
2483 2230 2510 2283 ὃ
2542 2228 2956 2304 παντοκράτωρ,
2988 2229 3016 2282 ὁ
3049 2233 3146 2284 τοῦ
3177 2229 3467 2303 ἀγαπητοῦ
3507 2230 3591 2285 καὶ
3631 2230 3810 2304 εὐλογη·

2231 2323 2326 2375 τοῦ
2378 2315 2577 2380 Παιδός
2637 2339 2732 2372 σου
2787 2318 2964 2388 Ἰησοῦ
3021 2318 3258 2393 Χριστοῦ
3312 2321 3524 2394 Ηατὴρ,
3563 2317 3624 2374 δι’
3669 2321 3717 2373 οὗ
3739 2323 3809 2388 τὴν

2231 2409 2354 2483 περὶ
2415 2413 2510 2462 σοῦ
2556 2407 2843 2484 ἐπίγνωσιν
2897 2405 3224 2484 εἰλήφαμεν,
3260 2410 3287 2463 ὁ
3320 2411 3454 2471 Θεὸς
3502 2408 3721 2487 ἀγγέλων
3748 2409 3810 2462 καὶ

2231 2496 2530 2571 δυνάμεων,
2564 2497 2655 2551 καὶ
2703 2497 2880 2567 πάσης
2942 2505 3040 2566 τῆς
3091 2499 3341 2565 κτίσεως,
3390 2499 3480 2553 καὶ
3526 2499 3701 2560 παντὸς
3744 2502 3810 2551 τοῦ

2226 2587 2412 2663 γένους
2445 2592 2550 2642 τῶν
2590 2584 2835 2654 δικαίων,
2870 2583 2921 2641 οἳ
2953 2590 3113 2656 ζῶσιν
3143 2586 3372 2643 ἐνώπιόν
3400 2606 3516 2643 σου·
3548 2587 3732 2663 εὐλογῶ
3755 2607 3808 2655 σε,

2228 2678 2309 2731 ὅτι
2341 2676 2581 2747 ἠξίωσάς
2615 2697 2678 2747 με
2725 2682 2825 2744 τῆς
2878 2673 3086 2748 ἡμέρας
3145 2676 3234 2730 καὶ
3293 2675 3445 2752 ὥρας
3499 2678 3700 2747 ταύτης,
3743 2679 3808 2729 τοῦ

2227 2762 2414 2822 λαϐεῖν
2453 2787 2518 2839 με
2561 2766 2725 2839 μέρος
2775 2763 2825 2818 ἐν
2881 2763 3099 2838 ἀριθμῷ
3145 2770 3253 2819 τῶν
3317 2768 3607 2842 μαρτύρων
3650 2788 3743 2833 σου,
3775 2764 3808 2819 ἐν

2221 2859 2300 2926 τῷ
2342 2854 2594 2928 ποτηρίῳ
2650 2857 2745 2907 τοῦ
2805 2855 3038 2928 Χριστοῦ
3096 2875 3189 2908 σου
3247 2854 3323 2917 είς
3387 2856 3658 2911 ἀνάστασιν
3709 2863 3811 2924 ζωῆς

2222 2943 2470 3011 αἰωνίου,
2503 2947 2690 3017 ψυχῆς
2718 2962 2776 2995 τε
2817 2941 2904 2995 καὶ
2953 2942 3228 3015 σώματος,
3282 2943 3334 2998 ἐν
3383 2945 3646 3025 ἀφθαρσίᾳ
3686 2944 3810 2999 “vri-

2227 3053 2393 3104 ματος
2422 3031 2597 3107 ἁγίου·
2634 3030 2685 3084 ἐν
2723 3032 2808 3092 οἷς
2841 3027 3240 3109 προσδεχθείην
3271 3031 3510 3089 ἐνώπιόν
3561 3056 3647 3089 σου
3692 3035 3812 3105 σήμε-

2225 3140 2312 3195 ρον
2349 3119 2400 3174 ὲν
2432 3121 2588 3191 θυσίᾳ
2619 3119 2766 3174 πίονι
2798 3118 2887 3172 καὶ
2915 3117 3242 3196 προσδεκτῇ,
3302 3125 3490 3186 καθὼς
3530 3121 3809 3198 προητοίμα-

2223 3232 2314 3272 σας
2348 3210 2438 3263 καὶ
2468 3209 2918 3286 προειρανέρωσας
2977 3208 3068 3264 καὶ
3127 3209 3460 3286 ἐπλήρωσας
3494 3217 3620 3286 (76},
3651 3215 3674 3267 ὸ
3702 3214 3814 3281 dies.

2225 3296 2322 3369 δὴς
2354 3300 2441 3353 καὶ
2492 3297 2747 3365 ἀληθινὸς
2781 3297 2930 3358 Θεὸς.
2982 3298 3078 3354 Διὰ
3125 3304 3289 3355 τοῦτο
3341 3303 3435 3356 καὶ
3485 3302 3604 3377 περὶ
3653 3302 3809 3354 πάντων

2224 3388 2357 3442 αἰνῶ
2385 3410 2461 3458 σε,
2490 3388 2709 3463 εὐλογῶ
2743 3409 2822 3458 σε,
2873 3385 3078 3462 δοξάζω
3124 3411 3200 3460 σε,
3254 3391 3348 3444 σὺν
3403 3397 3484 3464 τῷ
3529 3390 3715 3461 aiam-3:9
3750 3386 3811 3441 καὶ

2219 3475 2527 3553 ἐπουρανίῳ
2559 3481 2736 3546 Ἰησοῦ
2767 3484 3009 3554 Χριστῷ,
3052 3480 3319 3556 ἀγαπητῷ
3373 3502 3474 3535 σου
3524 3477 3688 3535 Παιδίο
3730 3477 3811 3548 μεθ’

2217 3565 2278 3620 οὗ
2311 3587 2394 3622 σοι
2421 3568 2511 3622 καὶ
2562 3567 2830 3641 Πνεύματι
2890 3567 3029 3643 ἁγίῳ
3077 3569 3112 3637 ἡ
3162 3564 3308 3639 δόξα,
3364 3569 3456 3625 καὶ
3505 3572 3592 3625 νῦν
3642 3567 3716 3622 καὶ
3760 3564 3810 3623 εἷς

2210 3655 2337 3718 τοὺς
2374 3654 2680 3730 μέλλοντας
2707 3657 2924 3719 αἰῶνας.
2960 3659 3163 3731 Ἀμήν.
3198 3682 3226 3710 ››

1638 3765 1754 3820 XV.
1785 3765 2123 3835 Polycarpus
2151 3767 2279 3836 igne
2306 3782 2418 3820 non
2450 3767 2688 3823 laeditur.

529 3863 599 3918 Et
622 3867 935 3935 postquam
963 3864 1220 3919 «Amen»
1253 3863 2109 3934 emisisset,precationemque

457 3952 741 4025 complevi
750 3953 1151 4021 sset,ministri
1166 3953 1317 4025 ignis
1329 3953 1526 4025 ignem
1540 3953 2110 4010 accenderunt.Cum

454 4057 591 4097 vero
625 4042 833 4113 ingens
865 4041 1108 4096 ﬂamma
1127 4042 1460 4108 émicasset,
1490 4041 1712 4112 grande
1752 4043 2107 4099 miraculum

458 4129 738 4194 vidimus,
771 4146 904 4195 nos,
936 4129 1151 4199 quibus
1172 4129 1322 4183 illud
1345 4135 1968 4200 spectareconcessum
1994 4132 2108 4188 fuit

459 4217 561 4289 qui
585 4222 642 4272 et
675 4217 806 4272 ideo
838 4219 1119 4273 reservati
1144 4235 1372 4286 sumus,
1403 4223 1467 4273 ut
1498 4219 1651 4288 aliis,
1695 4237 1824 4290 quae
1850 4222 2105 4294 contige-

450 4311 610 4374 runt,
643 4306 1156 4362 annuntiaremus.
1190 4308 1346 4379 Ignis
1382 4309 1539 4363 enim
1568 4308 1810 4364 fornicis
1843 4311 2100 4381 speciem

447 4393 743 4466 praebens,
775 4399 1058 4466 tanquam
1085 4396 1248 4452 navis
1274 4396 1468 4453 velum
1499 4415 1534 4453 a
1583 4403 1755 4454 vento
1783 4398 2098 4469 repletum,

2291 3860 2736 3937 Ἀναπέμψαντος
2771 3863 2827 3919 δὲ
2855 3863 3021 3920 αὐτοῦ
3048 3866 3110 3919 τὸ
3149 3889 3170 3915 α
3205 3865 3408 3938 Ἀμὴν,
3443 3890 3474 3919 ››
3503 3867 3591 3921 καὶ
3634 3863 3813 3936 πληρὼο

2220 3973 2406 4017 σαν-τος
2432 3955 2532 4023 τήν
2565 3953 2756 4027 εὐχὴν,
2784 3953 2837 4008 οἱ
2887 3957 2984 4008 τοῦ
3023 3953 3192 4027 πυρὸς
3242 3955 3530 4029 ἂνθρωποι
3577 3954 3750 4028 ἆξῆψον
3771 3950 3813 4004 τὸ

2215 4046 2345 4114 πῦρ.
2389 4040 2648 4115 Μεγάλης
2682 4039 2740 4097 δὲ
2800 4040 3160 4117 ἐκλαμψάσης
3213 4044 3452 4119 φλογὸς,
3504 4049 3672 4116 θαῦμα
3712 4042 3810 4112 μέγα

2216 4129 2454 4203 εἷ’δομεν,
2489 4131 2566 4192 οἷς
2599 4127 2732 4186 ἰδεῖν
2779 4128 2964 4201 ἐδόθη·
3013 4132 3064 4186 οἶ
3113 4131 3203 4186 καὶ
3255 4130 3628 4206 ἐτηρήθημεν,
3670 4130 3733 4191 εἷς
3766 4127 3808 4182 τὸ

2211 4218 2527 4296 ἀναγγεῖλαι
2583 4225 2699 4281 τοῖς
2741 4219 2959 4280 λοιποῖς
3004 4221 3071 4275 τὰ
3128 4221 3420 4297 γενόμενα.
3471 4223 3545 4278 Τὸ
3593 4221 3687 4296 γάρ
3730 4221 3804 4289 πῦρ

2209 4309 2456 4382 καμάρας
2504 4305 2645 4370 εἶδος
2705 4315 2964 4378 ποιῆσαν,
3023 4307 3208 4385 ὥσπερ
3267 4309 3439 4381 ὀθόνη
3500 4309 3685 4365 πλοίου
3733 4305 3807 4361 ὑπὸ

2209 4397 2514 4470 πνεύματος
2546 4393 2930 4471 πληρουμένη,
2955 4399 3146 4470 κύκλῳ
3185 4402 3558 4475 περιετείχισε
3605 4400 3662 4453 τὸ
3688 4401 3807 4465 σῶμα

448 4481 510 4548 in
543 4482 764 4538 circulo
799 4500 1010 4556 corpus
1045 4486 1321 4558 martyris
1352 4487 1780 4554 circumdedit;
1833 4486 2012 4559 quod,
2039 4487 2100 4542 in

2232 4489 2302 4540 ὀῦ
2336 4486 2632 4560 μάρτυρος·
2665 4486 2754 4539 καὶ
2795 4486 2861 4555 ἧν
2899 4497 3066 4560 μεσυν
3100 4487 3210 4561 οὐχ
3266 4487 3343 4550 ὡς
3393 4489 3523 4562 σὰρξ
3571 4484 3808 4556 καιομένη,

450 4569 647 4625 medio
680 4573 960 4644 positum,
1017 4590 1139 4628 non
1174 4580 1239 4630 ut
1287 4593 1423 4631 caro
1455 4592 1588 4632 assa
1631 4576 1958 4644 videbatur,
1991 4575 2096 4630 sed

448 4658 630 4712 veluti
665 4661 834 4731 panis
857 4667 1081 4727 coctus,
1104 4663 1191 4718 vel
1216 4663 1368 4719 sicut
1386 4680 1597 4719 aurum
1624 4669 1680 4719 et
1702 4670 2010 4737 argentum
2036 4665 2097 4719 in

519 4780 563 4819 “
599 4784 798 4840 Matth.
829 4803 924 4853 xx,
957 4787 1063 4854 22;
1096 4804 1249 4857 xxvx,
1282 4790 1383 4857 39;
1415 4790 1589 4844 Marc.
1622 4807 1678 4857 ι,
1710 4791 1798 4846 38.

515 4956 629 5028 (7i)
659 4953 1109 5032 Prwpositioév,
1140 4975 1286 5032 qua),
1319 4959 1535 5032 legitur
1563 4960 1626 5015 in
1658 4961 2025 5030 e’ditis,abest
2057 4976 2092 5017 a

2207 4572 2335 4628 ἀλλ’
2378 4574 2453 4636 ὡς
2502 4574 2666 4648 ἄρτος
2726 4572 3064 4647 ὀπτώμενος,
3097 4575 3132 4646 ἢ
3170 4575 3245 4637 ὡς
3299 4578 3511 4651 χρυσὸς
3568 4575 3652 4631 καὶ
3688 4573 3807 4646 ἄργυ-

2209 4683 2306 4738 ρος
2339 4662 2388 4717 ἐν
2432 4663 2647 4736 καμίνῳ
2703 4663 3045 4740 πυρούμενος
3103 4667 3236 4736 (77).
3305 4667 3410 4722 Καὶ
3466 4667 3571 4742 γὰρ
3625 4659 3805 4721 εύωδίις

2269 4962 2383 5035 (74)
2426 4962 2656 5035 Similia
2685 4963 2745 5017 in
2776 4965 3047 5035 Ma-rtyrio
3077 4966 3254 5033 Ignat.
3292 4982 3339 5020 c.
3374 4968 3429 5029 2,

443 5044 551 5082 ms.
591 5033 649 5083 et
677 5028 852 5099 plane
885 5029 1029 5082 mihi
1063 5028 1406 5086 redundare
1425 5033 1672 5087 videtur.
1706 5035 1826 5088 hc.

537 5103 624 5165 72)
654 5101 714 5172 E.
751 5116 801 5172 g.
846 5100 1093 5172 qpalus,
1118 5108 1363 5167 catena),
1399 5103 1592 5169 funes,
1629 5125 1656 5152 ››
1691 5109 1801 5158 etc.

537 5174 623 5236 73)
651 5170 779 5246 _Non
811 5170 1092 5246 videntur
1115 5173 1239 5226 haec
1264 5173 1344 5227 ita
1365 5174 1954 5246 intelligenda,quasi
1979 5177 2090 5230 Po-

440 5241 674 5316 lycarpi
700 5259 908 5316 manus
952 5243 1130 5316 clavis
1185 5245 1522 5316 transﬁxuri
1571 5241 1822 5311 essentf
1855 5253 1913 5300 et
1961 5246 2089 5316 palo

439 5313 700 5389 ai‘ﬁgruri;
733 5331 854 5368 non
884 5315 1096 5389 fuisset
1125 5315 1283 5370 enim
1315 5316 1439 5389 haec
1469 5317 1680 5389 exigua
1703 5335 1838 5388 pars
1872 5313 2091 5389 suppli-

438 5384 513 5438 cii
543 5384 746 5456 [quam
779 5386 1088 5460 carnifices
1121 5403 1242 5441 non
1276 5384 2089 5460 remisissent].Crediderim

435 5471 596 5525 ergo,
632 5459 1168 5532 catenas._quibu_s
1213 5459 1490 5532 revinctas
1541 5459 1712 5516 erant
1755 5459 1828 5516 ad
1864 5468 2091 5532 tergum

435 5539 671 5646 reianus,
705 5528 842 5598 palo
871 5528 1048 5585 clavis
1077 5528 1283 5585 affixas
1332 5530 1516 5588 fuisse
1572 5549 1646 5588 ne
1691 5528 2086 5588 moverentur.

483 5609 602 5646 usa.

483 5609 602 5650 LER.

2418 5036 2458 5088 A
2485 5034 2690 5123 graecis
2722 5019 3148 5123 interpretibus
3183 5019 3568 5123 Hebraeorum
3598 5019 3800 5123 Πθᾜὶοξ

2199 5123 2305 5176 per
2318 5103 2604 5176 ὁλοκαῦτω
2614 5125 2686 5176 μα
2704 5103 2899 5161 solum
2910 5107 3010 5161 red
3021 5106 3201 5166 ditur.
3226 5109 3329 5163 sed
3354 5109 3651 5163 interdum
3668 5106 3798 5160 etiam

2199 5175 2307 5248 per
2333 5175 2730 5245 ὁλοκάρπωμα,
2765 5185 2830 5231 ut
2860 5179 2986 5232 Lev.
3023 5196 3058 5238 ι.
3096 5181 3182 5245 Ue,
3215 5197 3325 5243 xv1,
3358 5182 3445 5234 24.
3485 5182 3671 5235 Ussaa.

2277 5243 2766 5374 (76)Pa§efecerat
2788 5250 2946 5304 enim
2971 5250 3022 5305 ei
3047 5243 3200 5305 Deus
3224 5251 3419 5323 ignem
3438 5243 3797 5322 martyrii.Cir.

2277 5337 2363 5374 nr.
2397 5336 2446 5374 c.
2521 5356 2531 5368 .

2202 5336 2531 5374 SUDP.C.D-

2271 5337 2580 5463 F7rilcéiiod
2609 5390 2758 5462 ignis
2797 5390 3040 5463 fornicis
3072 5393 3343 5463 praebens
3375 5393 3633 5463 speciem
3662 5395 3799 5463 state.

2202 5461 2299 5588 rilt,
2333 5461 2393 5516 id
2413 5463 2619 5588 pansis
2640 5461 2908 5534 physicis
2941 5461 3116 5518 tribui
3149 5481 3322 5535 posse
3351 5461 3555 5520 censet
3581 5462 3800 5531 Dalrym-

2202 5551 2236 5588 ο
2268 5550 2378 5588 ius.
2444 5550 2534 5588 AC.

2201 5550 2378 5604 puus.
2413 5550 2534 5589 uc.
