4004 6218
161 429 312 490 to“
741 430 979 492 EPIST.
1029 423 1426 495 ECCLESUE
1469 427 1771 498 SMYRN.
1821 440 1925 499 DE
1969 431 2386 499 MARTYRIO
2430 439 2492 501 s.
2538 441 3005 507 POLYCARP].
3423 452 3579 510 1042

157 562 434 632 τοσαύτης
491 557 920 637 ἀντελαϐόμεθα,
977 565 1052 627 ὡς
1104 561 1415 622 λιϐανωτοῦ
1473 565 1804 639 πνίοντος,ἧ

1927 573 2162 629 fornace
2193 574 2472 630 candens.
2503 575 2746 631 Tantam
2777 582 2976 633 autem
3023 595 3134 634 nos
3192 583 3572 654 percepimus

155 648 336 706 ἄλλου
365 653 510 714 τινὸς
539 655 644 707 τῶν
673 652 872 727 τιμίων
907 654 1211 730 ἀρωμάτωι
1246 659 1386 731 (78).

1919 663 2266 719 suavitatem
2298 663 2514 733 odoris,
2551 680 2617 718 ac
2650 665 2696 718 si
2731 666 2865 721 thus
2904 673 3006 722 aut
3048 667 3210 724 aliud
3260 672 3561 742 quoddam

1919 753 2314 824 pretiosorum
2349 760 2681 809 aromatum
2713 753 2975 812 cluisset.

1258 871 1400 926 XVI.
1449 870 1788 942 Polycarpus
1813 873 2061 943 pugione
2091 879 2455 946 trans/igitur.

229 983 399 1057 Πὲρας
433 983 520 1036 οὗν
559 979 766 1046 ἰδόντες
807 985 857 1038 οἱ
918 983 1134 1058 ἄνομοι,
1191 987 1256 1041 οὗ
1297 983 1587 1060 δυνάμενον
1644 986 1807 1044 αὐτοῦ

146 1073 215 1127 τὸ
273 1077 433 1142 σῶμα
484 1072 586 1127 ὑπὸ
651 1077 750 1127 105
808 1073 978 1147 πυρὸς
1038 1071 1463 1146 διαπανηθῆναι,
1524 1076 1804 1133 ἐκέλευσαν

148 1160 522 1234 προσελθόντα
552 1162 697 1232 αὐτῷ
746 1164 1095 1242 κομφὲκτορα
1153 1167 1265 1238 (79)
1322 1161 1628 1241 παραϐὖσαι
1662 1167 1806 1243 ξιφί-

148 1249 292 1310 διον,
349 1252 454 1308 Καὶ
511 1257 677 1308 τοῦτο
721 1256 1077 1324 ποιησαντος,
1111 1253 1304 1328 ἐξῆλθε
1344 1257 1635 1331 περιστερᾶ
1691 1259 1810 1329 (80)

145 1343 242 1397 καὶ
276 1341 486 1411 πλῆθος
521 1343 776 1416 αἳματος,
845 1343 985 1400 ὥστε
1039 1341 1363 1400 κατασϐέσαι
1431 1347 1493 1401 τὸ
1552 1351 1680 1420 πῦρ,
1713 1347 1803 1401 καὶ

145 1433 423 1504 θαυμάσαι
455 1432 624 1487 πάντα
655 1434 748 1487 τὸν
801 1430 999 1508 ὄχλον,
1061 1435 1105 1490 εἷ
1166 1435 1400 1506 τοσαύτη
1459 1435 1539 1497 τίς
1573 1433 1806 1512 διαφορά

149 1520 350 1592 μεταξὺ
379 1524 489 1575 τῶν
534 1521 776 1576 ἀπίστων
836 1525 927 1578 καὶ
982 1527 1089 1579 τῶν
1149 1522 1416 1580 ἐκλεκτῶν
1473 1525 1546 1579 ὧν
1606 1524 1682 1586 εἷς
1714 1523 1804 1578 καὶ

142 1600 307 1664 οὗτος
337 1601 544 1676 γεγόνει
577 1605 685 1666 (81)
718 1605 745 1656 ὁ
777 1605 1226 1676 θαυμασιώτατος
1279 1606 1482 1679 μάρτυς
1517 1602 1804 1678 Πολυχαρ-

139 1712 274 1761 πος,
303 1690 354 1746 ἐν
386 1696 502 1755 τοῖς
531 1694 645 1746 καθ’
679 1693 828 1766 ἡμᾶς
861 1695 1085 1768 χρόνοις
1133 1691 1461 1768 διδάσκαλος
1505 1693 1804 1750 ἀποστολι-

136 1781 239 1842 κὸς
276 1781 366 1836 καὶ
399 1782 740 1860 προφητικός
800 1782 1112 1859 γενόμενος,
1173 1782 1466 1848 ἐπίσκοπός
1529 1805 1586 1838 τε
1614 1791 1716 1853 τῆς
1748 1781 1800 1838 ἐν

142 1870 372 1945 Σμῦρνῃ
428 1873 726 1942 καθολικῆς
778 1870 1152 1944 Ἑκκλησίας.
1212 1879 1320 1928 Πᾶν
1379 1874 1479 1947 γὰρ
1540 1873 1714 1950 ῥῆμα,
1772 1873 1800 1926 ’ὀ

138 1958 404 2037 ἐξαφῆκεν
436 1958 496 2016 ἐκ
524 1966 620 2017 τοῦ
654 1961 921 2035 στόματος
979 1961 1163 2034 αὐτοῦ,
1223 1963 1310 2019 καὶ
1373 1961 1663 2036 ἐτελειώθη
1705 1962 1794 2018 καὶ

136 2048 586 2122 τελειωθήσεται.

1987 994 2245 1050 Tandem
2297 997 2474 1068 igitur
2521 1005 2832 1054 cernentes
2865 999 3142 1070 improbi,
3192 1015 3406 1070 corpus
3438 1000 3569 1072 ejus

1917 1082 1990 1138 ab
2021 1083 2153 1155 igne
2186 1102 2306 1140 non
2326 1103 2498 1157 posse
2521 1089 2812 1156 consumi,
2833 1088 3144 1158 jusserunt
3165 1087 3566 1145 confectorem

1916 1174 2160 1244 propius
2207 1175 2487 1232 accedere
2548 1178 2923 1249 pugioneque
2983 1192 3119 1232 eum
3191 1178 3561 1249 transﬁgere.

1916 1261 2080 1325 Quod
2109 1280 2242 1318 cum
2275 1264 2373 1318 ille
2399 1265 2657 1330 fecisset,
2688 1265 2930 1320 evolavit
2954 1265 3230 1320 columba
3257 1271 3316 1320 et
3335 1266 3566 1322 efﬂuxit

1915 1356 2080 1406 tanta
2099 1354 2404 1424 sanguinis
2430 1355 2619 1426 copia,
2644 1361 2708 1408 ut
2739 1356 2936 1427 ignem
2955 1355 3563 1426 exstingueret,utque

1915 1442 2189 1496 universa
2205 1442 2368 1512 plebs
2393 1444 2726 1511 miraretur,
2745 1449 2974 1499 tantum
2994 1460 3122 1499 esse
3139 1443 3461 1499 discrimen
3480 1445 3566 1500 in-

1915 1535 2007 1584 ter
2036 1530 2306 1585 inﬁdeles
2332 1537 2390 1586 et
2419 1532 2637 1587 electos
2663 1549 2676 1598 ;
2701 1549 2953 1602 quorum
2983 1549 3137 1587 unus
3171 1532 3266 1588 hic
3296 1533 3408 1587 fuit
3435 1550 3563 1588 ma-

1914 1621 2073 1676 xime
2129 1620 2517 1678 admirandus
2547 1627 2773 1695 martyr
2804 1623 3162 1695 Polycarpus
3194 1624 3293 1696 qui
3343 1625 3563 1680 nostris

1917 1712 2285 1783 temporibus
2342 1711 2703 1783 apostolicus
2735 1718 2792 1766 et
2822 1713 3202 1784 prOpheticus
3234 1713 3440 1768 doctor
3469 1731 3563 1769 ex-

1914 1799 2266 1871 stitit,atque
2298 1800 2603 1856 catholica;
2634 1800 2909 1856 Ecclesize
2932 1801 3309 1874 Smyrnensis
3327 1802 3558 1872 episco-

1914 1907 2044 1961 pus.
2079 1891 2264 1946 Omne
2313 1891 2474 1946 enim
2506 1890 2770 1956 verbum,
2827 1891 2984 1962 quod
3042 1908 3142 1946 ore
3201 1907 3306 1948 suo
3335 1892 3556 1960 emisit,

1911 1985 2014 2035 aut
2042 1979 2351 2051 impletum
2386 1984 2478 2036 est
2505 1985 2606 2035 aut
2631 1979 2994 2052 implebitur.

1075 2165 1249 2222 XVII.
1291 2164 1591 2236 Polycarpi
1620 2179 1818 2234 corpus
1847 2159 2177 2220 Christianis
2206 2177 2315 2216 non
2365 2160 2629 2216 traditur.

217 2257 273 2309 Ὀ
304 2254 361 2311 δὲ
396 2258 686 2329 ἀντίζηλος
741 2258 830 2313 καὶ
901 2259 1165 2334 βάσκανος
1224 2261 1314 2315 καὶ
1351 2261 1615 2336 πονηρὸς,
1647 2261 1675 2314 ὁ
1703 2261 1790 2314 ἀν-

135 2344 449 2418 τικείμενος
475 2352 555 2420 τῷ
585 2349 728 2422 γένει
759 2354 866 2402 τῶν
896 2347 1121 2403 δικαίων
1152 2353 1290 2422 (82),
1354 2347 1483 2404 ἰδὼν
1516 2351 1578 2405 τὸ
1607 2371 1666 2404 τε
1699 2349 1793 2422 μὲ-

135 2445 303 2508 γεθος
358 2435 522 2490 αὐτοῦ
601 2444 700 2503 τῆς
779 2436 1097 2512 μαρτυρίας,
1160 2436 1248 2492 καί
1301 2440 1402 2508 τὴν
1464 2438 1557 2493 ἀπ’
1611 2438 1793 2513 ἀρχῆς

134 2523 513 2594 ἀνεπίληπτον
571 2525 854 2581 πολιτείαν
890 2570 903 2594 ,
966 2526 1402 2606 ἐστεφανωμένον
1459 2548 1519 2582 τε
1573 2532 1654 2599 τῷ
1693 2534 1792 2596 τῆς

135 2613 442 2686 ἀφθαρσίας
475 2616 742 2691 στεφάνῳ,
774 2617 865 2669 καὶ
928 2610 1183 2691 βραϐεῖον
1242 2615 1628 2691 ἀναντίρρητον
1663 2618 1790 2670 ἀπε·

358 2703 377 2733 ι
719 2702 742 2722 κ
974 2706 987 2726 ρ
1173 2703 1196 2722 Ν
1322 2707 1334 2723 \
1742 2704 1754 2723 ,

129 2723 495 2779 νηνεγμινον,
545 2705 916 2776 ἕπετηοευσεν,
959 2727 1032 2767 ως
1086 2707 1226 2778 μηοὲ
1282 2727 1345 2761 το
1412 2705 1664 2779 λείψανον
1697 2726 1791 2759 αυ-

131 2794 239 2845 τοῦ
267 2791 354 2868 ὑφ’
382 2793 540 2865 ἡμῶν
572 2791 847 2871 ληφθῆναι
911 2797 1039 2864 (83),
1099 2793 1294 2868 καίπερ
1346 2793 1574 2848 πολλῶν
1606 2793 1790 2857 ἐπιθυο

139 2879 394 2951 μούντων
453 2885 614 2937 τοῦτο
695 2886 944 2951 ποιῆσαι,
1013 2884 1102 2937 ιιαὶ
1154 2890 1484 2952 κοινωνῆσαι
1539 2887 1618 2956 τῷ
1649 2882 1790 2959 ἁγίῳ

137 2968 312 3024 αὖτοῦ
343 2972 571 3043 σαρκίῳ.
606 2967 873 3026 Ὑπὲϐαλε
904 2976 1033 3046 γοῦν
1067 2974 1313 3043 Νικήτην
1345 2973 1435 3028 τὸν
1483 2976 1580 3028 τοῦ
1609 2973 1790 3048 Ἱιρώ-

133 3056 364 3134 πατέρα,
398 3056 633 3138 ἀδελφὸν
693 3057 750 3114 δὲ
806 3061 1019 3132 Ἀλκης
1077 3066 1208 3134 (84),
1269 3060 1516 3140 ἐντυχεῖν
1584 3067 1663 3134 τῷ
1694 3061 1789 3136 ἅρ-

133 3147 480 3227 χοντι,ὥστε
527 3152 602 3222 μή
637 3148 821 3206 δοῦναι
883 3151 1049 3206 αὐτοῦ
1107 3153 1167 3207 τὸ
1224 3158 1383 3226 σῶμα
1411 3156 1576 3232 ταφῇ·
1619 3179 1638 3204 ι
1674 3155 1786 3223 Μὴ,

134 3239 304 3316 φησὶν
364 3239 583 3314 ἀφέντες
631 3241 723 3294 τὸν
781 3242 1212 3314 ἐσταυρωμένον,
1270 3247 1466 3298 τοῦτον
1526 3242 1789 3316 ἄρξωνται

1983 2259 2096 2314 Sed
2127 2275 2261 2314 cum
2294 2260 2542 2315 aimulus
2575 2259 2673 2314 ille
2705 2264 2763 2314 et
2794 2259 3026 2315 invidus
3049 2264 3107 2315 et
3127 2259 3344 2326 malus,
3369 2259 3557 2332 justo-

1909 2365 2161 2420 rumque
2193 2349 2394 2420 generi
2425 2349 2726 2416 adversus,
2761 2349 2991 2420 insigne
3023 2349 3182 2405 illius
3206 2350 3556 2420 martyrium

1910 2444 2522 2509 cerneret,moresque
2551 2439 2624 2493 ab
2646 2438 2886 2494 ineunte
2911 2443 3082 2494 astate
3105 2439 3550 2510 irreprebensos

1906 2533 2112 2582 eteum
2126 2544 2345 2583 corona
2367 2527 2832 2582 immortalitatis
2845 2528 3555 2598 coronatum,przemium-

1905 2633 2020 2687 que
2053 2618 2180 2671 sine
2211 2617 2610 2672 controversia
2633 2622 3032 2687 reportantem
3057 2635 3071 2683 ;
3097 2632 3336 2687 operam
3370 2615 3552 2684 dedit,

1905 2723 1979 2760 ne
2007 2706 2275 2776 reliquias
2305 2706 2482 2777 ejusa
2502 2705 3081 2774 nobisauferrentur,
3099 2705 3366 2776 quamvis
3379 2705 3554 2760 multi

1905 2795 1963 2849 id
1986 2796 2178 2850 facere
2203 2802 2260 2849 et
2285 2802 2488 2850 sancto
2512 2795 2670 2849 illius
2693 2812 2938 2866 corpore
2968 2795 3286 2866 participes
3311 2793 3438 2849 ﬁeri
3460 2810 3556 2849 cu-

1901 2891 2132 2956 perent.
2167 2885 2466 2957 Suggessit
2522 2901 2658 2956 ergo
2690 2884 2960 2939 diabolus
3012 2885 3250 2950 Nicetaa,
3303 2882 3551 2938 Herodis

1902 2974 2076 3044 patri,
2112 2973 2276 3028 fratri
2309 2979 2508 3028 autem
2538 2973 2728 3038 Alces,
2779 2973 2942 3028 adire
3002 2971 3446 3044 proconsulem,
3474 2987 3550 3026 ne

1902 3079 2116 3134 corpus
2147 3061 2306 3118 illius
2336 3063 2409 3118 ad
2443 3061 2849 3133 sepeliendum
2873 3062 3170 3117 traderet:
3201 3082 3222 3110 ι
3247 3061 3551 3132 Ne,inquit

1900 3151 2108 3206 relicto
2135 3151 2604 3217 cruciﬁxo,hunc
2622 3151 2814 3206 colere
2833 3151 3140 3222 incipiant.
3159 3174 3186 3200 ››
3206 3153 3395 3223 Atque
3419 3151 3548 3206 haec

1899 3239 2198 3306 dicebant,
2229 3239 2677 3311 suggerentibus
2708 3246 2765 3294 et
2794 3239 3156 3295 instantibus
3185 3239 3425 3309 Judmis,
3447 3233 3548 3310 qui

131 3323 406 3384 σέϐεσθαι.
442 3352 466 3374 ν
503 3329 597 3382 Καὶ
621 3334 784 3384 ταῦτα
815 3332 1026 3404 εἴπονρ,
1063 3326 1490 3386 ὅποϐαλλόντων
1522 3333 1610 3386 καὶ
1642 3331 1785 3387 ἐνισ-

1909 3345 2138 3401 quoque
2169 3330 2621 3385 observaverant
2650 3347 2780 3397 nos,
2816 3347 2885 3386 ex
2918 3331 3049 3402 igne
3083 3347 3218 3386 eum
3251 3334 3546 3386 extractu-

133 3419 389 3494 χυὸντων
445 3424 550 3474 τῶν
582 3418 880 3489 Ἰουδαίων,
914 3421 968 3474 οἳ
1005 3421 1097 3476 καὶ
1135 3420 1429 3493 ἐτήρησαν,
1467 3421 1782 3494 μελλόντων

129 3511 300 3581 ἡμῶν
334 3508 393 3563 ἐκ
421 3514 518 3563 τοῦ
571 3510 736 3582 πυρὸς
791 3504 1109 3583 λαμϐάνειν·
1171 3511 1512 3584 ἀγνοοῦντες,
1545 3511 1628 3566 ὅτι
1661 3512 1784 3568 οὔτε

126 3599 226 3652 τὸν
285 3597 517 3669 Χριστνςν
567 3619 697 3652 ποτε
749 3598 1070 3653 καταλιπεῖν
1127 3597 1492 3672 δυνησόμεθα,
1521 3601 1613 3655 τὸν
1652 3601 1784 3674 ὑπὲρ

127 3694 235 3756 τῆς
264 3692 365 3740 τοῦ
420 3688 620 3748 παντὸς
672 3688 883 3760 κόσμου
955 3693 1060 3744 τῶν
1128 3689 1447 3762 σωζομὲνων
1510 3688 1782 3764 σωτηρίας

129 3776 377 3832 παθόντα
438 3773 694 3850 [ἄμωμον
739 3777 872 3851 ὑπὲρ
914 3777 1258 3852 ἁμαρτωλῶν
1289 3779 1443 3850 (85)],
1481 3775 1604 3833 οὔτε
1660 3773 1782 3832 ἕτε-

134 3867 232 3941 ρόν
264 3887 383 3920 τινα
415 3859 680 3920 σέϐεσθαι.
738 3868 943 3922 Τοῦτον
1003 3867 1094 3938 μὲν
1155 3867 1276 3942 γὰρ,
1336 3868 1457 3921 Υἳὸν
1506 3865 1634 3921 ὅντα
1687 3870 1784 3922 τοῦ

129 3959 294 4022 Θεοῦ,
335 3957 763 4029 προσκυνοῦμεν·
815 3955 941 4016 τούς
988 3951 1044 4008 δὲ
1077 3955 1372 4030 μάρτυρας,
1405 3955 1477 4016 ὡς
1539 3955 1782 4028 μαθητὰς

127 4044 224 4101 καὶ
287 4046 532 4117 μιμητὰς
600 4049 696 4098 τοῦ
757 4044 981 4119 Κυρίου,
1041 4043 1334 4119 ἀγαπῶμεν
1388 4043 1572 4116 ἀξίως,
1631 4043 1785 4100 ἕνεκα

129 4133 348 4195 εὐνοίας
381 4128 798 4208 ἀνυπερϐλήτου
829 4140 927 4202 τῆς
988 4134 1062 4195 εἱς
1117 4133 1210 4188 τὸν
1266 4131 1406 4189 ἴδιον
1439 4131 1664 4207 βασιλέα
1692 4134 1779 4188 καὶ

126 4220 485 4278 διδάσκαλοψ
525 4223 596 4276 ὧν
637 4223 844 4297 γένοιτο
893 4222 983 4277 καὶ
1038 4225 1187 4295 ἡμᾶς
1243 4222 1643 4297 συγ-κοινωνοὺς
1671 4225 1780 4295 (86)

121 4335 186 4371 τε
215 4314 310 4369 καὶ
342 4313 706 4386 συμμαθητᾶς
740 4314 1005 4390 γενέσθαι.

201 4488 320 4558 (78)
357 4491 512 4541 Inter
530 4485 707 4559 ligna,
743 4502 773 4559 e
796 4484 1026 4559 balneis
1047 4488 1106 4538 et
1127 4485 1384 4540 ofﬁcinis
1415 4491 1784 4556 comportata

125 4557 384 4615 fortasSe
414 4557 706 4613 nonnulla
733 4557 916 4612 fuisse
934 4557 1178 4612 odorata
1209 4563 1267 4612 et
1295 4559 1617 4613 aromatica
1647 4576 1782 4614 sus-

126 4631 784 4704 picaturi'Jacobsonus.

227 4705 319 4768 79)
360 4702 758 4767 Confectores,
821 4699 920 4772 qui
978 4700 1198 4772 bestias
1230 4700 1290 4753 in
1343 4701 1779 4772 amphitheatro

131 4773 532 4828 conﬁciebant
557 4789 570 4838 ;
594 4773 641 4827 si
675 4771 912 4842 quando
935 4772 1093 4825 enim
1116 4771 1330 4826 bestias
1352 4771 1608 4828 eﬁ‘erataa
1641 4781 1783 4830 stra-

128 4861 280 4918 gem
302 4845 518 4916 populo
538 4845 931 4918 minarentur,
963 4842 1531 4918 ii_immittebantur,
1554 4845 1655 4916 qui
1686 4861 1784 4902 eas

130 4915 502 4971 conﬁcerent
532 4923 591 4970 et
616 4916 978 4970 occiderent.
1009 4915 1128 4969 Jac.

206 4990 318 5060 (80)
350 4989 428 5042 De
462 4989 571 5060 hac
601 4987 877 5042 columba
925 5002 998 5040 ne
1029 4985 1273 5060 verbum
1305 4987 1545 5057 quidem
1569 4987 1784 5060 legitur

125 5059 290 5129 apud
314 5059 653 5126 Eusebium,
690 5061 973 5130 Ruﬁnum
992 5063 1052 5130 et
1077 5057 1473 5129 Nicephorum
1508 5057 1662 5130 ;quo
1697 5060 1779 5129 ﬁt,

123 5128 196 5185 ut
227 5131 376 5185 falsa
397 5148 431 5186 a
449 5132 652 5186 multis
674 5131 847 5184 lectio
872 5128 1140 5202 codicum
1162 5128 1240 5183 sit
1264 5135 1484 5200 putata.
1516 5128 1782 5202 Moynius

121 5218 240 5276 pro
267 5202 556 5276 περιστερά
615 5202 878 5276 conjecit
900 5197 983 5252 ἐπ’
1014 5197 1287 5276 ἀριστερᾷ]
1322 5223 1348 5250 ‹‹
1384 5217 1425 5276 a_
1449 5197 1710 5276 sinistra.
1748 5224 1775 5252 η

115 5272 245 5343 ipsi
278 5272 657 5330 accesserunt
687 5273 1038 5344 complures
1083 5272 1188 5325 viri
1235 5273 1452 5328 docati.
1478 5273 1777 5329 Buchatus

118 5341 511 5400 scribendum
543 5345 776 5401 censuit
799 5341 918 5414 περὶ
954 5341 1164 5413 στέρνα,
1190 5344 1393 5414 Editor
1422 5345 1779 5401 Bibliotheca?

117 5417 440 5488 Bregmonsis
469 5418 540 5472 cl.
576 5434 658 5481 ιιι,
721 5434 776 5486 p.
823 5413 944 5476 429,
983 5415 1243 5488 Aconjicit
1272 5413 1394 5488 περξ
1427 5415 1649 5488 στέρνου
1688 5416 1777 5471 vel

115 5486 536 5562 {rapio-:épvtum
589 5490 923 5543 Heumanas
978 5486 1039 5562 in
1075 5492 1267 5541 Emam.
1313 5486 1527 5562 fabul-:7
1562 5489 1627 5542 de
1671 5505 1772 5562 7co-

120 5559 316 5614 tumba
345 5558 394 5615 et
425 5563 724 5631 Potgcarpi
743 5575 878 5628 rogo
909 5558 1190 5631 evolante,
1213 5558 1773 5631 statuitqmonachos

121 5631 248 5705 hoc
262 5629 680 5705 prodigio‘Acta
696 5636 899 5705 nostra
920 5629 1322 5684 auxisse.Mihi
1343 5629 1584 5705 quidem
1605 5630 1776 5705 longe

120 5701 513 5759 verisimilius
541 5702 792 5766 videtur,
822 5702 1104 5756 lectorem
1128 5701 1467 5771 quempiam
1498 5703 1558 5756 in
1584 5701 1772 5758 animo

121 5774 432 5848 habuisse,
457 5775 530 5831 ad
561 5791 725 5832 oram
757 5773 976 5830 codicis
1019 5776 1226 5829 notare
1255 5772 1453 5832 locum
1483 5774 1770 5848 epistola,

1899 3436 2036 3485 ros;
2071 3419 2281 3491 ignari,
2312 3419 2469 3490 quod
2509 3436 2620 3475 nec
2676 3419 2999 3488 Christum,
3059 3420 3160 3490 qui
3217 3437 3324 3490 pro
3356 3418 3544 3474 salute

1898 3509 2188 3576 omnium,
2223 3509 2322 3578 qui
2364 3509 2424 3561 in
2457 3514 2576 3562 toto
2600 3509 2826 3563 mundo
2857 3507 2997 3563 salvi
3027 3508 3190 3571 ﬁent,
3216 3525 3426 3578 passus
3456 3512 3546 3562 est

1894 3596 2254 3667 [inculpatus
2268 3613 2372 3666 pro
2388 3595 2836 3668 peccatoribus].
2855 3611 3116 3666 unquam
3131 3593 3542 3664 derelinquere

1892 3686 2240 3756 poterimus,
2273 3701 2466 3755 neque
2489 3685 2671 3740 alium
2703 3701 3066 3755 quemquam
3116 3683 3328 3740 colere.
3362 3683 3537 3738 Illum

1894 3775 2050 3829 enim
2085 3781 2286 3845 utpote
2317 3774 2528 3828 Filium
2562 3773 2662 3827 Dei
2695 3773 3010 3828 adoramus
3037 3791 3050 3839 ;
3085 3779 3374 3844 martyres
3405 3789 3537 3826 vero

1894 3868 2176 3933 tanquam
2209 3863 2443 3918 Domini
2473 3862 2799 3932 discipulos
2832 3867 2889 3916 et
2939 3861 3264 3917 imitatores
3322 3861 3535 3916 merito

1894 3953 2216 4024 diligimus,
2251 3958 2492 4024 propter
2517 3952 2753 4006 illorum
2787 3952 3063 4007 eximiam
3089 3967 3226 4024 erga
3247 3968 3443 4024 regem
3471 3967 3539 4006 ac

1893 4042 2242 4114 magistrum
2269 4057 2443 4096 suum
2474 4041 2975 4106 benevolentiam;
3024 4057 3277 4112 quorum
3308 4039 3538 4097 utinam

1895 4138 1952 4186 et
1982 4148 2090 4187 nos
2120 4133 2333 4187 ﬁamus
2365 4135 2668 4186 consortes
2697 4145 2766 4186 ac
2797 4129 3210 4202 condiscipuli.

1893 4487 1993 4544 ubi
2025 4488 2472 4565 animamsuam
2505 4486 2727 4565 efflavit
2755 4489 2815 4542 Β.
2844 4487 3202 4561 Polycarpus
3227 4491 3537 4565 ;ideoque,

1894 4561 2043 4614 mori
2062 4559 2350 4636 Ecclesiae
2372 4559 2587 4636 veteris
2625 4559 2996 4636 obsecutum,
3019 4559 3221 4636 vocem
3247 4559 3538 4636 περιστερᾶ

1891 4631 2140 4703 margini
2171 4631 2539 4703 ascripsisse,
2568 4647 2686 4700 qua
2726 4631 2957 4703 scilicet
2992 4631 3370 4703 signiﬁcaret,
3404 4631 3538 4692 ani-

1815 4688 1858 4752 D
1889 4688 2053 4778 mani
2071 4703 2128 4756 Β.
2161 4688 2884 4778 martirisjllojtemporis
2915 4688 3217 4778 momento
3236 4720 3266 4759 e
3289 4688 3534 4778 corpore

1893 4773 2224 4833 liberatam.
2249 4776 2356 4827 sub
2376 4773 2661 4828 columbas
2684 4773 2878 4844 specie
2909 4772 2981 4827 ad
3005 4774 3218 4829 ccelum
3250 4772 3533 4836 evolasse.

1893 4845 2308 4900 Columbarum
2345 4845 2501 4898 enim
2536 4845 2823 4916 imagines
2855 4845 3032 4898 etiam
3063 4845 3534 4907 Christianorum

1893 4916 2178 4996 sepulcris
2209 4917 2554 4996 frequenter
2582 4915 2905 4996 exSculptg
2937 4919 3244 4996 sunt:_JAc.

1963 4990 2073 5057 (8t)
2103 4989 2189 5042 Ita
2225 4987 2585 5042 Jacobsonus
2606 5002 2650 5063 ο
2679 4987 3000 5063 codicibus.
3059 4988 3532 5063 Plusquamperf.

1891 5060 2019 5115 sine
2051 5063 2368 5133 augmento
2396 5064 2462 5113 ut
2499 5076 2550 5114 c.
2595 5061 2680 5133 te.
2717 5057 2880 5130 Vulg.
2915 5058 3153 5133 γέγονεν.

1963 5131 2069 5202 (82)
2105 5131 2220 5185 Cfr.
2258 5147 2274 5183 1
2313 5130 2599 5202 Clem..ic.
2634 5131 2722 5182 51.

1959 5198 2069 5278 (88)
2103 5203 2331 5278 Ita_JAc.
2376 5219 2405 5256 e
2437 5201 2568 5257 cod.
2601 5201 2786 5255 Paris.
2825 5200 2984 5278 Vulg.
3019 5198 3280 5278 ληφθείη.

1957 5274 2067 5343 (84)
2101 5273 2288 5328 «Alce
2329 5280 2621 5349 »__no_tum
2656 5279 2769 5349 est_
2802 5272 3067 5349 mulieris
3109 5272 3281 5349 'inter
3328 5277 3527 5349 Smyr-

1886 5360 2047 5468 nae-Sos
2071 5361 2308 5399 nomen.
2343 5345 2456 5398 Cfr.
2486 5347 2665 5416 lgnat.
2695 5343 2769 5398 ad
2799 5345 3019 5416 Smyrn.
3047 5362 3095 5399 c.
3133 5348 3218 5412 13,
3238 5349 3312 5403 ad
3342 5343 3525 5420 Poiyc.

1886 5431 1936 5468 c.
2016 5457 2021 5462 .

1886 5431 1936 5469 Ο.
1970 5431 2021 5468 δ.

1957 5487 2069 5557 (85)
2101 5486 2477 5562 Parenthesis
2509 5486 2622 5541 ista
2653 5502 2846 5562 neque
2881 5486 2940 5540 in
2971 5488 3220 5562 Eusebio
3251 5489 3522 5562 habetur,

1886 5573 2077 5634 neque
2101 5557 2160 5610 in
2183 5557 2412 5634 Ijutino,
2437 5573 2630 5634 neque
2650 5557 2708 5634 in
2733 5562 2925 5634 vetere
2956 5557 3521 5634 nostr‘o‘interprete.

1883 5630 2077 5710 Ussna.
2107 5628 2560 5710 —.Interp.olata_
2585 5628 3026 5710 fuissevidetur
3055 5646 3089 5684 a
3118 5628 3358 5710 librario
3385 5655 3528 5708 quo-

1880 5701 2062 5772 piam,
2096 5699 2195 5772 qui
2230 5700 2288 5754 in
2314 5699 2514 5755 animo
2541 5699 2802 5772 habebat
2829 5701 2853 5754 Ι
2885 5701 3039 5772 Petr.
3073 5718 3157 5770 ιιι,
3195 5706 3280 5762 18.
3310 5699 3430 5767 ιῐλὸ.

1954 5772 2066 5843 (86)
2101 5770 2183 5827 tta
2210 5772 2327 5829 Jac.
2363 5787 2414 5827 e.
2449 5771 2575 5830 cod.
2613 5771 2798 5828 Paris.
2835 5770 3000 5844 Vulg.
3028 5775 3344 5840 κοινωνούς.
