4026 6214
298 412 456 474 1049

1803 408 2228 473 ΕΡῘΒΤΟΒΕ.

3552 406 3710 471 1050

298 543 460 617 ipsos
490 542 815 616 decipiunt.
848 545 982 599 Hinc
1012 543 1241 599 cunctis
1273 542 1318 577 1⁷
1350 542 1655 599 recitanda
1685 560 1790 616 per
1827 562 1949 600 om-
1980 540 2037 615 Α
2062 562 2169 617 per
2198 542 2451 600 salutem
2473 546 2532 598 et
2553 542 2834 614 speciem,
2862 565 2889 593 »
2914 542 3129 614 inquit,
3154 565 3183 594 ‹‹
3205 542 3384 600 dilexi
3434 543 3618 611 illam,
3646 549 3706 598 et

303 650 410 689 nes
436 633 730 689 Ecclesias
778 632 1101 703 Africanas,
1154 632 1374 705 scripta
1425 632 1680 704 dirigite,
1734 637 1791 688 et
1819 633 1947 688 istis

302 724 634 778 connectite
694 739 840 794 quas
895 722 1274 795 adjunximus
1346 722 1572 777 litteras
1640 723 1931 794 prmfecto-

302 829 437 868 rum
466 811 531 881 ⁸⁸,
566 819 631 867 ut
663 812 735 868 de
770 812 861 867 his
895 810 941 849 ¹⁹
971 829 1101 884 qua:
1134 812 1696 884 iniquelaudantur,
1730 812 1778 867 si
1806 810 1949 883 quid

304 901 437 970 tale,
468 901 707 973 probari
765 902 1005 972 poterit,
1058 901 1350 973 judicium
1412 901 1531 971 fiat,
1592 905 1650 956 et
1696 901 1950 958 inhibita

304 995 708 1057 coerceantur,
743 995 800 1044 et
828 990 1131 1062 prmterita
1148 989 1305 1045 mala
1337 989 1621 1045 etillicita
1650 989 1945 1062 conjugia,

188 1130 193 1133 .
300 1080 346 1135 si
382 1079 707 1136 doceantur
735 1079 1017 1149 admissa,
1050 1080 1227 1153 digna
1270 1082 1579 1136 severitate
1628 1080 1949 1153 corripian-

297 1174 411 1247 tur.
442 1171 521 1225 De
581 1176 811 1225 caaterO'
851 1187 986 1225 vero
1045 1176 1363 1226 caveantur
1418 1170 1559 1226 talia
1588 1186 1695 1242 per
1741 1187 1947 1226 omnes

294 1258 607 1326 Ecclesias,
643 1276 717 1315 ne
750 1258 1025 1315 Ecclesiae
1075 1261 1378 1329 sanctitas,
1414 1277 1519 1332 per
1568 1264 1833 1315 nostram
1866 1260 1947 1316 fa-

292 1350 475 1423 tigata
502 1349 947 1423 negligentiam,
981 1350 1190 1423 perdat
1220 1350 1529 1424 privilegia
1554 1367 1686 1422 quis
1715 1357 1802 1407 est
1841 1367 1948 1423 per

291 1439 448 1495 viros
475 1439 840 1495 venerabiles
871 1447 1206 1497 consecuta.

364 1577 444 1630 De
476 1575 568 1629 his
597 1591 756 1633 vero.
777 1575 995 1646 quibus
1017 1575 1089 1630 ab
1114 1575 1566 1632 insidiatoribus
1590 1576 1942 1648 fatigamini,

294 1666 454 1720 unde
486 1671 545 1719 et
576 1682 684 1719 nos
740 1665 1075 1735 consulere,
1117 1669 1177 1718 et
1219 1682 1254 1720 a
1284 1665 1455 1720 nobis
1505 1666 1739 1722 edoceri
1788 1666 1946 1721 inter

296 1759 513 1810 caitera
542 1753 831 1821 voluistis,
877 1770 946 1809 eo
994 1753 1153 1824 quod
1207 1755 1326 1808 sint
1373 1755 1617 1826 quidam
1652 1756 1753 1826 qui
1783 1755 1944 1811 arbi-

293 1849 531 1899 trantur
559 1844 631 1898 de
664 1845 835 1898 Patre
866 1843 993 1897 solo
1026 1843 1247 1899 dictum
1291 1861 1420 1899 esse
1452 1847 1552 1913 i3),
1585 1866 1614 1895 «
1647 1846 1789 1916 quia
1817 1846 1940 1917 ipse

294 1933 457 1988 solus
483 1932 657 1988 habet
684 1932 1213 1997 immortalitatem,
1238 1939 1297 1988 et
1317 1934 1508 1989 lucem
1532 1934 1757 1990 habitat
1777 1935 1941 1991 inac—
1975 1925 2019 1991 Β

293 2022 633 2077 cessibilem
667 2022 813 2089 ³ος.
868 2022 947 2077 ita
982 2038 1083 2078 eos
1131 2023 1470 2094 apostolicis
1521 2025 1807 2095 percutite
1856 2024 1944 2079 fe-

290 2110 459 2177 rulis,
493 2114 552 2164 et
584 2109 800 2165 divinis
824 2110 1161 2182 redarguite
1184 2111 1496 2183 praeceptis
1525 2112 1591 2166 ¹¹.
1622 2113 1751 2167 Non
1782 2112 1944 2167 enim

295 2200 460 2254 solus
490 2201 665 2254 Pater
693 2199 823 2254 sine
856 2199 1001 2253 Filio
1032 2199 1227 2254 lucem
1257 2199 1732 2256 inaccessibilem
1777 2199 1947 2255 habi-

292 2294 416 2354 tat;
449 2290 588 2360 quia
614 2289 717 2344 ubi
750 2291 925 2345 Pater
956 2295 1067 2355 est,
1096 2289 1176 2344 ibi
1211 2290 1389 2345 etiam
1435 2290 1645 2346 Filium
1693 2306 1821 2346 esse
1851 2291 1948 2346 in-

292 2378 601 2434 dubitabili
635 2379 749 2434 fide
780 2378 1147 2434 credendum
1180 2384 1289 2434 est.
1324 2380 1467 2434 Nam
1499 2380 1546 2434 si
1580 2379 1742 2435 solus
1774 2382 1948 2435 Pater

292 2469 421 2523 sine
452 2468 620 2536 Filio,
654 2467 812 2538 quod
862 2464 1081 2523 dicere
1111 2468 1278 2523 nefas
1327 2475 1437 2534 est,
1481 2468 1671 2524 lucem
1722 2468 1949 2524 habitat

290 2556 788 2619 inaccessibilem,
814 2572 1060 2612 necesse
1086 2563 1196 2620 est,
1220 2562 1287 2611 ut
1318 2563 1751 2628 sequestratam
1774 2560 1948 2614 Pater

289 2666 324 2705 a
356 2648 501 2703 Filio
534 2646 752 2702 habeat
777 2646 1184 2713 mansionem,

364 2762 528 2831 Quod
550 2765 598 2818 si
623 2764 704 2818 ita
726 2768 835 2833 est,
861 2778 1121 2834 quonam
1141 2762 1317 2819 modo
1338 2763 1496 2819 idem
1516 2764 1693 2820 Filius
1714 2765 1789 2821 ad
1809 2765 1945 2821 dex-

287 2859 479 2910 teram
504 2853 692 2908 Patris
715 2859 917 2908 astans
936 2869 969 2907 a
999 2852 1171 2907 beato
1203 2859 1461 2925 martyre
1482 2853 1778 2925 Stephano
1798 2854 1941 2910 dicio

288 2938 390 2999 tur
419 2944 702 3016 conspici,
736 2943 784 2998 si
816 2944 993 2997 Pater
1024 2942 1352 2999 secundum
1386 2960 1485 2999 eos
1517 2944 1678 2999 solus
1728 2945 1944 3000 dicitur

288 3033 530 3089 sedibus
556 3032 705 3087 lucis
727 3032 1038 3088 contineri.
1074 3031 1241 3086 Absit
1270 3033 1380 3087 hoc
1411 3048 1444 3087 a
1475 3049 1655 3088 sensu
1678 3032 1941 3088 fidelium

284 3123 517 3178 Christo
550 3122 609 3176 in
660 3122 889 3177 unitate
943 3122 1079 3176 fidei
1125 3121 1599 3189 adhmrentium;
1634 3122 1940 3194 quoniam,

283 3214 441 3268 sicut
469 3229 589 3267 non
622 3211 790 3266 obest
820 3211 987 3272 Filio,
1021 3228 1154 3266 cum
1188 3211 1348 3266 solus
1381 3211 1600 3267 dicitur
1648 3214 1821 3268 Pater
1849 3213 1940 3267 lu-

280 3318 412 3357 cem
447 3300 921 3355 inaccessibilem
953 3299 1241 3359 habitare.
1276 3300 1358 3355 ita
1386 3317 1507 3356 non
1538 3302 1708 3357 obest
1753 3304 1933 3369 Patri,
1968 3284 2010 3349 (ἶ

283 3408 419 3446 cum
454 3390 774 3461 Sapientia,
807 3406 937 3460 qua;
968 3394 1055 3443 est
1084 3389 1283 3445 Filius.
1321 3388 1540 3445 dicitur
1568 3407 1773 3462 gyrum
1801 3390 1932 3447 caeli

282 3480 411 3535 sola
440 3479 708 3535 circuire.
733 3480 905 3533 Pater
924 3479 1145 3549 itaque,
1170 3495 1301 3533 cum
1328 3479 1404 3534 sit
1433 3480 1746 3535 invisibilis
1768 3485 1826 3535 et
1847 3480 1932 3534 in-

280 3570 517 3642 genitus
549 3569 611 3623 in
646 3584 730 3637 se,
766 3568 826 3622 in
857 3568 1025 3630 Filio,
1060 3584 1093 3621 a
1122 3584 1183 3623 se
1211 3568 1690 3623 inenarrabiliter
1709 3570 1929 3639 genito,

281 3658 577 3714 mansisse
608 3674 675 3712 ac
700 3656 1061 3726 requievisse
1108 3663 1494 3721 monstratur,
1536 3657 1662 3728 ipso
1695 3658 1838 3712 Filio
1869 3658 1931 3713 in

280 3746 913 3820 prophetaloquente:
950 3767 977 3795 ‹‹
1012 3745 1117 3809 Qui
1152 3761 1246 3799 me
1278 3746 1501 3817 genuit,
1551 3747 1841 3818 requievit
1869 3746 1931 3801 in

277 3834 664 3891 tabernaculo
690 3852 820 3891 meo
845 3834 911 3890 η.
957 3856 984 3883 ››
1010 3836 1079 3888 Et
1118 3835 1178 3889 in
1218 3834 1567 3908 Evangelio:
1607 3857 1634 3885 «ι
1668 3837 1841 3891 Pater
1869 3838 1930 3891 in

276 3943 375 3981 me
407 3942 676 3993 manens,
703 3925 845 3980 facit
868 3940 1047 3996 opera
1068 3923 1192 3979 haec
1213 3924 1279 3978 ".
1303 3946 1330 3974 »
1354 3926 1422 3979 Et
1447 3942 1459 3979 :
1486 3947 1513 3974 «
1538 3925 1722 3980 Deum
1756 3943 1931 3981 nemo

276 4016 426 4071 vidit
468 4031 754 4086 unquam,
808 4013 923 4069 nisi
971 4013 1315 4087 unigenitus
1366 4015 1569 4084 Filius,
1603 4016 1703 4086 qui
1749 4021 1839 4071 est
1870 4016 1933 4071 in

278 4106 417 4161 sinu
439 4105 626 4159 Patris
656 4102 725 4159 ¹⁴.
754 4125 781 4151 ››
815 4102 870 4157 Si
919 4103 1077 4158 enim
1109 4102 1168 4156 in
1202 4102 1338 4157 sinu
1368 4102 1555 4158 Patris
1588 4108 1714 4159 erat
1748 4104 1933 4159 Filius

279 4197 357 4253 ab
379 4196 571 4254 initio.
597 4201 654 4249 et
683 4210 751 4249 ex
776 4192 953 4248 corde
978 4193 1169 4247 Patris
1186 4193 1428 4247 verbum
1451 4192 1672 4249 bonum
1704 4200 1934 4251 eructa-

283 4296 413 4343 tum
436 4292 541 4356 est,
567 4284 863 4356 quomodo
889 4301 1008 4339 non
1031 4284 1091 4337 in
1114 4283 1290 4337 corde
1310 4288 1554 4354 paterno
1578 4285 1931 4343 consistens.

276 4379 475 4434 lucem
496 4392 629 4430 cum
643 4374 851 4429 eodem
876 4373 1352 4428 inaccessibilem
1367 4373 1664 4430 habitasse
1688 4375 1933 4431 creden—

280 4467 395 4522 dus
426 4464 566 4520 est?
594 4463 872 4535 Nunquid
893 4464 1067 4518 Pater
1108 4463 1331 4534 absque
1377 4462 1499 4519 ulla
1529 4464 1660 4520 luce
1699 4464 1759 4519 in
1789 4465 1936 4521 Filio

276 4555 476 4629 potuit
496 4569 894 4617 commanere,
917 4557 1019 4606 aut
1044 4551 1105 4606 in
1130 4552 1512 4607 tabernaculo
1537 4552 1667 4609 Filii
1690 4554 1816 4610 sine
1838 4572 1935 4611 ea-

2061 651 2167 706 pro
2200 633 2329 688 luce
2362 632 2641 704 proposui
2674 632 2892 688 habere
2934 649 3084 700 eam,
3109 633 3393 703 quoniam
3417 632 3703 688 inexstin-

2059 721 2277 795 guibile
2311 728 2400 776 est
2427 722 2630 776 lumen
2664 722 2794 793 ejus
2826 720 2891 775 ³⁸.
2928 744 2955 771 ››
2990 722 3148 776 Hanc
3180 738 3315 793 ergo
3356 720 3535 776 David
3567 738 3706 792 pro-

2058 813 2236 884 pheta
2256 810 2447 866 lucem
2469 811 2837 878 desiderans,
2858 811 3069 867 anxius
3090 811 3437 883 proclamat,
3462 810 3665 865 dicens
3687 827 3699 865 :

2059 921 2089 951 α
2120 901 2333 955 Emitte
2363 901 2554 955 lucem
2588 905 2748 955 tuam
2781 906 2840 954 et
2868 900 3173 955 veritatem
3212 906 3375 955 tuam
3406 898 3474 955 ’7.
3525 921 3554 950 »
3587 900 3703 954 Ite-

2057 1004 2229 1043 rum:
2263 1009 2291 1039 «
2325 990 2389 1043 ln
2432 988 2659 1043 lumine
2712 994 2811 1043 tuo
2864 988 3193 1043 videbimus
3240 988 3443 1043 lumen
3474 986 3539 1043 ²³.
3576 1010 3604 1037 ››
3635 990 3699 1042 In

2057 1080 2235 1154 hujus
2280 1080 2459 1153 igitur
2505 1079 2750 1136 luminis
2803 1080 3070 1136 claritate
3119 1080 3297 1136 Filius
3346 1078 3605 1150 seipsum
3638 1078 3700 1133 in

2056 1176 2258 1225 monte
2275 1169 2464 1225 tribus
2485 1169 2789 1242 discipulis
2805 1169 3207 1240 prmostendit;
3223 1169 3343 1241 qui.
3363 1173 3525 1223 metu
3542 1186 3702 1224 mor-

2057 1260 2131 1316 tis
2145 1260 2463 1332 perterriti,
2489 1260 2887 1332 prostratique
2910 1260 2969 1313 in
2998 1258 3350 1327 faciem,sibi
3369 1259 3498 1313 vitae
3521 1257 3699 1313 finem

2056 1349 2264 1405 adesse
2308 1354 2623 1405 senserunt
2651 1349 2717 1405 '9.
2774 1349 2935 1403 Hanc
2985 1348 3276 1421 (inquam)
3306 1347 3499 1402 lucem
3548 1347 3609 1401 in
3637 1364 3697 1402 se

2054 1438 2236 1493 fuisse
2268 1439 2683 1494 demonstrans
2728 1438 2905 1493 Filius
2948 1436 3374 1509 proclamabat,
3425 1442 3501 1504 et,
3543 1442 3609 1491 ut
3640 1436 3700 1490 in

2054 1528 2258 1584 eadem
2285 1528 2651 1594 incederent,
2676 1526 2998 1599 discipulos
3021 1525 3458 1599 prmmonebat:
3498 1545 3521 1574 α
3553 1525 3695 1580 Cum

2052 1616 2243 1673 lucem
2274 1617 2525 1679 habetis,
2562 1640 2588 1667 »
2640 1617 2854 1688 inquit,
2887 1640 2913 1666 «ι
2966 1616 3263 1672 ambulate
3314 1615 3372 1670 in
3404 1615 3535 1670 luce
3565 1613 3631 1669 ³ο.
3673 1637 3693 1663 ι

2053 1708 2122 1761 Et
2143 1707 2389 1761 iterum:
2427 1728 2454 1756 ‹‹
2476 1707 2592 1779 Ego
2611 1722 2740 1761 sum
2768 1706 2866 1760 lux
2897 1705 3075 1775 hujus
3092 1704 3300 1760 mundi
3324 1721 3337 1758 :
3365 1703 3466 1775 qui
3497 1704 3698 1774 sequi—

2051 1799 2150 1849 tur
2178 1812 2271 1850 me
2295 1812 2414 1849 non
2436 1795 2702 1850 ambulat
2723 1795 2783 1849 in
2807 1795 3089 1862 tenebris,
3110 1794 3213 1849 sed
3237 1792 3695 1848 habebitlumen

2052 1884 2183 1939 vitae
2224 1892 2461 1939 internae
2495 1883 2563 1941 εί.
2597 1906 2628 1935 ››
2659 1887 2729 1939 Et
2758 1884 3155 1955 evangelista:
3194 1905 3213 1934 ι
3248 1885 3387 1937 Erat
3412 1882 3513 1936 lux
3540 1898 3697 1948 vera,

2052 1972 2155 2040 ait,
2190 1989 2321 2043 qua)
2352 1971 2648 2027 illuminat
2668 1988 2905 2027 omnem
2932 1971 3233 2026 hominem
3268 1969 3601 2024 venientem
3636 1969 3695 2023 in

2050 2060 2209 2115 hunc
2224 2060 2510 2115 mundum
2527 2060 2593 2095 ἐ·
2622 2082 2649 2110 ››
2664 2061 2719 2115 Si
2737 2061 2862 2114 hzec
2884 2060 3005 2123 lux,
3031 2077 3161 2130 qum
3174 2057 3555 2114 credentibus
3571 2074 3697 2129 pro-

2050 2149 2328 2211 mittitur.
2379 2150 2439 2205 in
2483 2149 2630 2205 Filio
2685 2166 2812 2204 esse
2862 2149 3164 2221 probatur.
3216 2154 3434 2204 etcum
3470 2154 3691 2203 aeterno

2050 2245 2273 2295 aeterna
2303 2255 2431 2295 esse
2463 2238 3003 2311 dicitur,quomodo
3034 2238 3249 2294 avobis
3281 2237 3352 2293 ab
3375 2237 3693 2293 inaccessi-

2049 2329 2153 2384 bili
2186 2329 2315 2384 luce
2352 2329 2536 2384 Patris
2566 2329 2747 2384 Filius
2795 2327 3149 2400 separatur?
3190 2328 3246 2382 Si
3297 2327 3457 2382 enim
3488 2327 3691 2392 Filius,

2050 2441 2079 2469 «
2114 2420 2264 2474 Deus
2295 2436 2466 2474 verus
2485 2425 2544 2474 et
2578 2419 2697 2474 vita
2716 2425 2940 2473 aeterna
2977 2422 3068 2473 est
3089 2417 3155 2486 ³³,
3192 2440 3222 2467 ››
3254 2418 3383 2472 sine
3421 2416 3600 2472 dubio
3631 2417 3693 2470 in

2050 2508 2160 2563 hac
2191 2508 2322 2564 luce
2353 2508 2528 2565 simul
2561 2526 2695 2564 cum
2731 2510 2897 2564 Patre
2921 2508 3186 2563 habitare
3215 2506 3549 2562 credendus
3580 2499 3691 2567 est,

2049 2613 2225 2667 quam
2250 2597 2449 2653 nullus
2471 2598 2647 2653 modo
2668 2604 2959 2661 nostrum,
2984 2597 3044 2651 in
3069 2597 3179 2651 hoc
3193 2595 3426 2651 mortali
3446 2611 3691 2666 corpore

2045 2686 2428 2752 constitutus,
2461 2691 2657 2758 potest
2676 2685 3054 2759 aliquatenus
3075 2685 3346 2741 contueri
3376 2701 3391 2748 ς
3424 2684 3524 2738 sed
3552 2682 3692 2737 dum

2045 2776 2409 2847 apparuerit,
2441 2782 2583 2831 tunc
2615 2793 2748 2832 vere
2781 2776 2945 2831 illum
2976 2776 3195 2830 videbit
3242 2774 3412 2830 sicuti
3445 2780 3554 2842 est,
3589 2774 3689 2844 qui

2046 2864 2175 2934 ejus
2205 2866 2613 2937 csnspectibus
2663 2866 2842 2921 fuerit
2891 2865 3103 2937 dignus
3146 2863 3429 2936 coaptari.
3472 2866 3542 2917 Et
3572 2880 3690 2918 non

2044 2953 2196 3008 sicut
2222 2955 2451 3025 Moyses
2483 2956 2799 3025 cmterique
2830 2955 3132 3026 prophetas
3164 2969 3268 3024 per
3298 2953 3612 3025 amigmata
3634 2958 3693 3006 et

2047 3042 2320 3115 ﬁguram,
2352 3043 2457 3099 sed
2487 3044 2674 3116 ipsam
2715 3044 3000 3099 veraciter
3048 3043 3108 3097 in
3141 3042 3309 3111 Filio,
3363 3042 3690 3096 secundum

2045 3132 2413 3203 Apostolum,
2439 3133 2821 3188 contuebitur
2840 3132 3078 3187 deitatis
3109 3132 3449 3204 imaginem.
3474 3132 3616 3185 Nam
3643 3131 3691 3184 si

2046 3219 2205 3275 hunc
2225 3221 2620 3293 eumdemque
2644 3222 2947 3293 prophetae
2972 3220 3080 3274 sub
3104 3219 3469 3281 testimonio,
3494 3218 3693 3274 subse-

2040 3315 2259 3381 quente
2292 3325 2502 3365 sereno
2533 3311 2755 3364 mentis
2778 3309 3015 3377 intuitu,
3044 3309 3393 3380 investigare
3414 3307 3690 3378 volueris,

2041 3399 2306 3454 invenies
2336 3398 2548 3454 Filium
2573 3416 2690 3453 non
2725 3415 2897 3470 posse
2928 3398 3000 3453 ab
3027 3398 3133 3452 hac
3157 3397 3287 3452 luce
3312 3397 3497 3451 Patris
3519 3398 3689 3468 peni-

2040 3493 2134 3543 tus
2157 3487 2415 3558 separari
2442 3504 2455 3553 ;
2477 3488 2759 3557 quoniam
2785 3504 2920 3542 cum
2944 3487 3134 3542 solum
3155 3486 3366 3540 Filium
3394 3486 3686 3540 dixeritin

2042 3582 2200 3631 terra
2222 3592 2356 3631 cum
2382 3574 2721 3629 hominibus
2743 3582 3179 3643 conversatum,
3209 3576 3438 3628 Patrem
3466 3573 3538 3627 ab
3562 3573 3683 3638 illo,

2041 3682 2161 3720 non
2195 3670 2284 3719 est
2313 3663 2673 3720 credendum
2705 3664 2832 3719 tieri
2864 3662 3144 3719 alienum.
3194 3685 3222 3712 «
3246 3662 3294 3696 ³⁴
3325 3662 3379 3716 Si
3422 3662 3691 3717 testimo-

2042 3756 2208 3810 nium
2242 3755 2402 3810 enim
2435 3755 2742 3809 hominum
2776 3754 3123 3825 accipimus,
3157 3753 3565 3808 testimonium
3589 3752 3694 3806 Dei

2042 3845 2237 3917 majus
2270 3851 2379 3901 est.
2412 3845 2699 3910 Quoniam
2724 3844 2835 3899 hoc
2866 3843 3379 3898 esttestimonium
3414 3843 3513 3897 Dei
3535 3839 3689 3913 quod

2041 3936 2235 4007 majus
2266 3940 2375 4000 est,
2410 3933 2550 4005 quia
2595 3932 2942 3988 testificatus
2994 3939 3083 3988 est
3125 3932 3197 3987 de
3246 3931 3393 3987 Filio
3425 3948 3551 3987 suo.
3585 3929 3693 3995 Qui

2043 4023 2323 4080 creditin
2356 4022 2566 4078 Filium
2617 4022 2743 4084 Dei.
2791 4022 2989 4089 habet,
3039 4021 3448 4077 testimonium
3497 4021 3597 4076 Dei
3630 4019 3692 4073 in

2045 4130 2128 4169 se.
2162 4113 2268 4178 Qui
2293 4130 2411 4168 non
2444 4111 2631 4168 credit
2650 4111 2711 4166 in
2736 4111 2968 4176 Filium,
2994 4111 3343 4168 mendacem
3371 4112 3512 4166 facit
3533 4125 3693 4177 eum,

2045 4202 2184 4274 quia
2214 4218 2333 4256 non
2366 4200 2554 4256 credit
2585 4201 2644 4256 in
2678 4198 3111 4268 testimonium,
3145 4200 3304 4273 quod
3345 4200 3693 4257 testificatus

2044 4295 2136 4347 est
2164 4290 2317 4346 Deus
2372 4290 2444 4346 de
2488 4289 2632 4345 Filio
2674 4306 2799 4345 suo.
2851 4291 2920 4344 Et
2964 4290 3077 4346 hoc
3125 4298 3216 4347 est
3258 4290 3690 4353 testimonium,

2046 4381 2329 4453 quoniam
2359 4380 2539 4436 vitam
2570 4385 2855 4435 teternam
2887 4380 3050 4435 dedit
3079 4381 3249 4437 nobis
3274 4383 3445 4451 Deus,
3480 4386 3539 4436 et
3568 4380 3692 4435 haec

2044 4470 2164 4526 vita
2196 4474 2284 4525 est
2313 4471 2373 4524 in
2403 4469 2548 4525 Filio
2581 4472 2730 4542 ejus.
2765 4469 2873 4535 Qui
2915 4469 3095 4525 habet
3123 4470 3357 4537 Filium,
3404 4469 3581 4525 habet
3609 4469 3690 4522 vi-

2048 4565 2168 4616 tam
2195 4576 2209 4627 ;
2242 4560 2344 4632 qui
2376 4576 2494 4616 non
2516 4560 2693 4614 habet
2721 4559 2938 4614 Filium
2963 4559 3087 4626 Dei,
3123 4576 3245 4613 non
3282 4558 3459 4613 habet
3489 4560 3686 4612 vitam.

277 4645 418 4701 dem
450 4645 641 4718 potuit
673 4642 1066 4713 requiescere,
1101 4658 1239 4696 eum
1271 4642 1428 4697 idem
1449 4642 1631 4698 Filius
1657 4665 1678 4696 ι
1708 4644 1932 4700 candor
1961 4652 2006 4717 D
2039 4651 2172 4704 Haac
2204 4648 2396 4704 scribo
2429 4647 2611 4715 vobis,
2645 4653 2708 4702 ut
2731 4647 2951 4715 sciatis,
2982 4647 3260 4717 quoniam
3293 4647 3475 4702 vitam
3507 4645 3686 4700 habe-

279 4736 361 4790 sit
377 4740 614 4789 interna:
634 4729 1181 4803 lucis,etspeculum
1198 4731 1327 4785 sine
1340 4731 1574 4787 macula
1585 4731 1822 4789 deitatis
1850 4734 1930 4784 ’5»

278 4822 575 4892 Salomon}
596 4837 953 4893 superquam
976 4819 1229 4875 salutem
1260 4836 1427 4876 suam
1450 4820 1730 4878 dilexisse
1762 4840 1822 4879 se
1844 4822 1934 4879 di-

281 4913 384 4978 cit,
414 4912 476 4967 in
510 4909 681 4983 cujus
701 4910 894 4982 specie
917 4925 1155 4981 semper
1177 4908 1457 4965 delectari
1484 4912 1756 4983 gestivit?
1777 4937 1803 4963 «
1829 4913 1938 4968 Su-

2043 4738 2121 4792 tis
2148 4743 2433 4792 wternam
2456 4736 2556 4807 qui
2575 4735 2816 4791 creditis
2838 4735 2901 4789 in
2924 4735 3164 4791 nomine
3185 4735 3315 4790 Filii
3333 4735 3450 4790 Dei.
3477 4736 3544 4790 Et
3564 4735 3690 4790 haec
3778 4764 3799 4781 ο

2047 4830 2137 4881 est
2157 4825 2373 4881 fiducia
2395 4841 2573 4897 quam
2588 4823 2877 4880 habemus
2892 4824 2965 4879 ad
2981 4824 3282 4896 eum,quia
3294 4823 3689 4895 quodcunque

2047 4915 2395 4987 petierimus
2427 4914 2755 4970 secundum
2786 4913 3151 4970 voluntatem
3182 4914 3337 4986 ejus,
3370 4912 3536 4969 audit
3558 4930 3688 4971 nos.

360 5037 405 5075 ³⁷
436 5039 640 5112 Innoc.
682 5051 776 5106 ep.
822 5038 883 5089 l2
912 5034 986 5090 ad
1014 5034 1302 5112 {lui‘elium
1333 5036 1593 5112 Carthag.
1624 5054 1715 5108 ep.
1740 5038 1849 5094 sub
1881 5039 2062 5112 finem
2088 5056 2101 5095 :
2134 5063 2161 5091 ‹‹
2196 5039 2367 5112 Under
2388 5038 2566 5112 plagii
2597 5038 2809 5112 merito
2833 5055 3044 5112 arguas
3065 5040 3690 5112 Mercatorem._eumve

282 5128 319 5171 a
350 5127 468 5182 quo
497 5109 737 5182 delusus
769 5113 877 5182 e_st.
905 5129 942 5182 _»_
1020 5108 1059 5140 "'
1081 5108 1521 5182 prophetharuni
1553 5109 1615 5164 iu
1646 5125 1742 5181 qq.
1799 5126 1884 5168 cc.
1965 5110 2010 5148 ¹⁹
2040 5129 2150 5169 ms.
2179 5113 2324 5168 unde
2352 5108 2454 5168 his.
2495 5108 2579 5144 ’τυ
2609 5111 2630 5165 Ι
2661 5110 2809 5182 Tim.
2842 5108 2927 5177 v1,
2978 5113 3061 5166 16.
3139 5113 3182 5148 ²¹
3215 5111 3396 5166 lthac.
3431 5110 3505 5182 ad
3536 5126 3686 5166 vers.

283 5178 454 5239 υνὲιν.
515 5183 602 5234 66.
684 5179 729 5213 ³⁸
789 5178 966 5232 Eccli.
1026 5195 1167 5233 xxw.
1228 5181 1312 5233 12.

1391 5180 1437 5215 ³³
1493 5181 1636 5235 Joan
1670 5180 1677 5181 ί
1717 5198 1827 5251 xxv,
1898 5186 1939 5235 lt

2062 5182 2110 5218 ²⁴
2162 5185 2331 5249 Joan,
2392 5200 2427 5251 1,
2489 5184 2574 5239 18.
2640 5181 2697 5252 Α²⁵
2747 5182 2879 5252 Sap.
2930 5198 3023 5247 vn,
3090 5185 3177 5237 26.
3257 5182 3304 5252 2⁸
3359 5180 3534 5250 Ibid,
3599 5184 3683 5235 10.

279 5252 326 5288 ³⁷
358 5251 510 5309 Psal.
539 5267 670 5315 xw,
703 5250 754 5304 3.
832 5249 877 5283 9'
909 5249 1058 5303 Psal.
1114 5266 1281 5313 xxxv,
1317 5253 1403 5306 10.
1481 5251 1525 5286 ²⁹
1554 5253 1755 5321 Matth,
1816 5249 1949 5308 xvn.
2027 5254 2075 5291 ³ο
2131 5256 2296 5312 Joan.
2332 5249 2432 5311 xu.
2465 5255 2554 5309 35.
2630 5250 2676 5289 ³¹
2734 5249 2899 5313 Joan.
2950 5266 3065 5321 vin,
3101 5257 3186 5320 12,
3261 5251 3311 5288 θ’
3363 5254 3528 5309 Joan.
3561 5270 3602 5318 I,
3628 5254 3682 5307 9.

277 5324 327 5360 ³³
352 5327 373 5378 Ι
403 5325 569 5399 ΙοειῐιΪ
602 5325 786 5399 v._29.
836 5321 909 5399 ‘3‘
944 5322 1242 5399 [lactentis
1267 5323 1768 5399 vercaipsissima
1798 5342 1952 5396 resp.
1988 5326 2192 5381 Ithacii
2227 5327 2346 5399 sive
2380 5324 2736 5399 ldaciiACdari
2768 5324 3048 5379 adversus
3077 5324 3477 5381 Warimadum
3518 5326 3687 5380 Aria-

274 5413 445 5455 num.
478 5395 572 5451 cui
600 5393 923 5449 fabricator
949 5392 1126 5465 hujus
1153 5393 1419 5463 epistolas
1449 5392 1727 5450 laciniam
1760 5413 1865 5467 pro
1895 5392 2061 5452 inore
2089 5397 2300 5452 attexit
2328 5414 2397 5452 ex
2430 5414 2521 5467 ep.
2555 5397 2579 5449 Ι
2606 5394 2773 5451 Joan.
2805 5412 2856 5450 v.

275 5528 501 5578 tantur.
536 5521 661 5577 Sev.
697 5521 811 5575 Bm.
845 5548 913 5557 ——
946 5518 1024 5573 De
1073 5517 1185 5571 hoc
1218 5517 1367 5579 loco.
1420 5518 1518 5589 qui
1553 5526 1713 5575 certe
1742 5519 1929 5575 lubri-

277 5613 384 5651 cus
416 5600 505 5648 est
557 5593 685 5647 vide
744 5592 903 5646 decr.
965 5589 1175 5644 concil.
1209 5589 1362 5645 Trid.
1415 5593 1491 5645 De
1538 5593 1930 5660 reformatione

284 5664 657 5724 matrimonii.

356 5736 435 5811 (3)
467 5736 621 5803 Quod
674 5736 787 5790 sint
850 5732 1077 5804 quidam
1132 5733 1233 5803 qui
1288 5734 1635 5790 arbitrantur
1662 5734 1729 5792 de
1766 5737 1932 5792 Patre

2038 5522 2154 5577 solo
2183 5522 2390 5576 dictum
2420 5535 2561 5595 esse._
2582 5517 2924 5595 Basilidem.
2960 5519 3367 5595 Saturninum,
3416 5522 3683 5595 aliosque

2040 5594 2170 5665 ejus
2202 5598 2521 5665 sectatores
2548 5591 2826 5665 intelligit
2848 5608 2862 5657 ;
2882 5590 2952 5645 de
2986 5592 3200 5665 quibus
3225 5590 3683 5651 BarOniusanno

2038 5663 2273 5741 Domini
2307 5668 2440 5741 120,
2464 5679 2626 5719 num.
2660 5666 2713 5728 5,
2747 5663 2805 5718 et
2830 5663 3257 5741 _3equentibus,
3299 5665 3400 5722 ubi
3444 5666 3683 5741 impura

2040 5742 2098 5793 et
2129 5735 2547 5793 scelestissima
2576 5750 2783 5793 eorum
2813 5733 3090 5807 dogmata
3118 5744 3408 5796 recenset.
3441 5733 3537 5796 ibi
