4026 6214
381 332 533 393 1051

1758 331 2123 394 ΕνΑιιιετι
2167 331 2422 393 ΡΔΡΕ.

3637 331 3796 392 1052

377 467 448 520 Et
478 466 698 521 scimus
730 466 870 536 quia
928 464 1094 518 audit
1146 480 1276 531 nos,
1312 465 1604 536 quidquid
1649 465 2016 538 petierimus,
2050 465 2104 532 Α
2135 479 2313 521 causa
2343 463 2686 535 conjungat.
2717 464 2785 517 Et
2809 463 2962 518 sicut
3000 459 3169 517 uxori
3190 477 3308 517 non
3328 460 3453 517 licit
3482 461 3790 519 dimittere

375 556 595 610 scimus
627 554 903 624 quoniam
931 553 1217 608 habemus
1240 553 1556 625 petitiones
1584 572 1730 626 quas
1760 555 2021 626 postula-

379 661 508 699 mus
541 644 611 696 ab
643 659 732 695 eo.
765 641 870 704 Qui
900 641 1010 694 scit
1041 641 1281 696 fratrem
1313 659 1485 698 suum
1537 660 1780 714 peccare
1814 661 2019 715 pecca-

379 739 503 786 tum
534 747 650 783 non
681 729 754 782 ad
784 735 1052 797 mortem,
1088 736 1268 802 petat,
1303 738 1360 786 et
1391 731 1626 787 dabitur
1654 733 1707 786 ei
1739 733 1855 788 vita
1885 750 2024 804 pec-

379 819 534 874 canti
578 835 696 872 non
728 817 801 872 ad
832 825 1103 874 mortem.
1138 822 1237 874 Est
1265 828 1573 892 peccatum
1622 821 1695 877 ad
1729 830 2018 887 mortem;

375 923 492 960 non
525 923 630 975 pro
661 905 764 960 illo
797 906 949 973 dico,
982 913 1046 961 ut
1077 915 1240 982 roget
1283 911 1438 980 quis.
1491 911 1692 965 Omnis
1737 910 2021 982 iniquitas

369 1000 680 1067 peccatum
713 1001 820 1062 est,
856 1002 913 1050 et
943 1003 1029 1052 est
1061 1004 1367 1069 peccatum
1391 1000 1462 1054 ad
1485 1006 1756 1055 mortem.
1793 1001 2020 1056 Scimus

371 1084 508 1155 quia
540 1084 736 1138 omnis
769 1087 867 1155 qui
904 1092 1078 1141 natus
1111 1093 1201 1142 est
1233 1105 1304 1142 ex
1336 1089 1474 1154 Deo,
1509 1105 1625 1143 non
1660 1094 1884 1160 peccat,
1917 1090 2021 1144 sed

371 1173 674 1245 generatio
702 1175 803 1228 Dei
827 1181 1135 1230 conservat
1154 1193 1312 1242 eum,
1336 1183 1393 1231 et
1414 1177 1706 1248 malignus
1729 1195 1848 1232 non
1879 1183 2018 1232 tan-

371 1264 453 1334 git
493 1279 648 1318 eum.
680 1264 910 1318 Scimus
943 1270 1223 1334 quoniam
1257 1282 1326 1320 ex
1363 1268 1476 1321 Deo
1508 1284 1733 1336 sumus,
1758 1273 1815 1321 et
1846 1283 2022 1322 mun-

374 1352 483 1407 dus
515 1358 672 1407 totus
708 1353 765 1406 in
802 1353 1058 1426 maligno
1098 1355 1324 1425 positus
1375 1363 1482 1411 est.
1516 1358 1586 1410 Et
1625 1356 1842 1411 scimus
1874 1373 2018 1427 quo-

365 1443 528 1497 niam
561 1443 738 1497 Filius
769 1443 870 1498 Dei
894 1445 1050 1498 venit
1073 1444 1312 1500 etdedit
1340 1445 1512 1500 nobis
1535 1461 1800 1514 sensum,
1827 1452 1891 1500 ut
1917 1463 2020 1500 co-

369 1549 723 1605 gnoscamus
782 1549 981 1588 verum
1015 1535 1222 1601 Deum,
1255 1541 1314 1590 et
1371 1535 1558 1589 simus
1617 1535 1678 1590 in
1710 1552 1842 1589 vero
1875 1534 2019 1589 Filio

371 1623 520 1692 ejus.
559 1622 659 1676 llic
691 1630 780 1677 est
807 1640 976 1678 verus
1011 1624 1164 1678 Deus
1189 1630 1246 1678 et
1266 1624 1381 1678 vita
1412 1630 1651 1680 aeterna.
1679 1646 1706 1673 »
1732 1625 1885 1692 Haec,
1908 1623 2022 1679 fra-

377 1718 516 1775 tres,
547 1711 884 1782 przedicate,
917 1714 1042 1767 haec
1071 1714 1348 1768 omnibus
1380 1714 1672 1769 nuntiate.
1727 1715 1835 1768 Vos
1884 1730 2018 1768 vero

373 1799 625 1854 invicem
679 1801 1095 1868 exhortamini,
1129 1801 1371 1874 perfecti
1426 1808 1632 1866 estote,
1667 1817 2018 1873 semperque

371 1888 656 1960 gaudete;
684 1906 889 1960 pacem
905 1895 1104 1945 autem
1129 1891 1437 1946 sectamini
1462 1891 1519 1945 in
1541 1907 1767 1956 omnes,
1787 1897 1844 1945 et
1865 1891 2017 1945 Deus

372 1979 534 2050 pacis
567 1985 625 2033 et
676 1979 1010 2034 dilectionis
1045 1981 1156 2035 erit
1187 1981 1512 2045 vobiscum,
1571 1981 1686 2036 Deo
1730 1986 1928 2035 autem
1961 1986 2019 2036 et

375 2068 531 2122 Patri
569 2074 769 2122 nostro
802 2069 987 2141 gloria
1019 2070 1078 2124 in
1114 2069 1330 2124 saecula
1360 2068 1736 2125 saeculorum.
1768 2073 1977 2139 Amen,

447 2158 590 2211 Data
629 2174 680 2210 Ix
700 2157 992 2212 Kalendas
1025 2158 1259 2230 Aprilis,
1283 2157 1526 2214 Valente
1555 2165 1612 2214 et
1639 2160 1847 2214 Vetere
1877 2157 2016 2212 viris

371 2245 716 2300 clarissimis
737 2263 885 2300 coss.
920 2247 984 2300 ³⁸.

970 2364 1306 2419 EPISTOLA
1348 2365 1416 2418 II.

372 2471 448 2524 De
478 2471 742 2538 episcopis
773 2469 979 2540 ejectis,
1038 2477 1087 2524 et
1142 2471 1270 2526 aliis
1308 2474 1424 2528 loco
1472 2489 1659 2527 eorum
1705 2471 2010 2537 subtitutis,

444 2541 551 2606 vel,
587 2547 649 2594 ut
681 2542 857 2596 habet
889 2559 999 2599 ms.
1031 2543 1177 2598 Just.
1207 2561 1219 2597 :
1254 2545 1410 2608 Quod
1447 2544 1694 2600 Christus
1750 2545 1820 2600 sit
1849 2550 2014 2614 caput

441 2619 492 2666 et
521 2628 747 2681 sponsus
780 2614 1046 2683 Ecclesiae,
1079 2619 1129 2669 et
1176 2617 1477 2671 sacerdotes
1509 2618 1606 2686 qui
1651 2617 1767 2685 ejus
1795 2618 1911 2670 vice
1937 2615 2011 2670 le-

440 2686 667 2752 gatione
692 2688 1026 2754 funguntur,
1059 2687 1318 2742 similiter
1345 2689 1453 2742 sint
1485 2688 1734 2743 Ecclesiis
1775 2687 1888 2742 suis
1917 2703 1929 2741 :
1965 2692 2015 2742 et

439 2756 681 2824 qualiter
707 2758 1016 2812 sacerdote:
1044 2774 1168 2812 suas
1216 2759 1483 2814 Ecclesias
1513 2767 1564 2813 et
1595 2775 1780 2814 eorum
1827 2759 2014 2814 Eccle-

435 2828 536 2883 sia?
557 2843 640 2882 eos
669 2829 899 2884 debeant
929 2830 1180 2898 diligere.

435 2944 752 3005 Evaristus.
786 2945 952 3000 urbis
985 2948 1182 3001 Romae
1215 2946 1549 3018 episcopus,
1585 2947 1862 3002 omnibus
1908 2961 2014 3018 per

365 3033 672 3102 .Egyptum
705 3034 953 3089 Domino
1001 3035 1418 3108 conglutinatis
1462 3036 1742 3092 fratribus
1796 3036 1856 3089 in
1890 3035 2011 3089 Do-

365 3121 548 3187 mino,
585 3122 857 3177 salutem.

2131 553 2322 608 virum
2354 569 2548 618 suum,
2580 558 2646 607 ut
2676 551 2847 607 alteri
2880 568 2963 617 se,
2995 551 3227 606 vivente
3276 567 3367 618 eo,
3400 552 3786 608 matrimonio

2131 643 2335 704 societ,
2351 647 2452 696 aut
2471 657 2606 696 eum
2621 640 3081 707 adulteret,licet
3097 639 3521 710 fornicatusrsit
3535 640 3624 694 vir
3639 642 3788 712 ejus,

2130 729 2254 797 sed,
2281 731 2442 797 iuxta
2489 729 2855 801 Apostolum,
2887 751 2914 778 ‹‹
2949 736 3051 784 aut
3097 729 3218 782 viro
3266 745 3373 783 suo
3405 730 3786 784 reconciliari

2131 819 2326 888 debet,
2359 824 2460 874 aut
2490 835 2730 873 manere
2760 818 3013 889 innupta
3049 817 3132 885 ⁴¹;
3168 839 3196 867 ››
3245 818 3326 872 ita
3351 818 3630 873 Ecclesia:
3672 836 3788 875 non

2130 908 2270 963 licet
2299 908 2598 963 dimittere
2632 907 2974 979 episcopum
3009 923 3204 972 suum,
3238 912 3340 961 aut
3369 906 3443 960 ab
3493 923 3563 961 eo
3596 923 3663 962 se
3694 924 3783 963 se-

2129 1014 2369 1072 gregare
2400 1003 2466 1052 ut
2496 997 2771 1064 alterum,
2811 997 3036 1050 vivente
3069 1013 3159 1063 eo,
3210 995 3501 1067 accipiat;
3539 997 3650 1052 sed
3691 1004 3791 1053 aut

2130 1089 2322 1159 ipsum
2354 1086 2589 1153 habeat,
2623 1090 2724 1140 aut
2753 1086 3007 1156 innupta
3026 1091 3282 1152 maneat,
3315 1085 3375 1139 id
3406 1091 3496 1140 est
3527 1086 3785 1142 alterum

2131 1177 2495 1248 episcopum,
2519 1191 2624 1229 suo
2645 1176 2891 1241 vivente,
2916 1191 3035 1228 non
3057 1174 3328 1245 accipiat,
3351 1191 3424 1229 ne
3448 1175 3790 1230 fornicatio-

2130 1267 2224 1321 nis
2256 1271 2359 1320 aut
2388 1264 2664 1319 adulterii
2697 1265 2923 1319 crimen
2955 1264 3235 1318 incurrat.
3277 1265 3421 1319 Nam
3450 1265 3498 1319 si
3550 1265 3792 1320 adulte-

2129 1361 2256 1411 rata
2282 1354 2481 1421 fuerit,
2515 1353 2572 1408 id
2607 1359 2696 1407 est
2725 1353 2771 1407 si
2807 1369 2868 1408 se
2890 1353 3055 1408 alteri
3082 1353 3358 1425 episcopo
3381 1355 3794 1426 junxerit,aut

2130 1461 2308 1516 super
2338 1460 2400 1499 se
2429 1444 2685 1498 alterum
2735 1443 3082 1514 episcopum
3129 1443 3464 1513 adduxerit,
3513 1452 3619 1500 aut
3660 1462 3788 1501 esse

2128 1533 2354 1598 fecerit,
2391 1533 2480 1588 vel
2503 1532 2928 1588 desideraverit
2951 1549 2964 1586 :
2991 1549 3096 1603 per
3115 1533 3467 1589 acerrimam
3490 1535 3794 1606 paeniten-

2130 1622 2272 1676 tiam
2301 1627 2404 1677 aut
2431 1639 2536 1677 suo
2583 1620 3004 1676 reconcilietur
3046 1622 3346 1692 episcopo,
3397 1628 3501 1678 aut
3533 1623 3793 1695 innupta

2131 1718 2496 1783 permaneat.
2521 1711 2684 1766 Unde
2698 1716 2757 1765 et
2777 1711 3062 1766 Dominus
3077 1711 3414 1782 loquiturin
3437 1712 3792 1784 Evangelia,

2050 1824 2096 1890 Β
2130 1801 2334 1856 dicens
2359 1818 2372 1855 :
2406 1824 2431 1850 α
2459 1801 2514 1855 Si
2540 1800 2672 1871 quis
2693 1799 2906 1855 viderit
2927 1800 3238 1856 mulierem
3261 1800 3334 1855 ad
3358 1803 3790 1873 concupiscen-

2127 1889 2268 1944 dum
2294 1907 2446 1956 eam,
2463 1891 2590 1960 jam
2616 1889 2942 1945 mmchatus
2963 1895 3055 1944 est
3075 1905 3206 1944 eam
3227 1890 3289 1944 in
3311 1889 3486 1946 corde
3511 1907 3623 1946 suo
3647 1889 3716 1946 ⁴².
3753 1914 3781 1942 ι»

2121 1977 2168 2014 ⁴³
2189 1979 2545 2051 Episcopum
2575 1995 2710 2034 vero
2740 1983 2976 2050 oportet
2995 1984 3324 2050 opportune
3347 1985 3407 2034 et
3430 1979 3778 2051 importune

2123 2073 2298 2138 atque
2331 2068 2458 2123 sine
2489 2067 2936 2122 intermissione
2979 2067 3303 2123 Ecclesiam
3333 2084 3501 2124 suam
3535 2069 3774 2134 docere,

2122 2173 2372 2229 eamque
2402 2157 2731 2228 prudenter
2759 2173 2960 2228 regere
3003 2162 3062 2210 et
3090 2173 3313 2226 amare,
3361 2163 3426 2212 ut
3456 2174 3490 2212 a
3524 2158 3683 2213 vitiis
3715 2175 3778 2214 se

2119 2246 2434 2314 abstineat,
2466 2251 2524 2300 et
2553 2245 2808 2301 salutem
2839 2245 3124 2316 consequi
3155 2247 3345 2317 possit
3364 2251 3674 2304 aeternam.
3710 2249 3782 2303 Et

2120 2337 2226 2392 illa
2255 2352 2389 2390 cum
2412 2340 2575 2390 tanta
2597 2334 2927 2389 reverentia
2948 2335 2996 2406 ej
3007 2351 3076 2389 us
3099 2333 3432 2390 doctrinam
3455 2335 3636 2392 debet
3657 2354 3787 2393 sus-

2119 2426 2336 2496 cipere,
2371 2439 2625 2494 eumque
2659 2439 2860 2478 amare
2892 2428 2951 2478 et
2979 2422 3246 2496 diligere,
3282 2429 3348 2479 ut
3374 2423 3638 2497 legatum
3669 2426 3776 2482 Dei

2121 2521 2179 2572 et
2226 2529 2562 2586 praeconem
2611 2513 2912 2578 veritatis;
2963 2512 3122 2583 quia,
3170 2519 3426 2569 testante
3472 2513 3775 2570 Veritate:

2123 2626 2150 2654 ‹‹
2185 2605 2559 2672 Quaecunque
2591 2601 2858 2674 ligaverit
2889 2617 3067 2673 super
3098 2606 3341 2670 terram,
3376 2607 3554 2658 erunt
3593 2603 3778 2676 ligata

2120 2699 2182 2750 et
2210 2693 2270 2748 in
2303 2692 2490 2748 caalo:
2523 2697 2581 2746 et
2612 2707 2981 2762 quaecunque
3030 2691 3271 2746 solverit
3319 2708 3497 2764 super
3529 2699 3774 2762 terram,

2121 2786 2298 2836 erunt
2330 2779 2521 2834 soluia
2553 2783 2611 2833 et
2637 2778 2697 2833 in
2723 2778 2870 2834 ccelo
2893 2777 2960 2834 “.
2984 2799 3012 2827 ››
3033 2779 3221 2833 Nimis
3241 2779 3510 2835 timenda
3531 2786 3644 2844 est,
3667 2781 3779 2836 fra-

2120 2870 2394 2938 tres,haac
2418 2867 2734 2935 sententia,
2757 2873 2816 2922 et
2835 2866 3280 2939 praevidendum
3299 2867 3566 2935 vobis,ne
3589 2871 3777 2925 oﬂ‘en-

2117 2959 2270 3014 datis
2303 2975 2402 3014 eos
2432 2958 2533 3028 qui
2559 2963 2782 3012 tantam
2814 2973 2848 3011 a
2868 2957 3118 3012 Domino
3142 2956 3365 3013 habent
3385 2964 3769 3030 potestatem.

2117 3050 2186 3103 Et
2213 3047 2345 3102 ideo
2377 3047 2572 3118 potius
2603 3044 2939 3110 obediendi,
2969 3045 3252 3118 diligendi
3285 3052 3343 3102 et
3393 3063 3774 3120 summopere

2118 3137 2438 3193 venerandi
2471 3141 2628 3203 sunt,
2661 3152 2780 3190 non
2811 3135 3185 3197 detrahendi,
3219 3136 3309 3190 vel
3344 3136 3648 3192 lacerandi
3673 3143 3771 3193 aut

438 3211 627 3266 Unum
656 3229 782 3280 n05:
807 3212 1038 3280 fratres:
1061 3213 1108 3248 ³⁸
1129 3215 1349 3270 sentire
1375 3221 1605 3286 oportet
1627 3220 1679 3268 et
1705 3231 1898 3285 agere.
1919 3221 2004 3281 ιιι,
2037 3197 2080 3266 c
2119 3226 2418 3299 ejiciendi,
2441 3225 2544 3280 sed
2568 3197 2840 3297 portandi
2862 3230 2922 3279 et
2942 3224 3202 3291 amandi,
3236 3225 3364 3297 ipso
3395 3225 3633 3282 dicente
3667 3228 3780 3282 Do-

365 3299 517 3354 sicut
541 3300 790 3372 legimus
818 3300 885 3369 ³⁷,
907 3303 967 3356 in
995 3303 1164 3357 nobis
1195 3320 1379 3358 unum
1430 3320 1530 3358 cor
1561 3309 1620 3358 et
1661 3320 1782 3358 una
1811 3304 2012 3358 anima

365 3405 494 3443 esse
526 3389 827 3459 probetur.
855 3391 1083 3445 Scimus
1102 3407 1382 3461 namque,
1405 3392 1559 3446 sicut
1579 3397 1638 3445 et
1657 3408 1691 3447 a
1720 3391 2008 3462 patribus,

364 3477 715 3549 accepimus,
742 3479 1038 3534 Christum
1060 3497 1186 3536 esse
1220 3486 1417 3551 caput,
1450 3481 1621 3552 cujus
1654 3487 1711 3535 et
1743 3479 2012 3536 membra

367 3583 589 3621 sumus.
627 3569 755 3638 Ipse
789 3569 945 3622 enim
981 3575 1069 3623 est
1100 3585 1373 3641 sponsus,
1408 3569 1743 3624 etEcclesia
1773 3586 2010 3640 sponsa,

367 3656 537 3726 cujus
573 3656 679 3710 filii
712 3673 820 3711 nos
853 3675 1057 3712 sumus
1083 3677 1095 3714 :
1131 3665 1186 3713 et
1216 3659 1346 3712 ideo
1371 3675 1555 3713 unum
1576 3659 1809 3712 Patrem
1830 3658 2010 3713 habe-

369 3761 502 3799 mus
539 3746 723 3800 Deum
755 3747 814 3801 in
842 3747 1026 3802 caelis.
1071 3748 1413 3802 Sacerdotes
1446 3764 1579 3802 vero
1623 3749 1745 3803 vice
1795 3747 2010 3802 Christi

364 3834 658 3906 legatione
682 3835 1076 3909 33funguntur
1107 3837 1166 3890 in
1213 3836 1490 3893 Ecclesia.
1523 3839 1593 3891 Et
1641 3838 1792 3892 sicut
1823 3838 1875 3892 ei
1905 3853 2014 3893 sua

366 3925 684 3996 conjuncta
725 3931 814 3980 est
843 3942 1079 3997 sponsa,
1107 3926 1164 3980 id
1191 3931 1278 3980 est
1301 3927 1558 3982 Ecclesia
1578 3925 1646 3994 3°,
1671 3926 1753 3982 sic
1785 3927 2011 3998 episco-

363 4012 454 4082 pis
470 4014 808 4085 junguntur
829 4015 1454 4086 Ecclesitemnicuique
1467 4033 1573 4086 pro
1594 4017 1864 4088 portione
1880 4033 2008 4074 sua.

363 4101 431 4153 Et
461 4101 612 4154 sicut
645 4103 731 4154 vir
753 4118 872 4156 non
900 4102 1074 4157 debet
1104 4103 1400 4174 negligere
1431 4120 1678 4158 uxorem
1710 4104 2011 4173 suam,sed

365 4187 608 4259 diligere
637 4194 865 4245 etcaste
881 4190 1178 4245 custodire
1200 4197 1469 4247 etamare
1490 4198 1665 4264 atque
1687 4194 2012 4266 prudenter

366 4293 571 4349 regere
602 4295 614 4332 :
649 4278 731 4333 sic
763 4279 1074 4350 episcopus
1107 4285 1164 4336 et
1192 4279 1376 4336 multo
1409 4283 1592 4354 magis
1623 4283 1921 4340 custodire
1953 4289 2012 4340 et

366 4383 566 4423 amare
599 4374 774 4438 atque
814 4368 1137 4440 prudenter
1157 4387 1358 4442 regere
1387 4371 1562 4427 debet
1581 4373 1920 4430 Ecclesiam.
1942 4376 2012 4428 Et

365 4460 520 4514 velut
550 4477 722 4525 uxor,
753 4478 884 4531 qua:
918 4461 1025 4517 sub
1058 4478 1239 4517 manu
1267 4466 1357 4516 est
1386 4464 1513 4531 viri,
1547 4463 1788 4519 obedire
1835 4463 2011 4520 debet

2117 3318 2282 3372 mino
2309 3333 2321 3370 :
2346 3339 2372 3362 κ
2407 3316 2512 3380 Qui
2549 3331 2650 3369 vos
2683 3313 2869 3373 audit.
2904 3330 2997 3368 me
3031 3314 3232 3369 audit:
3263 3320 3322 3369 et
3351 3315 3450 3386 qui
3483 3332 3586 3370 vos
3608 3333 3778 3387 sper-

2116 3407 2226 3474 nit,
2250 3422 2344 3461 me
2368 3403 2677 3476 spernit“.
2707 3426 2734 3452 »
2757 3402 2896 3457 Ideo
2919 3402 3044 3458 haec
3067 3402 3229 3457 vobis
3251 3409 3310 3458 et
3330 3403 3614 3459 omnibus
3636 3404 3778 3460 fide-

2116 3494 2276 3550 libus
2308 3491 2644 3556 scribimus,
2679 3491 2911 3558 fratres,
2944 3495 3012 3544 ut
3042 3489 3115 3545 ab
3145 3489 3237 3545 his
3270 3508 3369 3546 vos
3393 3492 3673 3560 caveatis,
3722 3497 3777 3547 et

2117 3581 2370 3654 posteris
2391 3579 2600 3634 vestris
2623 3595 2742 3634 non
2774 3579 3021 3647 malum,
3046 3579 3147 3634 sed
3171 3578 3394 3634 bonum
3429 3582 3772 3652 exemplum

2117 3669 2468 3741 relinquatis
2494 3687 2507 3735 ;
2533 3669 2816 3739 quoniam
2839 3668 3059 3740 injuria
3080 3668 3491 3740 episcoporum
3515 3669 3592 3724 ad
3615 3670 3775 3724 Chri-

2118 3766 2272 3816 stum
2296 3759 2573 3831 pertinet,
2598 3757 2772 3827 cujus
2793 3757 2916 3812 vice
2947 3756 3294 3829 funguntur.
3332 3757 3379 3794 ‘°
3423 3757 3771 3816 Audivimus

2119 3849 2277 3904 enim
2303 3847 2591 3919 quosdom
2623 3863 2657 3902 a
2677 3845 2838 3901 vobis
2861 3845 3174 3901 infamatos
3197 3853 3258 3901 et
3277 3845 3634 3904 dilaceratos
3657 3849 3775 3920 epi-

2117 3955 2348 4009 scopos,
2382 3954 2451 3991 ac
2483 3953 2514 3990 e
2546 3936 2880 3991 civitatibus
2910 3935 3166 4007 propriis
3195 3936 3421 4007 pulsos,
3455 3937 3599 4007 quia
3628 3936 3772 3993 alibi

2117 4025 2378 4099 episcopi
2409 4025 2695 4081 constitui
2727 4042 2847 4080 non
2886 4029 3156 4097 possunt,
3189 4025 3307 4080 nisi
3340 4025 3404 4081 in
3435 4026 3772 4082 civitatibus

2116 4133 2235 4171 non
2266 4115 2535 4171 minimis
2561 4131 2574 4181 ;
2607 4121 2666 4169 et
2685 4113 2830 4170 alios
2862 4114 2923 4168 in
2948 4113 3054 4180 eis,
3077 4113 3224 4185 ipsis
3253 4113 3612 4181 viventibus,
3638 4132 3776 4172 con-

2117 4207 2375 4262 stitutos.
2408 4204 2546 4260 Ideo
2576 4205 2703 4261 haec
2733 4205 2896 4260 vobis
2927 4204 3265 4275 scribimus,
3311 4210 3378 4261 ut
3408 4206 3612 4262 sciatis
3657 4205 3769 4262 hoc

2117 4295 2245 4351 fieri
2278 4311 2395 4350 non
2423 4293 2628 4362 licere,
2659 4293 2762 4349 sed
2790 4294 3061 4366 proprios
3094 4293 3375 4362 revocari,
3409 4300 3469 4350 et
3510 4296 3771 4368 integer-

2117 4387 2264 4440 rime
2298 4385 2528 4440 restitui
2561 4383 2798 4442 debere.
2831 4384 2964 4440 lllos
2995 4401 3130 4441 vero
3162 4385 3264 4456 qui
3297 4384 3642 4442 adulterina
3661 4387 3769 4442 fce-

2117 4473 2300 4529 ditate
2332 4490 2583 4545 sponsas
2606 4490 2765 4542 suas,
2790 4489 2938 4545 quas
2962 4478 3022 4530 et
3041 4490 3254 4530 uxores
3286 4475 3770 4548 eorum,praafixo

363 4551 485 4604 viro
505 4567 630 4616 suo,
657 4567 913 4622 eumque
941 4550 1182 4620 diligere
1205 4557 1264 4606 et
1283 4554 1593 4618 amare,ita
1613 4555 1809 4625 potius
1829 4554 2006 4610 etiam
2037 4561 2084 4627 D
2114 4569 2338 4619 tenore.
2365 4580 2494 4620 esse
2517 4563 2926 4635 intelligimus,
2951 4568 3156 4619 tenent
3180 4582 3196 4633 ;
3219 4562 3354 4636 ejici
3378 4567 3441 4618 ut
3463 4563 3768 4621 adulteros

360 4639 623 4694 Ecclesia
653 4641 927 4712 episcOpo
952 4657 1057 4696 suo
1090 4658 1150 4695 in
1173 4641 1448 4697 omnibus
1479 4642 2003 4715 obedire,eumque

357 4727 598 4800 diligere
619 4736 675 4784 et
697 4746 896 4793 amare
929 4737 990 4784 ut
1013 4731 1275 4786 animam
1301 4747 1470 4787 suam
1493 4731 1832 4804 debet,quia
1852 4732 2003 4790 illud

361 4817 426 4871 fit
447 4817 950 4883 carnaliter,istud
973 4819 1384 4890 spiritualiter.
1417 4819 1464 4854 ⁴⁰
1486 4822 1554 4874 Et
1585 4821 1737 4876 sicut
1766 4823 1854 4876 vir
1883 4839 2002 4878 non

360 4905 537 4960 debet
565 4905 902 4961 adulterare
933 4923 1179 4962 uxorem
1212 4923 1406 4975 suam,
1442 4908 1523 4962 ita
1552 4925 1662 4963 nec
1688 4910 2002 4982 episcopus

359 4993 680 5051 Ecclesium
711 5011 876 5050 suam
909 5020 923 5060 ;
957 4995 1015 5049 id
1042 5002 1130 5050 est
1152 5002 1217 5050 ut
1240 4995 1402 5050 illam
1424 4997 1795 5062 dimittat,ad
1827 5015 2004 5069 quam

361 5091 626 5140 sacratus
650 5090 739 5140 est
756 5085 976 5154 absque
1001 5085 1325 5138 inevitabili
1352 5086 1727 5151 necessitate,
1753 5094 1854 5142 aut
1868 5104 2008 5159 apo-

359 5175 569 5231 stolica
601 5175 690 5230 vel
720 5174 968 5248 regulari
1006 5175 1354 5245 mutatione,
1380 5181 1438 5231 et
1466 5176 1637 5230 alteri
1669 5195 1728 5233 se
1751 5178 2011 5237 ambitus

426 5302 472 5335 ³⁸
504 5303 665 5357 Coss.
701 5303 941 5359 fuerunt
973 5319 1130 5358 anno
1164 5302 1378 5358 Christi
1409 5305 1499 5364 96.

359 5446 406 5479 ⁴²
439 5447 618 5501 Matth
673 5463 724 5513 v,
755 5448 844 5510 28,
922 5449 969 5479 ⁴’
1002 5451 1052 5516 7,

2115 4657 2293 4723 atque
2327 4651 2580 4708 infames
2611 4651 2760 4721 fieri,
2795 4669 3014 4724 eosque
3036 4651 3108 4707 ab
3143 4651 3566 4709 ecclesiasticis
3587 4654 3771 4710 hono-

2110 4741 2274 4796 ribus
2306 4741 2493 4796 arceri
2520 4739 2823 4811 jubemus.
2857 4741 2914 4796 Si
2964 4745 3164 4798 autem
3217 4740 3498 4798 adversus
3528 4759 3632 4799 eos
3661 4743 3767 4799 ali-

2115 4846 2292 4902 quam
2324 4828 2629 4900 querelam
2652 4829 3003 4894 habueritis,
3031 4829 3125 4886 his
3147 4831 3422 4902 peractis,
3456 4830 3768 4904 inquiren-

2115 4917 2258 4973 dum
2292 4919 2424 4985 erit,
2449 4923 2505 4973 et
2527 4918 2876 4973 auctoritate
2911 4918 3088 4990 hujus
3121 4924 3339 4974 sanctas
3369 4917 3531 4975 sedis
3565 4921 3772 4976 termi-

2117 5006 2382 5062 nandum
2404 5004 2472 5070 ⁸⁷,
2495 5008 2563 5061 Et
2585 5023 2660 5062 ne
2681 5008 2884 5063 omnia
2913 5023 3072 5062 nunc
3103 5007 3446 5080 singulatim
3478 5008 3772 5077 dicamus,

2121 5111 2295 5150 omne
2323 5095 2566 5164 bonum,
2601 5097 2649 5150 si
2678 5097 2807 5169 ipsa
2835 5113 2942 5168 per
2972 5112 3034 5152 se
3064 5095 3127 5151 in
3153 5096 3314 5151 vobis
3343 5096 3546 5168 fuerit,
3573 5098 3770 5155 chari-

2122 5191 2212 5239 tas
2261 5185 2452 5242 facere
2485 5184 2741 5252 docebit,
2774 5187 2927 5241 sicut
2959 5190 3017 5241 et
3065 5202 3096 5240 e
3125 5187 3422 5242 contrario
3473 5204 3578 5244 eos
3612 5189 3710 5260 qui
3739 5203 3773 5243 ι

1535 5320 1649 5375 quo
1683 5307 1944 5364 nondum
1979 5309 2294 5375 obieratS.
2326 5311 2619 5368 Clemens.
2697 5312 2742 5348 ³⁸
2773 5314 2829 5368 S.
2859 5313 2991 5368 Leo.
3027 5328 3113 5367 eo.
3155 5313 3239 5368 18.
3318 5310 3366 5349 ³⁷
3395 5315 3518 5369 Act.
3577 5332 3650 5379 iv,
3684 5317 3765 5373 32.

357 5373 402 5408 ³³
437 5375 488 5427 S.
524 5376 692 5439 Greg.
726 5391 824 5431 xu.
886 5377 972 5429 32.
1049 5373 1098 5409 39
1130 5375 1188 5430 S.
1230 5375 1432 5431 Ambr.
1493 5373 1569 5430 De
1618 5379 1801 5446 dignit
1856 5383 2064 5438 sacerd.
2103 5400 2176 5438 iv.
2218 5373 2300 5418 ⁷⁴⁰
2329 5387 2381 5446 7.

1089 5464 1144 5526 q.
1183 5451 1217 5526 1Δ
1233 5465 1256 5526 _:
1280 5448 1618 5526 ‘Sirut_vir‘§
1649 5450 1979 5526 Iipiswpum
2026 5471 2172 5509 vero.
2203 5456 2272 5509 Et
2303 5455 2362 5510 in
2420 5448 2590 5526 epist.
2629 5459 2649 5510 t
2687 5455 3007 5511 Clementis
3037 5455 3110 5510 ad
3136 5456 3416 5512 Iacobum.
3493 5457 3539 5492 “
3565 5460 3762 5517 Matth.

2417 5400 2473 5454 q.
2528 5385 2781 5440 l:Sicut
2836 5384 2926 5438 vir
2980 5400 3108 5438 non.
3185 5383 3229 5418 ⁴¹
3277 5384 3296 5436 1
3358 5385 3469 5440 Cor
3552 5404 3646 5442 vn.
3686 5390 3763 5445 tt.

365 5533 471 5596 xvi,
502 5523 594 5600 _19_.
673 5517 720 5550 ⁴⁵
750 5520 977 5600 Ι-ίιιείλιι3
1011 5517 1121 5600 .16.
1200 5517 1246 5552 ⁴⁶
1277 5520 1419 5600 βίᾳ,
1453 5523 1522 5587 2;
1555 5517 1880 5600 Audivimus
1909 5526 2172 5596 quosdam
2199 5544 2218 5589 ;
2249 5527 2384 5582 etin
2417 5517 2508 5600 ep.
2543 5530 2567 5582 1
2600 5527 2920 5600 Clementis
2943 5529 3038 5600 Art
3059 5527 3340 5600 Jacobum.
3392 5528 3462 5600 _"’
3493 5529 3761 5587 Clemens

366 5589 622 5664 epistql,
659 5607 728 5644 ex
758 5589 978 5645 Ruftlui
1010 5589 1518 5662 interpretatibne,
1555 5591 1656 5662 qui
1686 5600 1819 5664 post
1852 5589 2147 5654 trecentos
2178 5612 2364 5655 annos
2395 5589 2469 5653 ab
2498 5599 2741 5655 Evaristi
2791 5597 3078 5654 electione
3106 5599 3266 5654 vixit.
3305 5598 3443 5654 Vide
3477 5601 3633 5657 Patr.
3667 5604 3757 5660 Gr.

365 5660 408 5714 ι.
442 5659 486 5714 Ι.
523 5663 671 5717 Ευιι..
