4004 6218
359 358 519 421 1059
1671 359 1934 419 ALEXA

2251 357 2484 420 ΡΑΡΕ
3629 358 3789 419 1060

367 500 460 552 est
489 513 650 563 cura,
685 498 731 552 si
767 493 1156 551 dissimulem.
1191 491 1428 550 audiam
1463 493 1712 547 Domino
1736 491 2008 548 dicente:
2047 494 2097 562 Α
2130 491 2548 559 Vastabuntur,
2584 493 2723 564 quia
2751 493 3118 564 prmvaricati
3152 498 3292 548 sunt
3321 492 3381 548 in
3416 509 3511 548 me
3541 511 3556 560 ;
3592 497 3654 547 et
3683 509 3790 565 ego

377 603 400 632 ι
433 585 738 656 Rejecistis
766 581 1110 638 mandatum
1135 581 1256 642 Dei.
1289 587 1355 636 ut
1377 581 1645 636 statuatis
1670 581 2017 637 traditiones
2124 583 2352 639 redemi
2387 600 2489 638 eos
2506 588 2584 647 ,et
2606 583 2714 655 ipsi
2736 583 2914 638 locuti
2940 589 3080 638 sunt
3104 590 3311 638 contra
3331 600 3424 638 me
3449 583 3787 638 mendacia.

371 681 564 728 vestra
588 673 653 726 9°.
679 695 703 720 »
730 672 878 737 Quid
901 672 1058 726 enim
1089 671 1249 726 aliud
1273 677 1362 726 est
1388 672 1636 742 rejicere
1669 671 2016 726 mandatum
2125 676 2195 729 Et
2213 689 2332 728 non
2357 673 2758 728 clamaverunt
2790 673 2863 727 ad
2888 688 2980 726 me
3011 673 3073 728 in
3097 673 3272 728 corde
3304 689 3436 738 suo,
3465 673 3572 729 sed
3596 673 3788 728 ulula-

372 763 494 830 Dei,
521 779 695 832 quam
721 762 944 833 privato
987 761 1231 816 consilio
1254 761 1483 832 judicio
1532 762 1814 832 humano,
1851 763 2016 818 novis
2125 763 2267 818 bant
2297 762 2358 817 in
2387 762 2688 817 cubilibus
2721 763 2864 819 suis.
2926 764 3116 834 Super
3173 762 3437 817 triticum
3489 768 3551 816 et
3580 763 3783 817 vinum

366 854 544 909 rebus
558 853 988 908 constituendis
1014 853 1256 908 liberius
1285 853 1596 908 delectari?
1611 854 1770 909 Unde
1803 853 2016 908 etalibi
2124 853 2527 916 ruminabant,
2564 858 2623 906 et
2649 859 3029 910 recesserunt
3086 869 3119 907 a
3149 869 3264 908 me.
3289 854 3359 906 Et
3389 867 3497 923 ego
3532 851 3782 916 erudivi,

367 944 651 1014 scriptum
675 949 784 997 est:
805 964 832 992 «
849 945 926 998 Ne
944 943 1394 1014 transgrediaris
1415 944 1699 998 terminos
1715 943 2014 1014 antiquos,
2126 948 2185 998 et
2213 941 2534 998 confortavi
2570 941 2811 997 brachia
2840 959 3069 1010 eorum,
3093 947 3152 997 et
3182 942 3242 996 in
3262 958 3356 996 me
3375 941 3789 1012 cogitaverunt

365 1050 514 1105 quos
545 1037 870 1103 posuerunt
900 1038 1098 1104 patres
1132 1033 1214 1086 tui
1248 1033 1312 1086 οι.
1350 1054 1375 1080 ››
1436 1033 1742 1087 Terminos
1775 1032 2014 1087 indubi-
2125 1032 2676 1088 malitiam.Reversi
2703 1037 2932 1099 sunt,ut
2956 1038 3159 1087 essent
3187 1032 3416 1103 absque
3437 1033 3606 1103 jugo.
3639 1032 3784 1086 facti

368 1127 570 1178 tanter
597 1122 1048 1194 transgreditur,
1068 1122 1166 1192 qui
1193 1127 1410 1177 statuta
1450 1128 1682 1193 patrum
1716 1121 2019 1194 postponit
2123 1127 2261 1178 sunt
2291 1121 2457 1191 quasi
2491 1138 2661 1177 arcus
2685 1121 2927 1176 dolosus
2945 1121 2987 1174 ⁸.
3023 1121 3276 1194 Abjiciet
3307 1138 3409 1176 eos
3468 1121 3782 1186 Dominus,

370 1218 550 1283 atque
584 1211 914 1266 confundit.
947 1212 1219 1266 Pervenit
1238 1211 1284 1245 "3
1315 1227 1572 1281 namque
1606 1210 1679 1265 ad
1707 1210 2017 1266 conscien-
2124 1211 2206 1266 ait
2235 1211 2392 1265 idem
2423 1209 2729 1281 propheta.
2786 1211 2925 1280 quia
2983 1227 3104 1266 non
3157 1211 3479 1266 audierunt
3528 1227 3690 1276 eum,
3727 1214 3788 1264 et

375 1301 516 1355 tiam
569 1301 903 1371 apostolica:
962 1301 1140 1365 sedis,
1176 1301 1333 1371 quod
1387 1299 1667 1356 nonnulli
1699 1305 1836 1355 sunt
1895 1306 2014 1354 tam
2123 1306 2298 1356 erunt
2329 1299 2450 1370 vagi
2485 1300 2544 1354 in
2572 1299 2973 1356 nationibus".
3007 1321 3030 1350 ι

371 1389 594 1453 stolidi,
630 1390 730 1460 qni
782 1389 1088 1444 Dominica
1145 1395 1460 1461 praecepta,
1495 1395 1552 1446 et
1589 1390 2013 1461 apostolorum,
2924 1391 2965 1444 Ι.

369 1495 696 1549 eorumque
729 1495 1139 1532 successorum
1172 1484 1390 1532 statuta
1413 1479 1657 1536 minime
1676 1478 2020 1549 observant,
2199 1479 2266 1533 Dc
2296 1478 2365 1533 iis
2395 1481 2493 1548 qui
2517 1481 2820 1534 sacerdotes
2850 1485 3130 1545 accusant,
3164 1479 3248 1533 vel
3268 1488 3713 1548 persequuntur.

366 1575 425 1625 et
457 1586 557 1623 eos
589 1567 660 1623 de
690 1567 908 1637 quibus
964 1569 1247 1623 Dominus
1298 1569 1416 1623 ait:
1479 1592 1504 1616 ‹‹
1531 1569 1638 1632 Qui
1673 1585 1772 1622 vos
1806 1570 2014 1641 tangit,
2195 1570 2273 1625 De
2307 1568 2398 1623 his
2430 1568 2610 1635 enim,
2643 1568 2875 1624 clericis
2907 1575 2964 1623 et
2995 1569 3182 1636 laicis,
3208 1569 3306 1639 qui
3340 1569 3659 1640 episcopos
3695 1569 3789 1622 vel

364 1659 553 1730 tangit
582 1656 871 1728 pupillam
903 1658 1058 1711 oculi
1092 1657 1208 1711 mei
1231 1658 1274 1692 ⁹³
1298 1675 1311 1724 ;
1339 1679 1368 1706 ››
1402 1674 1523 1711 non
1549 1657 1740 1712 solum
1775 1663 2012 1730 tangere
2121 1657 2388 1729 reliquos
2416 1657 2774 1725 sacerdotes,
2797 1664 2919 1712 tam
2949 1657 3024 1713 ad
3046 1658 3330 1729 primates
3354 1675 3562 1712 eorum
3596 1673 3788 1728 quam

367 1745 1030 1810 minimedubitant,sed
1047 1747 1220 1800 etiam
1237 1747 1646 1816 persequinon
1667 1746 2010 1804 formidant.
2121 1747 2194 1801 ad
2229 1747 2490 1817 reliquos
2518 1746 3072 1818 accusantjudices,
3106 1747 3266 1818 prius
3313 1764 3492 1818 quam
3524 1747 3790 1802 auribus

363 1840 434 1894 Et
459 1837 596 1892 licet
627 1853 735 1890 nos
795 1842 1204 1906 persequatur,
1240 1836 1378 1906 quia
1417 1852 1526 1890 nec
1570 1851 1678 1890 nos
1710 1837 1836 1890 sine
1869 1836 2008 1904 illis,
2044 1873 2087 1937 Β
2121 1851 2348 1898 eorum,
2383 1851 2416 1890 a
2447 1835 2662 1906 quibus
2688 1852 2749 1891 se
2783 1835 2955 1890 lassos
2983 1836 3300 1904 aestimant,
3346 1835 3676 1890 inculcent.
3719 1841 3791 1889 ut

368 1943 478 1982 nec
511 1926 641 1980 illos
674 1927 800 1980 sine
857 1924 1028 1979 nobis
1086 1924 1360 1994 persequi
1403 1930 1669 1995 possunt,
1726 1926 2008 1996 quoniam
2044 1923 2086 1937 "
2119 1924 2192 1979 ab
2224 1924 2309 1978 eis
2337 1929 2437 1978 aut
2459 1923 2560 1995 jus
2593 1940 2788 1987 suum,
2820 1930 2924 1980 aut
2961 1925 3188 1996 justam
3249 1926 3532 1997 recipiam
3577 1924 3796 1996 apolo-

364 2015 522 2071 illius
555 2033 758 2070 sumus
817 2014 1110 2085 discipuli,
1143 2014 1242 2084 qui
1305 2014 1536 2068 animas
1566 2031 1671 2084 pro
1729 2014 2010 2069 fratribus
2119 2015 2296 2088 giam,
2329 2015 2470 2069 item
2502 2031 2608 2086 per
2625 2015 2902 2070 eumdem
2933 2016 3015 2070 ait
3046 2015 3328 2072 Dominus
3369 2017 3740 2088 pr0phetam
3777 2033 3793 2069 :

364 2105 882 2176 praacepitponere
897 2103 1169 2169 “;tamen
1194 2103 1278 2157 eis
1301 2102 2011 2174 periculaetperditiones
2124 2124 2148 2156 α
2181 2104 2350 2168 Audi,
2376 2103 2586 2158 domus
2615 2104 2818 2159 Israel.
2849 2110 2906 2159 et
2931 2105 3143 2160 domus
3181 2105 3358 2178 regis,
3390 2105 3696 2173 ausculta,
3729 2113 3793 2161 et

365 2211 569 2249 eorum
604 2210 722 2248 non
738 2210 942 2247 sumus
955 2192 1112 2246 aussi
1128 2192 1342 2257 celare,
1365 2208 1438 2246 ne
1458 2193 1804 2263 prophetica
1829 2193 2008 2264 (quod
2121 2193 2428 2258 attendite,
2456 2192 2814 2261 sacerdotes,
2838 2195 2978 2265 quia
2992 2194 3175 2262 vobis,
3192 2193 3486 2265 judicium
3509 2201 3794 2268 est,quo-

361 2282 536 2354 absit)
571 2282 927 2336 damnemur
959 2281 1274 2348 sententia,
1310 2298 1440 2352 quae
1473 2282 1586 2335 ait:
1626 2300 1656 2333 α
1693 2283 1745 2336 Si
1779 2298 2009 2337 annun-
2120 2282 2281 2336 niam
2314 2280 2564 2350 laqueus
2593 2281 2729 2335 facti
2763 2282 2903 2335 estis
2936 2281 3351 2353 speculationi,
3413 2288 3472 2336 et
3508 2289 3642 2338 rete
3678 2300 3790 2338 ex-

362 2372 598 2426 tiaveris
632 2372 834 2441 iniquo
893 2371 1268 2441 iniquitatem
1327 2387 1518 2438 suam,
1553 2372 1812 2426 animam
1847 2377 2008 2427 tuam
2120 2387 2373 2443 pansum
2407 2386 2586 2441 super
2615 2369 2870 2434 Thabor,
2903 2370 3289 2442 victimasque
3317 2371 3672 2427 declinastis
3720 2373 3788 2428 in

364 2461 649 2516 liberasti:
678 2461 725 2514 si
749 2466 948 2515 autem
974 2476 1093 2514 non
1108 2460 2008 2533 annuntiaverisei,sanguinem
2119 2459 2479 2531 profundum
2507 2475 2520 2512 :
2554 2465 2612 2513 et
2642 2475 2745 2531 ego
2778 2459 3044 2514 eruditor
3074 2462 3340 2516 omnium
3372 2468 3639 2515 vestrum
3675 2463 3723 2517 3.
3754 2485 3781 2511 ι

365 2550 494 2622 ejus
527 2549 597 2604 de
633 2566 811 2604 manu
845 2555 942 2602 tua
972 2549 1274 2619 requiram
1292 2551 1352 2603 ⁸⁵.
1381 2549 1470 2598 »⁸⁸
1496 2552 1594 2604 Est
1622 2551 1798 2604 etiam
1820 2556 1878 2604 et
1898 2551 2009 2604 hoc
2119 2549 2187 2602 Et
2212 2547 2388 2602 alibi:
2423 2569 2449 2596 «
2485 2548 2699 2602 Omnes
2730 2547 2997 2603 calefacti
3049 2550 3190 2604 estis
3238 2550 3406 2620 quasi
3465 2551 3782 2606 clibanus.

364 2639 436 2694 ad
470 2639 621 2693 hanc
657 2642 918 2692 sanctam
954 2637 1154 2692 sedem
1188 2637 1479 2708 perlatum
1512 2638 1689 2708 (quod
1711 2639 1892 2710 pudet
1920 2638 2008 2692 di-
2119 2637 2258 2706 quia
2289 2636 2582 2690 devoratis
2605 2637 2840 2707 judices
2872 2643 3096 2692 vestros
3114 2639 3153 2703 ',
3197 2639 3307 2710 ipsi
3340 2646 3538 2695 autem
3585 2641 3785 2696 decli-

363 2745 519 2793 cere,
554 2733 612 2781 et
640 2743 759 2782 non
791 2727 983 2782 solum
1042 2726 1414 2794 sacerdotali,
1449 2727 1549 2782 sed
1609 2728 1786 2782 etiam
1844 2728 2008 2782 omni
2119 2733 2266 2782 nant
2293 2725 2561 2780 victimas
2595 2726 2826 2780 Domini
2886 2727 2946 2780 in
2981 2728 3338 2798 profundum
3378 2728 3440 2792 1°,
3475 2751 3502 2778 η
3532 2732 3639 2800 qui
3677 2748 3789 2786 eos

364 2817 699 2871 Christiano
732 2816 958 2871 nomini
994 2822 1083 2870 est
1114 2816 1468 2886 inimicum),
1490 2816 1549 2870 id
1573 2817 1835 2887 estquod
1868 2834 2013 2871 non—
2120 2816 2404 2871 devorant
2431 2815 2521 2869 vel
2553 2814 2774 2885 injuste
2807 2815 3072 2871 lacerant
3103 2819 3201 2889 qui
3235 2817 3385 2874 oculi
3422 2819 3659 2874 Domini
3697 2822 3789 2875 di-

363 2905 564 2961 nullos
584 2904 629 2940 9"
663 2906 971 2978 episcopos
1002 2905 1093 2960 vel
1124 2905 1482 2967 sacerdotes,
1515 2912 1615 2961 aut
1646 2913 1809 2962 metu
1840 2923 2008 2961 com-
2047 2910 2074 2920 ”
2119 2905 2498 2960 cuntur.Nam
2531 2903 2576 2956 si
2609 2904 2780 2958 modo
2812 2905 3125 2975 quisquam
3161 2907 3446 2978 principis
3464 2909 3784 2964 saecularis

362 2995 615 3068 pellunt.
649 3001 750 3050 aut
793 2995 844 3048 vi
871 3001 1247 3065 extorquent,
1292 3001 1393 3050 aut
1422 2995 1627 3050 fraude
1687 2997 2007 3068 decipiunt,
2119 2994 2324 3048 oculos
2354 2993 2574 3047 laceret
2602 2999 2704 3047 aut
2732 3000 3054 3060 amoveret,
3107 3003 3263 3051 esset
3317 3013 3456 3051 reus
3496 2999 3783 3053 criminis

364 3085 594 3156 aliquas
625 3084 1014 3138 confessionis
1044 3101 1163 3139 suae
1197 3085 1256 3140 in
1289 3085 1535 3140 alteram
1575 3092 1800 3157 partem
1833 3103 2009 3157 quam
2119 3081 2469 3153 majestatis,
2494 3097 2568 3135 an
2592 3082 2750 3136 non?
2771 3083 3040 3137 Profecto
3071 3090 3174 3138 aut
3203 3086 3374 3139 morti
3408 3085 3782 3153 traderetur,

363 3174 639 3241 debeant,
673 3178 775 3226 aut
807 3189 910 3242 pro
929 3189 1167 3228 suarum
1191 3191 1309 3228 non
1333 3174 1720 3245 requisitione
1742 3175 2008 3243 rerum“,
2044 3232 2080 3247 η
2119 3176 2222 3228 aut
2244 3177 2529 3242 perpetua
2559 3176 2867 3225 notasetur
2897 3172 3164 3227 infamia.
3198 3173 3253 3227 Si
3300 3191 3404 3245 pro
3429 3175 3630 3230 saeculi
3666 3194 3785 3247 po-

359 3269 481 3325 aut,
515 3232 672 3334 quod
724 3232 984 3317 deterius
1043 3268 1154 3324 est,
1206 3281 1310 3334 pro
1363 3232 1539 3318 alieni
1599 3266 1819 3319 erroris
1851 3232 2010 3320 secta
2039 3232 2082 3298 C
2123 3232 2437 3316 testatibus
2469 3261 2609 3316 talia
2639 3260 2712 3316 ab
2758 3261 3100 3319 hominibus
3133 3232 3479 3335 fiunt:quid
3539 3282 3647 3336 pro
3667 3232 3786 3320 ⁵ὶιίε

361 3353 684 3423 scripturas
716 3351 930 3417 facere,
963 3357 1020 3404 et
1076 3351 1330 3423 propriis
1388 3352 1658 3407 manibus
1706 3353 2007 3420 roborare,
2123 3353 2248 3407 ﬁeri
2282 3352 2527 3422 putatis,
2561 3351 2631 3405 de
2683 3351 2898 3421 quibus
2930 3353 3213 3408 Dominus
3270 3355 3397 3408 ait:
3463 3377 3490 3404 ‹‹
3523 3356 3633 3419 Qui
3675 3374 3787 3411 vos

362 3451 422 3501 et
450 3461 649 3500 coram
675 3443 910 3516 populis
955 3445 1205 3499 recitare
1236 3452 1413 3515 atque
1441 3445 1732 3501 confiteri.
1769 3446 2008 3516 Aliquos
2121 3441 2517 3513 tangitJangit
2550 3441 2836 3512 pupillam
2859 3441 3013 3496 oculi
3033 3443 3261 3498 mei“?n
3289 3443 3332 3478 ¹²
3353 3446 3565 3500 Procul
3592 3446 3783 3501 dubio

355 3531 562 3586 dicunt
598 3531 934 3587 carceribus
967 3537 1024 3586 et
1054 3532 1366 3604 ergastulis
1397 3532 1644 3596 recludi,
1677 3539 1742 3587 ut
1797 3533 2007 3588 saltem
2119 3531 2177 3585 bi
2209 3531 2306 3600 qui
2345 3546 2444 3584 eos
2472 3537 2932 3600 persequuntur,
2967 3539 3024 3586 et
3064 3549 3334 3588 amovere
3368 3535 3646 3590 nituntur
3675 3537 3778 3590 in-

358 3621 450 3677 his
483 3621 669 3676 territi
702 3620 952 3688 insidiis,
987 3620 1223 3676 devient
1272 3622 1503 3676 Domini
1562 3622 1917 3688 sacerdotes,
1951 3629 2010 3679 et
2111 3619 2272 3692 juste
2295 3626 2501 3676 contra
2530 3619 2910 3691 apostolicam
2946 3623 3338 3691 actoritatem,
3373 3625 3481 3680 etsi
3513 3642 3545 3680 a
3579 3634 3778 3680 morte

356 3711 480 3765 suis
501 3709 734 3766 faveant
765 3710 1242 3766 voluntatibus”.
1280 3712 1586 3767 ‘Relatum
1635 3712 1881 3784 insuper
1919 3719 2009 3770 est
2116 3709 2487 3781 proibentur,
2560 3709 2792 3763 dicente
2860 3711 3111 3765 Domino
3158 3727 3170 3766 :
3234 3713 3435 3767 «Nolo
3512 3721 3777 3770 mortem

356 3800 429 3855 ad
461 3800 640 3872 hujus
690 3805 908 3856 sanctas
941 3805 1000 3854 et
1028 3801 1366 3872 apostolica;
1399 3802 1557 3856 sedis
1605 3803 1854 3873 apicem,
1911 3804 2004 3858 cui
2116 3801 2468 3873 peccatoris,
2491 3800 2592 3855 sed
2617 3807 2680 3854 ut
2701 3808 3075 3857 convertatur
3095 3810 3154 3857 et
3175 3805 3327 3860 vivat
3353 3804 3452 3870 ¹³;ι›
3481 3815 3779 3879 perpetua

360 3906 729 3945 summarum
765 3889 1187 3960 dispositiones
1239 3907 1573 3957 causarum,
1624 3898 1682 3946 et
1737 3893 2005 3947 omnium
2114 3896 2314 3945 tamen
2347 3895 2632 3944 notantur
2662 3890 2994 3955 infamia,et
3016 3893 3223 3948 exsilio
3243 3893 3776 3966 dignijudicantur

357 3979 594 4050 negotia
625 3978 1022 4033 Ecclesiarum
1055 3979 1127 4033 ab
1159 3979 1286 4050 ipso
1317 3981 1565 4035 Domino
1601 3979 1814 4034 tradita
1843 3987 2002 4049 sunt,
2115 3977 2389 4033 ﬁnitimo.
2427 3979 2502 4032 De
2535 3977 2772 4048 quibus,
2805 3995 2838 4033 a
2869 3981 3236 4050 temporibus
3268 3984 3769 4053 apostolorum,et

357 4066 528 4137 quasi
561 4066 634 4120 ad
667 4072 857 4135 capat.
891 4066 1020 4136 ipso
1049 4066 1284 4121 dicente
1315 4067 1567 4138 principi
1600 4069 2002 4138 apostolorum
2114 4065 2285 4135 infra,
2321 4067 2433 4122 ista
2464 4071 2754 4134 tenemus,
2780 4073 2955 4139 atque
2979 4068 3216 4126 decreta
3239 4071 3527 4128 habemus
3547 4073 3769 4144 quibus

351 4155 548 4208 Petro:
574 4176 598 4200 ‹ι
621 4155 702 4206 Tu
739 4169 798 4207 es
829 4155 1123 4210 Petrus.et
1152 4171 1331 4226 super
1360 4156 1511 4210 hanc
1544 4162 1768 4227 petram
1803 4158 2003 4212 Eccle-
2113 4155 2647 4211 eorumaccusandi
2669 4156 3539 4228 episcopos,veltestiﬁcandiin
3558 4178 3768 4217 eosvo-

353 4241 502 4297 siam
551 4257 744 4296 meam
793 4241 1175 4298 aadiﬁcabo’:
1208 4267 1234 4292 ››
1294 4245 1452 4316 quod
1501 4245 1743 4316 quidam
1801 4249 2001 4304 aemuli
2111 4265 2239 4303 cem
2263 4247 3368 4320 obstruimus,quosnonhumanis,sed
3390 4253 3767 4310 divinisactio

355 4330 592 4398 Christi,
628 4330 876 4402 ejusque
909 4338 1128 4387 sancta:
1160 4333 1433 4388 Ecclesiae
1465 4335 1866 4403 insidiatores,
1904 4355 1998 4394 sa-
2109 4339 2221 4395 bus
2243 4345 2506 4394 mortuos
2524 4355 2653 4394 esse
2676 4341 3001 4396 scimus.De
3023 4343 3238 4413 quibus
3262 4345 3548 4401 Dominus
3576 4346 3766 4418 loqui-

350 4419 622 4476 cerdotes
662 4419 764 4475 Dei
798 4419 870 4474 ad
894 4419 1132 4492 judices
1161 4423 1430 4493 publicos
1467 4441 1746 4480 accusare
1778 4443 1997 4497 prmsu-
2114 4434 2214 4482 tur
2242 4444 2348 4498 per
2369 4429 2642 4483 eumdem
2665 4430 3015 4501 prOphetam
3041 4450 3054 4486 :
3082 4456 3108 4481 «
3128 4432 3500 4490 Calumniam
3526 4438 3761 4508 patiens

350 4514 679 4575 mant,cum
712 4510 897 4582 magis
919 4511 1230 4582 Apostolus
1247 4512 1716 4568 Christianorum
1750 4531 1956 4570 causas
1977 4516 1998 4550 ³
2110 4517 2410 4588 Ephraim,
2444 4517 2666 4573 fractus
2695 4525 2785 4574 est
2809 4519 3056 4590 judicio,
3091 4523 3364 4593 quoniam
3389 4525 3568 4596 coepit
3598 4526 3763 4582 abire

349 4597 742 4686 adEcclesias
769 4598 1072 4661 deferri,et
1094 4600 1312 4655 ibidem
1336 4602 2001 4675 terminaripraecipiat‘.
2035 4608 2082 4672 D
2113 4611 2247 4678 post
2274 4605 2530 4662 sordem.
2554 4608 2620 4661 Et
2652 4623 2756 4678 ego
2790 4610 2955 4679 quasi
2983 4610 3143 4665 tinea
3164 4612 3464 4683 Ephraim.
3503 4622 3565 4669 et
3595 4617 3764 4686 quasi

351 4684 572 4740 Taliter
619 4687 1054 4757 praevaricates;
1107 4690 1475 4760 przevaricati
1533 4697 1670 4746 sunt
1700 4692 1759 4746 in
1819 4693 2002 4748 Deum
2115 4694 2365 4768 putredo
2395 4695 2598 4750 domui
2629 4697 2795 4752 Juda.
2829 4699 2899 4752 Et
2926 4698 3071 4753 vidit
3101 4700 3376 4772 Ephraim
3411 4684 3758 4776 languorem

356 4790 553 4865 suum,
596 4781 653 4828 et
682 4792 799 4830 non
833 4777 1116 4832 obediunt
1145 4781 1454 4852 praeceptis
1498 4781 1645 4851 ejus.
1685 4783 1760 4837 De
1789 4783 2004 4852 quibus
2114 4799 2309 4850 suum,
2343 4789 2402 4838 et
2429 4783 2605 4840 Judas
2636 4785 2932 4841 vinculum
2965 4804 3158 4842 suum.
3193 4790 3262 4844 Et
3290 4791 3436 4845 abiit
3479 4793 3754 4865 Ephraim

351 4863 640 4954 Dominus
671 4880 776 4935 per
823 4866 1171 4936 prophetam
1217 4869 1361 4923 Osee
1411 4869 1694 4941 loquitur,
1755 4872 1998 4926 dicens:
2112 4873 2188 4929 ad
2218 4876 2420 4940 Assur,
2457 4879 2514 4928 et
2552 4875 2712 4930 misit
2743 4876 2815 4930 ad
2845 4893 3043 4949 regem
3074 4878 3363 4948 ultorem;
3397 4863 3607 4954 etipse
3643 4902 3754 4940 non

353 4975 380 5002 ‹‹
419 4952 595 5016 Quasi
630 4969 817 5008 vaccas
847 4954 1217 5011 lascivientes
1266 4957 1730 5028 declinaverunt,
1765 4967 1824 5015 et
1855 4960 1996 5016 dile-
2110 4962 2325 5034 poterit
2357 4979 2568 5018 sanare
2602 4981 2836 5028 vos,nec
2874 4965 3096 5022 solvere
3124 4969 3341 5040 poterit
3371 4986 3404 5025 a
3435 4952 3602 5028 vobis
3635 4977 3754 5030 vin-

355 5047 572 5098 xerunt
615 5043 824 5099 aﬂ'erre
858 5044 1244 5115 ignominiam
1287 5048 1718 5118 protectoribus
1751 5051 1873 5106 suis
1895 5050 1934 5105 '.
1971 5072 1997 5098 ››
2110 5051 2310 5107 culum
2343 5051 2443 5106 ¹⁴.››
2475 5052 2582 5118 Qui
2615 5054 2773 5108 enim
2807 5055 3094 5128 sacrilega
3147 5068 3597 5130 persequuntur
3629 5081 3754 5134 per-

355 5131 424 5186 Et
447 5131 639 5188 idem:
678 5157 696 5180 ι
736 5135 831 5188 νω
863 5135 969 5202 eis,
1031 5140 1314 5206 quoniam
1376 5145 1752 5194 recesserunt
1792 5156 1826 5195 a
1884 5155 1996 5195 me.
2109 5141 2387 5196 suasione
2421 5147 2478 5196 et
2507 5141 2700 5199 lacere
2731 5144 3005 5200 nituntur
3035 5146 3366 5220 episcopos,
3400 5150 3491 5206 vel
3523 5131 3750 5224 eos—qui

2047 2910 2074 2920 ιο

417 5381 794 5464 °°_biarc._vn_:
828 5389 880 5440 9.
985 5387 1027 5421 ⁹¹
1065 5393 1221 5464 Prov.
1255 5405 1392 5453 xxu,
1425 5390 1514 5464 28.
1619 5391 1665 5464 ’ξ
1697 5391 1996 5448 Perlatum

2241 5393 2285 5428 ⁸³
2314 5393 2483 5464 Ζίειεῐι.
2547 5411 2603 5464 ιι,
2637 5396 2688 5448 8.
2793 5395 2838 5430 "
2871 5396 2892 5450 I
2937 5397 3102 5464 Joan,
3165 5415 3247 5463 ιιι,
3280 5402 3361 5454 16.
3468 5400 3517 5434 ⁸⁵
3549 5405 3740 5458 Ezecb.

349 5457 546 5543 311,}8.
649 5455 705 5543 9⁸,
735 5460 815 5522 15,
865 5467 1084 5543 quast.
1147 5463 1224 5543 6:
1285 5462 1734 5543 quaadoquidem
1764 5464 2217 5543 {sacerdotibus
2286 5463 2363 5543 _’7
2392 5455 2666 5543 nonnulli.
2773 5455 3154 5543 f‘_caAusaruin.
3233 5455 3303 5506 ’⁸⁸
3351 5455 3739 5543 voluptatibus

349 5526 372 5608 ξ
405 5527 490 5608 ιι,
525 5526 1102 5608 quwst.‘l:_ﬂ_ela_tupi
1135 5540 1232 5586 est.
1292 5526 1311 5532 ’
1336 5533 1358 5567 ε
1389 5526 1592 5608 Matth.
1617 5551 1727 5603 xvi,
1768 5536 1854 5590 18.

2164 5536 2222 5589 il.
2278 5536 2471 5592 Carth.
2504 5554 2586 5605 ιιι,
2617 5541 2670 5591 9.
2778 5540 2798 5571 δ
2827 5540 2850 5592 Ι
2886 5539 3016 5594 Cor.
3076 5557 3148 5608 vr,
3181 5544 3232 5595 6.
3336 5543 3358 5577 ⁵
3387 5526 3737 5604 Dserivlvld.

347 5592 372 5626 ⁸
397 5592 660 5681 ΫΟεθςνιι,
697 5602 899 5681 1-9-16..
980 5603 1000 5636 ⁷
1032 5604 1159 5681 _Gse.
1219 5620 1291 5670 ix,
1329 5608 1448 5681 17._
1512 5592 1727 5681 ’.Θεοί
1755 5623 1807 5674 v,
1845 5609 1893 5670 1,
1927 5623 1928 5628 ‘

2154 5608 2264 5664 )se.
2326 5625 2421 5677 vu,
2449 5611 2500 5663 ‘7.
2531 5592 2536 5593 ί
2574 5592 2650 5643 ’¹⁰
2679 5609 2810 5666 Ose.
2871 5592 3014 5681 vi,
3088 5592 3149 5648 li
3182 5592 3352 5672 iach.
3394 5592 3519 5671 H8:

353 5671 562 5736 qua-m-
595 5669 665 5720 4⁵
701 5671 773 5725 Hi
801 5673 924 5739 ςιαίε
954 5676 1224 5744 φίοοροε.
1276 5669 1280 5670 ν
1332 5675 1377 5711 ¹⁴
1409 5677 1615 5734 Ezech.
1649 5669 1804 5749 mn,
1835 5669 1924 5736 23.
2004 5679 2048 5716 ιδ
2075 5678 2208 5736 Ose.
2238 5695 2274 5732 ν
2300 5669 2419 5737 u,’
2782 5698 2788 5700 -
2911 5669 2924 5681 '
3270 5669 3278 5670 ί
3316 5669 3351 5672 "
3399 5669 3433 5670 η
3477 5669 3518 5671 "
