4026 6214
183 328 333 388 1069

1678 324 2083 389 EPISTOLAE

3430 334 3587 394 1070

184 464 478 535 patienter
506 460 687 516 fuerit
716 464 1077 532 supportata.
1116 461 1278 516 Unde
1309 460 1436 531 ipsa
1466 460 1692 516 Veritas
1721 477 1828 531 per
1857 482 1905 543 Α
1940 466 2138 515 autem
2162 476 2233 515 ex
2252 463 2443 515 vestro
2464 458 2714 531 collegio
2736 459 2933 527 fuerit,
2956 465 3016 514 et
3039 462 3111 516 ab
3134 465 3349 521 auxilio
3391 472 3583 523 vestro

185 570 245 607 se
276 553 462 608 dixit:
497 572 522 599 ‹‹
563 550 715 605 Beati
750 551 847 619 qui
884 551 1358 619 persecutionem
1384 550 1690 620 patiuntur
1705 567 1833 619 pro-

189 640 622 713 pterjustitiam
646 640 727 704 89;
758 664 777 689 ι
817 645 875 693 et
904 640 1044 694 alibi
1073 656 1085 693 :
1120 661 1146 688 (ε
1181 640 1337 694 Beati
1372 639 1534 694 eritis
1565 655 1700 693 cum
1732 654 1833 692 vos

188 732 418 787 oderint
451 732 742 795 homines,
775 736 832 785 et
852 731 1145 801 persecuti
1172 746 1272 785 vos
1300 731 1541 797 fuerint,
1567 736 1624 784 et
1650 729 1833 799 ejece-

189 823 306 877 rint
334 838 555 877 nomen
586 826 847 875 vestrum
881 826 1163 891 tanquam
1196 820 1438 875 malum.
1482 819 1739 874 Gaudete
1772 819 1833 872 in

186 912 288 967 illa
316 910 430 977 die,
465 916 524 964 et
553 909 866 974 exsultate,
893 909 1175 979 quoniam
1201 926 1429 964 merces
1444 915 1636 963 vestra
1649 907 1835 964 multa

189 1007 277 1055 est
302 1001 363 1055 in
395 1000 541 1055 caelo
572 999 639 1055 9°.
687 1024 712 1048 ››

258 1092 398 1145 Data
430 1105 487 1143 ix
521 1088 763 1143 Kalend.
798 1090 1062 1160 Augusti.
1097 1090 1346 1159 Trajano
1387 1095 1445 1143 et
1473 1091 1516 1125 υ
1542 1088 1763 1143 Αειὶδιιο
1783 1087 1831 1127 9³

188 1180 322 1233 viris
353 1178 695 1233 clarissimis
726 1178 1071 1232 consulibus
1100 1176 1147 1212 '3
1182 1178 1317 1249 (13).

769 1303 1105 1358 EPISTOLA
1148 1304 1217 1357 Il.

405 1412 481 1465 De
506 1412 681 1465 causis
712 1416 761 1465 et
790 1411 1203 1479 gravaminibus
1234 1408 1600 1463 sacerdotum.

255 1519 666 1575 Dilectissimis
688 1519 971 1574 fratribus
998 1520 1277 1574 omnibus
1293 1518 1716 1589 epiSCOpis,per
1738 1516 1795 1570 di
1812 1547 1828 1557 η

184 1626 380 1665 versas
410 1609 749 1664 constitutis
780 1610 1071 1680 regiones,
1106 1608 1437 1664 Alexander
1462 1609 1793 1678 episcopus.

250 1700 297 1734 9⁵
330 1700 507 1769 Nulli,
550 1700 781 1769 fratres,
817 1700 1065 1756 dubium
1098 1705 1188 1754 est
1235 1700 1374 1769 quia
1421 1698 1559 1752 boni
1593 1715 1626 1753 a
1657 1697 1830 1751 malis

182 1808 420 1862 semper
462 1790 937 1861 persecutionem
982 1790 1290 1861 patiuntur
1342 1794 1399 1843 et
1446 1787 1827 1842 tribulantur.

190 1885 437 1951 Propter
458 1878 616 1950 quod
644 1879 1031 1934 humiliemur
1050 1879 1095 1913 π
1114 1879 1221 1934 sub
1254 1878 1479 1948 potenti
1507 1893 1689 1931 manu
1706 1876 1830 1941 Dei,

194 1976 256 2025 ut
286 1970 497 2024 liberet
527 1985 636 2023 nos
666 1969 728 2022 in
763 1976 1025 2039 tempore
1056 1967 1477 2023 tribulationis.
1513 1967 1657 2021 Nam
1688 1965 1838 2019 sicut

185 2058 281 2113 leo
307 2058 544 2127 rugiens
573 2056 784 2111 circuit
812 2073 1082 2126 quaerens
1110 2073 1285 2127 quem
1309 2055 1567 2119 devoret,
1603 2054 1685 2107 sic
1718 2053 1816 2107 dia

184 2148 359 2202 holus
380 2146 424 2180 9“
444 2163 564 2202 non
586 2152 779 2201 cessat
798 2146 1135 2211 circuire,et
1154 2162 1422 2215 quaerere
1447 2160 1595 2215 quos
1620 2159 1687 2195 ex
1704 2141 1839 2195 fide-

182 2236 341 2290 libus
371 2235 598 2306 perdat,
638 2242 693 2289 et
726 2235 982 2289 maxime
1016 2234 1167 2303 illos,
1198 2251 1346 2304 quos
1370 2232 1742 2288 ardentiores
1775 2230 1835 2283 in

188 2322 425 2378 servitio
458 2322 799 2389 Salvatoris,
833 2322 1004 2392 eique
1032 2322 1450 2377 familiariores
1502 2319 1792 2374 invenerit
1820 2332 1833 2371 :

187 2412 608 2468 familiariores
639 2412 768 2466 dico
795 2430 914 2479 eos,
940 2429 1089 2482 quos
1110 2411 1221 2466 sibi
1243 2409 1483 2475 sacrari,
1531 2414 1588 2464 et
1642 2410 1701 2462 in
1750 2424 1837 2462 or-

190 2502 331 2556 dine
362 2501 724 2572 apostolatus
751 2502 1033 2556 constitui
1055 2501 1236 2557 voluit
1255 2499 1318 2553 97.
1349 2522 1376 2549 «
1412 2499 1525 2569 Ipsi
1551 2499 1708 2552 enim
1732 2513 1835 2568 pro

186 2592 407 2663 populo
440 2590 846 2662 interpellant,
881 2598 937 2645 et
965 2591 1167 2663 populi
1210 2594 1451 2662 peccata
1497 2587 1837 2653 comedunt,

192 2682 333 2752 quia
363 2680 637 2751 precibus
664 2682 786 2735 suis
818 2685 875 2735 et
899 2680 1299 2735 oblationibus
1332 2695 1402 2735 ea
1431 2678 1633 2732 delent
1663 2682 1837 2748 atque

190 2776 554 2827 consumunt
584 2769 646 2823 93.
681 2792 710 2819 »
734 2770 841 2834 Qui
865 2775 1086 2839 quanto
1109 2769 1407 2839 digniores
1428 2767 1837 2833 fuerint,tanto

188 2859 427 2914 facilius
458 2875 564 2929 pro
609 2859 1080 2914 necessitatibus.
1137 2876 1241 2930 pro
1291 2858 1506 2928 quibus
1556 2856 1835 2921 clamant,

190 2949 613 3005 exaudiuntur.
642 2949 935 3003 «Multum
960 2949 1142 3012 enim,
1168 2953 1231 3002 ut
1256 2948 1339 3002 ait
1364 2947 1570 3001 beatus
1589 2944 1837 2999 Jacobus

183 3040 510 3111 apostolus,
542 3039 695 3094 valet
725 3039 1062 3110 deprecatio
1086 3039 1236 3109 justi
1287 3037 1525 3094 assidua
1555 3038 1616 3089 9°.
1657 3058 1675 3082 ιι
1730 3034 1835 3099 Qui

184 3130 347 3185 enim
390 3146 488 3184 vos
546 3130 945 3200 persequitur.
1007 3129 1224 3200 ipsum,
1275 3128 1445 3199 cujus
1493 3126 1785 3199 legatione
1817 3123 1834 3156 ί

1939 566 2000 603 se
2032 549 2409 611 subtraxerit,
2445 549 2628 619 magis
2658 548 3067 605 schismaticus
3100 569 3277 621 quam
3308 558 3583 613 sacerdos

1942 652 2068 691 esse
2096 636 2461 706 probabitur.
2519 659 2546 685 «
2580 639 2747 704 Ecce,
2798 639 2994 708 inquit
3040 642 3353 712 Propheta,
3404 662 3582 715 quam

1939 725 2163 780 bonum
2193 732 2250 780 et
2306 742 2484 795 quam
2533 727 2890 796 jucundum,
2951 728 3217 785 habitare
3251 731 3461 788 fratres
3521 736 3582 789 in

1936 831 2125 868 unum
2158 815 2197 867 ‘.
2234 836 2261 863 ››
2295 814 2386 867 llli
2422 832 2554 869 vero
2586 816 2647 868 in
2678 833 2864 870 unum
2897 834 3016 871 non
3042 819 3437 892 habitant,qui
3466 822 3579 877 fra-

1937 907 2094 957 trum
2123 903 2330 957 solatio
2352 920 2412 957 se
2444 903 2825 967 subtrahunt,
2854 910 2975 971 aut,
3002 909 3158 976 quod
3185 908 3445 965 deterius
3472 916 3580 979 est,

1936 992 2215 1046 fratribus
2248 990 2493 1046 insidias
2523 1000 2875 1063 praeparant,
2909 1001 3011 1049 aut
3052 996 3291 1066 laqueos
3330 1005 3579 1070 ponunt.

1936 1082 2017 1136 De
2041 1082 2132 1135 his
2148 1081 2308 1135 enim
2325 1086 2384 1135 et
2399 1098 2604 1135 eorum
2622 1082 2916 1137 similibus
2941 1086 3224 1141 Dominus
3250 1105 3356 1158 per
3371 1090 3582 1144 Oseam

1936 1171 2285 1242 prophetam
2318 1170 2601 1240 loquitur,
2637 1170 2840 1225 dicens
2867 1187 2880 1225 :
2906 1193 2933 1221 ‹‹
2967 1175 3214 1244 Propter
3238 1176 3347 1230 hoc
3365 1176 3584 1249 lugebit

1937 1263 2115 1322 terra,
2146 1262 2202 1311 et
2236 1256 2636 1311 intirmabitur
2666 1258 2862 1311 omnis
2893 1260 2994 1328 qui
3027 1259 3253 1315 habitat
3282 1262 3344 1315 in
3385 1279 3475 1329 ea,
3521 1264 3583 1320 in

1935 1345 2126 1401 bestia
2154 1346 2297 1417 agri,
2333 1351 2390 1401 et
2418 1346 2480 1400 in
2511 1346 2746 1401 volucre
2778 1347 2908 1402 cceli
2933 1389 2947 1414 ,
2981 1350 3085 1403 sed
3105 1355 3163 1403 et
3192 1351 3383 1420 pisces
3402 1354 3585 1408 maris

1937 1434 2471 1507 congregabuntur.
2524 1436 2943 1491 Verumtamen
3007 1440 3417 1510 unusquisque
3464 1459 3585 1497 non

1927 1523 2178 1595 judicet,
2212 1529 2268 1577 et
2300 1540 2418 1577 non
2451 1529 2731 1593 arguatur
2760 1525 2881 1590 vir;
2928 1527 3183 1596 populus
3234 1529 3394 1583 enim
3426 1535 3582 1599 tuus,

1937 1612 2091 1666 sicut
2118 1612 2178 1665 hi
2209 1612 2309 1681 qui
2343 1612 2760 1668 contradicunt
2792 1616 3106 1669 sacerdoti.
3130 1618 3197 1671 Et
3222 1635 3463 1673 corrues
3486 1620 3589 1675 ho-

1936 1700 2050 1765 die,
2086 1705 2144 1753 et
2173 1706 2409 1755 corruet
2438 1701 2615 1756 etiam
2650 1704 2938 1773 propheta
2980 1709 3191 1759 tecum.
3245 1708 3422 1762 Nocte
3470 1708 3585 1763 feci

1941 1794 2135 1844 tacele
2168 1795 2418 1845 matrem
2450 1796 2632 1845 tuam.
2666 1792 2961 1847 Conticuit
2989 1794 3242 1864 populus
3290 1812 3478 1861 meus,
3514 1813 3582 1852 eo

1940 1878 2099 1947 quod
2129 1895 2248 1933 non
2266 1879 2471 1933 habuit
2491 1880 2976 1945 scientiam.Quia
3000 1888 3057 1937 tu
3080 1882 3387 1939 scientiam
3406 1902 3585 1956 repu-

1939 1966 2081 2035 listi,
2114 1968 2402 2037 repellam
2436 1972 2511 2036 te,
2545 1986 2618 2023 ne
2652 1970 2981 2025 sacerdotio
3022 1972 3285 2043 fungaris
3316 1975 3482 2028 mihi.
3516 1977 3586 2029 Et

1939 2055 2124 2111 oblita
2154 2073 2217 2112 es
2246 2057 2389 2128 legis
2420 2057 2525 2113 Dei
2554 2059 2663 2124 tui,
2694 2059 3007 2115 obliviscar
3037 2060 3297 2116 ﬁliorum
3344 2068 3584 2119 tuorum

1942 2151 1999 2201 et
2029 2162 2153 2217 ego.
2188 2146 2522 2201 Secundum
2553 2148 2998 2205 multitudinem
3040 2167 3244 2206 eorum
3276 2153 3360 2207 sic
3381 2169 3587 2223 pecca-

1940 2241 2151 2290 verunt
2181 2236 2349 2291 mihi.
2384 2236 2637 2291 Gloriam
2672 2253 2878 2293 eorum
2904 2239 2975 2294 ad
3002 2240 3391 2311 ignominiam
3422 2259 3586 2297 com-

1941 2325 2205 2379 mutabo.
2240 2327 2487 2380 Peccata
2517 2326 2719 2397 populi
2752 2328 2868 2382 mei
2913 2329 3248 2400 comedent,
3281 2336 3341 2385 et
3368 2331 3441 2386 ad
3471 2333 3587 2386 ini-

1942 2414 2231 2483 quitatem
2263 2432 2470 2470 eorum
2511 2415 2904 2471 sublevabunt
2955 2419 3186 2473 animas
3236 2435 3463 2477 eorum.
3520 2422 3588 2476 Et

1946 2502 2076 2568 erit,
2111 2503 2263 2557 sicut
2291 2504 2564 2574 populus,
2595 2521 2678 2558 Sic
2711 2504 3005 2559 sacerdos.
3038 2508 3107 2559 Et
3136 2507 3382 2561 visitabo
3411 2522 3588 2578 super

1942 2608 2077 2647 eum
2110 2591 2229 2646 vias
2260 2591 2410 2661 ejus,
2445 2598 2502 2646 et
2527 2593 2911 2664 cogitationes
2944 2595 3072 2665 ejns
3103 2595 3346 2650 reddam
3396 2596 3469 2649 ei.
3520 2598 3589 2650 Et

1943 2682 2274 2748 comedent,
2309 2690 2367 2737 et
2397 2700 2517 2737 non
2549 2684 2972 2739 saturahuntur
2998 2702 3014 2751 ;
3044 2685 3320 2741 fornicati
3345 2691 3504 2751 sunt,
3529 2692 3590 2740 et

1941 2787 2063 2825 non
2093 2772 2779 2842 cessaverunt,quoniam
2807 2774 3122 2829 Dominum
3144 2774 3590 2846 dereliquerunt

1943 2859 2004 2913 in
2040 2876 2160 2915 non
2217 2860 2606 2916 custodiendo
2644 2860 2687 2913 ⁵.
2724 2884 2752 2911 ››
2802 2863 2937 2918 Haac
2985 2870 3204 2929 cavete,
3253 2864 3485 2929 fratres,
3532 2870 3590 2918 et

1942 2948 2100 3004 bona
2129 2966 2364 3021 semper
2392 2966 2564 3022 agere
2595 2951 2906 3007 festinate:
2933 2974 2961 3003 ς(
2984 2954 3132 3017 Quia
3156 2953 3217 3008 in
3238 2953 3353 3008 hoc
3371 2969 3590 3024 cogno-

1944 3043 2111 3094 scent
2139 3055 2366 3105 omnes,
2401 3039 2547 3093 dicit
2584 3041 2890 3107 Dominus,
2945 3042 3228 3111 quoniam
3283 3043 3401 3098 mei
3449 3043 3590 3099 estis

1944 3127 2243 3198 discipuli,
2279 3129 2325 3183 si
2358 3128 2738 3184 dilectionem
2766 3130 3092 3184 habueritis
3114 3131 3188 3185 ad
3211 3131 3465 3188 invicem
3484 3135 3525 3186 ⁸.
3559 3154 3589 3183 ››

182 3219 527 3291 fungimini,
560 3219 975 3289 persequitur;
1009 3219 1149 3290 quia
1180 3219 1332 3274 sicut
1362 3218 1488 3288 ipse
1520 3215 1701 3271 Filius
1728 3212 1829 3268 Dei
1873 3200 1914 3263 C
1939 3218 1957 3250 ⁷
1992 3218 2218 3271 Βοιιιιιιι
2252 3233 2513 3287 namque
2545 3224 2635 3272 est
2662 3218 2867 3290 procul
2898 3220 3078 3274 dubio
3112 3227 3169 3275 et
3208 3221 3487 3277 omnibus
3520 3223 3589 3275 ti-

185 3309 482 3365 mediator
507 3308 620 3362 fuit
644 3307 745 3362 Dei
780 3314 838 3363 et
867 3307 1196 3373 hominum,
1232 3307 1313 3361 ita
1342 3312 1401 3362 et
1432 3322 1529 3360 vos
1552 3303 1679 3375 ejus
1710 3304 1830 3358 vice

181 3399 250 3452 in
282 3396 546 3452 Ecclesia.
579 3396 721 3451 estis
752 3396 1079 3457 constituti,
1111 3401 1179 3451 ut
1215 3396 1372 3451 inter
1403 3396 1585 3449 Deum
1632 3398 1691 3448 et
1721 3392 1832 3447 ho-

181 3487 378 3542 mines
408 3484 696 3556 legatione
730 3485 1080 3557 fungamini.
1115 3485 1134 3518 ³
1167 3484 1223 3537 Si
1256 3482 1389 3554 quis
1421 3487 1620 3537 autem
1679 3480 1838 3551 lega-

181 3577 409 3630 tionem
441 3580 695 3628 vestram
729 3574 998 3644 impedit,
1024 3590 1144 3628 non
1172 3573 1368 3640 unius,
1397 3570 1498 3625 sed
1514 3569 1836 3624 multorum

182 3666 519 3736 profectum
544 3662 771 3718 avertit.
802 3664 870 3716 Et
891 3663 1044 3716 sicut
1066 3661 1270 3717 multis
1294 3665 1488 3722 nocet,
1516 3659 1597 3712 ita
1628 3674 1661 3712 a
1684 3655 1838 3711 mul-

185 3754 264 3808 tis
295 3750 633 3825 arguendus
667 3758 774 3819 est,
810 3757 867 3805 et
896 3752 1187 3807 bonorum
1215 3750 1493 3804 societate
1525 3746 1836 3801 arcendus.

189 3844 262 3897 Et
293 3843 434 3911 quia
466 3842 565 3895 Dei
601 3858 839 3896 causam
874 3842 1141 3912 impedit,
1176 3844 1232 3894 et
1263 3844 1481 3893 statum
1529 3835 1843 3891 conturbat

189 3930 495 3995 Ecclesia),
530 3930 781 3999 ideoque
813 3930 884 3984 ab
914 3931 1043 4001 ejus
1072 3928 1379 3983 liminibus
1419 3931 1706 3980 arceatur.
1756 3923 1842 3977 Ab

189 4019 476 4074 omnibus
500 4035 733 4091 quoque
754 4018 887 4073 talis
920 4023 1008 4073 est
1029 4017 1339 4081 cavendus,
1368 4020 1426 4071 et
1454 4031 1576 4069 non
1598 4014 1659 4068 in
1683 4029 1841 4069 com-

186 4107 544 4164 munionem
577 4106 844 4162 ﬁdelium
875 4123 1064 4177 usque
1096 4106 1170 4162 ad
1200 4104 1664 4161 satisfactionem
1696 4101 1843 4155 reci-

190 4196 475 4271 piendus.
508 4197 610 4251 Est
638 4196 799 4252 enim
832 4200 1118 4251 statutum
1149 4195 1315 4263 olim,
1360 4200 1427 4249 ut
1470 4194 1571 4265 qui
1627 4197 1845 4247 statum

195 4285 520 4341 conturbat
538 4285 828 4353 Ecclesiaa,
851 4285 924 4341 ab
947 4286 996 4358 ej
1007 4302 1074 4339 us
1098 4284 1406 4339 liminibus
1419 4287 1719 4347 arceatur;
1739 4297 1847 4335 nec

199 4392 343 4431 cum
366 4374 641 4430 ﬁdelibus
668 4375 1085 4442 communicet,
1100 4374 1420 4445 quieorum
1447 4373 1602 4427 bona
1618 4369 1845 4426 avertit.

200 4466 319 4520 Vos
351 4480 487 4535 ergo
521 4464 568 4518 si
602 4464 982 4519 dilectionem
1014 4463 1337 4519 habueritis
1368 4462 1443 4517 ad
1486 4460 1759 4525 invicem,
1792 4464 1849 4513 et

1941 3307 2240 3361 mentibus
2261 3308 2446 3362 Deum
2466 3306 3161 3373 desiderabile,cohibere
3183 3310 3587 3366 dissensiones

1941 3401 2000 3451 et
2027 3394 2878 3466 altercationes,fratrihusque
2906 3397 3239 3461 subvenire,
3263 3404 3319 3451 et
3341 3399 3593 3454 invicem

1943 3500 2065 3538 non
2096 3481 2380 3545 invidere,
2406 3484 2507 3538 sed
2526 3484 2827 3554 adjuvare.
2856 3487 2971 3539 Nos
3000 3502 3157 3556 ergo,
3194 3485 3295 3555 qui
3316 3486 3593 3558 discipuli

1945 3570 2177 3627 Domini
2210 3578 2267 3625 et
2297 3571 2411 3626 dici
2445 3577 2505 3625 et
2558 3588 2685 3625 esse
2735 3573 3022 3643 cupimus,
3075 3579 3310 3643 portare
3354 3592 3592 3633 crucem

1944 3660 2161 3715 Christi
2192 3666 2249 3714 et
2278 3661 2532 3730 compati
2564 3659 2843 3715 fratribus
2866 3661 3169 3728 debemus,
3198 3667 3389 3718 etnon
3410 3681 3592 3733 quas-

1944 3764 2177 3817 cunque
2207 3748 2291 3801 eis
2323 3747 2570 3802 insidias
2602 3753 2703 3803 aut
2730 3748 2925 3803 foveas
2952 3766 3305 3820 prarparare,
3332 3753 3469 3821 quia
3503 3760 3590 3808 ta-

1946 3838 2168 3893 lionem
2210 3842 2491 3906 meretur,
2540 3837 2643 3907 qui
2695 3838 2976 3892 fratribus
3017 3838 3246 3894 foveam
3278 3849 3589 3912 praeparat.

1948 3949 1976 3977 «
2000 3927 2187 3982 Nolite
2218 3942 2438 3992 errare,
2464 3926 2696 3989 fratres,
2722 3927 2861 3997 quia
2892 3929 3043 3982 Deus
3065 3945 3185 3983 non
3204 3930 3541 3987 irridetur“.
3560 3954 3589 3982 ι)

1950 4015 2135 4087 Hujus
2165 4015 2247 4069 rei
2276 4016 2465 4085 gratia
2494 4015 2778 4071 Dominus
2822 4016 2984 4072 vobis
3036 4018 3339 4073 commisit
3381 4021 3590 4076 Eccle-

1950 4106 2102 4161 siam
2132 4121 2323 4173 suam,
2356 4111 2422 4159 ut
2449 4122 2555 4176 pro
2587 4106 2868 4161 omnibus
2898 4106 3201 4175 laboretis,
3260 4114 3318 4163 et
3363 4112 3593 4167 cunctis

1952 4194 2249 4267 oppressis
2280 4210 2453 4265 opem
2481 4194 2632 4249 ferre
2666 4212 2781 4249 non
2816 4195 3146 4268 negligatis.
3182 4197 3346 4253 Unde
3378 4204 3435 4253 et
3481 4201 3593 4255 Do-

1952 4285 2150 4340 minus
2176 4301 2283 4355 per
2303 4285 2652 4356 prophetam
2675 4284 2958 4355 loquitur,
2975 4286 3179 4342 dicens
3210 4304 3222 4341 :
3248 4309 3276 4337 ‹‹
3300 4289 3434 4344 Haec
3453 4289 3599 4346 dicit

1955 4374 2277 4429 Dominus:
2311 4373 2577 4429 Judicate
2608 4391 2784 4429 mane
2823 4374 3143 4446 judicium,
3196 4383 3256 4432 et
3303 4377 3491 4432 eruite
3537 4380 3595 4435 vi

1953 4479 2303 4535 oppressum
2335 4463 2407 4517 de
2438 4479 2622 4518 manu
2674 4463 3111 4530 calumniantis,
3145 4481 3218 4519 ne
3249 4465 3401 4520 forte
3432 4482 3595 4538 egre-

194 4555 520 4609 unanimes
549 4553 800 4622 fueritis,
836 4554 1001 4610 facile
1037 4554 1180 4609 tales
1231 4568 1507 4625 superare
1556 4550 1844 4623 poteritis.
1879 4574 1925 4638 D
1956 4555 2154 4610 diatur
2184 4554 2352 4625 quasi
2385 4554 2536 4622 ignis
2566 4553 2895 4625 indignatio
2920 4571 3071 4621 mea,
3104 4554 3595 4625 etsuccendatur,

190 4644 216 4678 ³
250 4646 308 4698 Si
345 4661 502 4712 vero,
536 4644 693 4714 quod
725 4644 914 4698 absitl
948 4644 1250 4700 discordes
1268 4642 1523 4707 fueritis,
1555 4647 1611 4695 et
1632 4640 1847 4694 canino
1965 4647 2023 4696 et
2052 4658 2171 4695 non
2217 4640 2293 4694 sit
2342 4640 2443 4709 qui
2492 4640 2827 4712 exstinguat
2854 4640 2896 4694 9.
2934 4663 2961 4690 ››
3014 4641 3126 4695 Vos
3174 4657 3331 4712 ergo,
3383 4643 3485 4712 qui
3534 4644 3599 4698 in

196 4733 383 4788 dente
416 4748 517 4786 vos
549 4732 833 4787 derodere
865 4732 1178 4804 cis-peritis,
1210 4748 1331 4786 non
1361 4731 1555 4785 solum
1605 4745 1706 4783 eos
1735 4743 1855 4782 non
1967 4746 2202 4785 summa
2231 4727 2470 4799 specula
2499 4744 2533 4783 a
2565 4729 2811 4782 Domino
2852 4727 3157 4782 constituti
3208 4727 3368 4795 estis,
3418 4735 3613 4785 atten-

196 4820 587 4892 superabitis,
617 4822 720 4877 sed
747 4827 805 4875 et
836 4821 997 4876 vobis
1026 4821 1174 4892 ipsis
1205 4819 1518 4888 nocebitis,
1578 4822 1755 4889 atque
1785 4816 1856 4871 ab
1971 4820 2108 4874 dere
2139 4834 2238 4873 eos
2260 4821 2317 4871 et
2338 4816 2673 4889 opprimere
2705 4822 2955 4887 oportet,
2991 4816 3091 4888 qui
3123 4815 3182 4869 in
3221 4814 3433 4872 fratres
3454 4818 3615 4873 sedi-

201 4912 293 4967 eis
318 4911 772 4983 superabimini,
806 4918 863 4967 et
888 4913 1238 4968 innocenter
1258 4912 1408 4967 forte
1438 4908 1726 4982 peribitis.
1752 4908 1860 4972 Qui
1973 4909 2167 4963 tiones
2201 4913 2259 4962 et
2288 4906 2569 4963 scandala
2599 4906 2879 4976 excitant,
2919 4923 2992 4961 ne
3019 4904 3199 4960 simul
3225 4920 3360 4960 cum
3389 4907 3475 4961 eis
3491 4924 3621 4978 per-

275 5035 327 5071 ⁸⁸
358 5037 560 5092 Matth.
621 5055 670 5106 ν,
721 5041 805 5091 10.
909 5037 957 5072 θ’
1016 5038 1149 5092 Luc.
1202 5052 1278 5107 γι,
1329 5038 1421 5103 22,
1474 5037 1563 5089 23.
1667 5032 1713 5071 ⁹¹
1763 5031 2292 5107 JuliouAfricanot
2328 5032 2404 5107 g"
2455 5032 2709 5107 Heliano.
2774 5030 2863 5107 “93
2909 5031 3197 5107 mendosa
3239 5031 3617 5107 subscriptio.

199 5108 251 5144 ³4
281 5108 340 5170 3,
376 5114 586 5179 quast.
633 5103 699 5164 1’;
732 5110 884 5164 Nulli
934 5109 1180 5163 dubium.
1266 5103 1326 5143 ’θ’
1366 5112 1612 5179 oportet
1638 5122 1736 5161 nos
1784 5104 2094 5179 humiliari.
2199 5103 2294 5158 9"1
2326 5105 2483 5179 Petr.
2533 5120 2587 5179 γ,
2618 5106 2670 5158 8.
2772 5104 2898 5179 ⁸⁷⁸1,
2929 5120 2987 5172 q.
3035 5104 3060 5157 1
3093 5120 3107 5157 :
3145 5103 3255 5179 Ipsi
3294 5105 3620 5179 sacerdotes.

198 5179 255 5213 93
286 5173 422 5234 Ose.
457 5197 530 5248 iv,
564 5181 617 5234 8.
717 5180 764 5215 θ’
792 5183 910 5236 Jac.
943 5198 994 5246 v,
1028 5183 1112 5237 16.
1218 5183 1233 5216 ¹
1268 5173 1414 5235 vice.—
1506 5177 1527 5210 ²
1560 5176 1696 5232 dist.
1731 5181 1836 5231 94:
1892 5176 1950 5230 Si
1980 5179 2101 5247 quis
2144 5184 2325 5232 autem
2364 5176 2718 5248 legationem.
2816 5173 2838 5207 ³
2870 5178 2919 5240 1,
2972 5178 3295 5248 quast._l_:
3346 5174 3496 5248 Nulli
3524 5176 3625 5232 du-

208 5251 385 5305 bium.
493 5244 701 5306 4'Psal.
737 5269 949 5321 cxxxn,
984 5244 1035 5307 1.
1132 5252 1152 5285 ⁸
1183 5253 1312 5307 Ose.
1348 5268 1417 5316 ιν,
1449 5252 1607 5303 3-10.
1645 5251 1723 5303 Ex
1759 5249 1812 5303 S.

1943 5244 2191 5318 eronymi
2225 5247 2513 5302 versione.
2608 5246 2630 5280 δ
2659 5249 2824 5301 Joan.
2857 5244 3100 5310 x111,’35.
3197 5244 3217 5278 ⁷
3249 5245 3383 5315 Syn.
3432 5246 3620 5302 Later.

204 5322 323 5377 sub
356 5323 412 5376 S.
444 5324 711 5394 Martino,
744 5325 978 5379 consult
1029 5326 1085 5391 4,
1159 5324 1179 5359 ⁸
1213 5323 1336 5378 Gal.
1368 5338 1443 5389 γι,
1477 5324 1525 5374 7.
1605 5321 1625 5354 ⁰
1655 5322 1769 5376 Jer.
1803 5336 1837 5374 x

1956 5322 2020 5372 12
2052 5325 2110 5373 et
2137 5335 2275 5385 χχιι,
2307 5322 2358 5371 3.

283 5445 404 5517 (13)
468 5450 710 5519 Trajano
768 5456 816 5503 et
881 5449 1100 5504 Etiam)
1156 5450 1290 5502 viris
1323 5443 1689 5519 Mclarissimis
1738 5460 1868 5519 coss.

207 5516 402 5592 Scias,
434 5516 641 5585 lector,
684 5538 842 5592 ipsos
884 5520 1196 5591 pontifices
1238 5518 1434 5574 nullos
1487 5516 1762 5592 consules
1812 5516 1873 5592 in

207 5589 335 5665 ﬁne
368 5587 757 5665 epistolarum
791 5587 1192 5665 subjunxisse,
1241 5592 1358 5665 sed
1392 5588 1587 5665 potius
1631 5587 1873 5642 aliunde

199 5662 606 5733 subrepsisse.
645 5666 846 5736 Itaque
880 5661 927 5718 si
955 5681 989 5718 a
1020 5662 1401 5732 chronologia
1444 5661 1870 5729 imperatorum

1984 5442 2378 5514 superiorum,
2437 5440 2762 5514 vel__etiam
2834 5440 3229 5514 posteriorum
3280 5440 3627 5514 pontificum

1986 5511 2249 5584 epistolis
2268 5511 2680 5585 superadditos
2702 5512 3048 5585 consulatus
3072 5513 3407 5585 discrepare
3426 5512 3630 5582 depre—

1984 5583 2231 5650 hendas,
2264 5600 2338 5641 ne
2369 5584 2626 5639 mireris.
2657 5583 2783 5638 Sev.
2819 5584 2939 5639 Bm.
