4004 6218
495 343 645 404 1071
1561 336 2021 399 ALEXANDRI
2065 337 2089 396 l
2137 338 2157 397 Ι

2269 337 2369 398 ΡΒ
2410 336 2833 399 ΕΡΙΞΤΟΙμΕ.
3690 344 3804 405 1072

492 475 661 531 eatis.
694 473 948 528 Salutate
981 487 1144 527 omes
1175 471 1277 541 qui
1329 475 1489 526 recte
1539 469 1810 526 laborant
1858 470 1921 526 in
1964 471 2148 525 Evau-
2179 473 2229 539 Α
2260 469 2307 505 ²²
2337 471 2579 527 Summa
2615 471 2777 526 enim
2804 471 3088 543 iniquitas
3120 476 3230 536 est,
3256 471 3481 537 fratres,
3505 471 3805 533 detrahereet

493 563 645 634 gelio
677 560 912 627 Christi,
946 565 1003 615 et
1025 560 1188 632 juste
1219 560 1556 630 gubernant
1618 575 1824 615 navem
1880 558 2030 630 ejus,
2082 574 2155 613 ue
2262 576 2562 616 accusare.
2596 559 2760 616 Unde
2791 560 3075 633 scriptum
3099 566 3224 616 est:
3251 582 3275 610 α
3295 561 3486 616 Omnis
3507 562 3594 632 qui
3623 562 3808 622 detrahit

498 650 907 706 cohabitantes
939 649 1002 702 in
1033 664 1104 703 ea
1145 647 1568 721 demergantur
1619 653 1721 704 aut
1769 648 2152 703 suﬂ‘ocentur.

498 738 724 794 Salutat
752 754 853 792 vos
884 736 1079 792 omnis
1124 738 1447 809 apostolica
1482 736 1746 793 Ecclesia
1779 737 1841 791 in
1883 736 2150 791 Domino.

498 829 714 882 Amen.

566 919 715 973 Data
749 916 1003 988 septimo
1036 914 1083 950 ¹⁰
1115 915 1362 971 Kalend.
1395 916 1763 981 Novembris,
1825 914 2077 985 Trajano
2111 913 2153 949 ¹¹

503 1013 561 1064 et
587 1007 809 1063 Eliano
842 1006 887 1040 ¹²
915 1005 1058 1059 viris
1088 1004 1436 1059 clarissimis
1464 1003 1812 1059 consulibus
1849 1002 1912 1057 ‘3.

571 1099 638 1151 In
666 1100 771 1165 ﬁne
806 1094 973 1163 hujus
1012 1092 1253 1163 epistolae
1280 1093 1398 1149 hac
1438 1093 1631 1148 addita
1680 1095 1863 1163 reperi
1914 1095 1974 1147 in
2025 1092 2154 1148 Cod.

498 1187 749 1252 Lucensi,
782 1199 903 1254 quae
934 1184 1353 1252 interpolatoris
1383 1183 1621 1252 alicujus
1653 1199 1761 1238 esse
1798 1199 1909 1238 non
1939 1182 2158 1251 dubito,

500 1276 594 1330 sed
622 1282 803 1329 tamen
831 1273 1017 1327 danda
1041 1278 1202 1327 erant
1225 1287 1243 1324 :
1506 1310 1510 1314 .
2024 1328 2027 1331 Α

578 1366 946 1432 Praeceptum
976 1360 1207 1415 Domini
1233 1366 1340 1428 est,
1366 1366 1432 1415 ut
1455 1367 1887 1432 exceptacausa
1902 1361 2154 1416 fornica-

510 1454 711 1522 tionis,
746 1470 893 1507 uxor
922 1469 957 1506 a
985 1452 1106 1507 viro
1139 1452 1357 1506 dimitti
1388 1469 1506 1507 non
1529 1453 1773 1518 debeat;
1797 1453 2001 1508 etideo
2025 1452 2159 1523 qui-

507 1558 742 1612 cunque
772 1541 921 1596 citra
937 1540 1169 1612 culpam
1204 1541 1471 1595 criminis
1496 1541 1879 1612 suprascripti
1913 1556 2157 1595 uxorem

506 1647 674 1687 suam
707 1645 1060 1699 quacunque
1091 1629 1401 1683 occasione
1451 1629 1763 1696 dimiserit,
1814 1630 1954 1699 quia
2000 1629 2158 1700 quod

505 1722 661 1775 Deus
691 1717 1022 1788 conjunxit,
1055 1717 1155 1772 ille
1189 1733 1463 1788 separare
1497 1716 1807 1789 disposuit,
1832 1716 2040 1772 taudiu
2070 1733 2161 1773 ec-

2259 648 2427 704 fratri
2452 666 2579 716 suo,
2609 649 2907 705 homicida
2932 656 3022 706 est
3041 649 3104 717 ³³,
3129 672 3156 699 ››
3175 654 3234 706 et
3253 649 3443 704 omnis
3458 650 3710 706 homicida
3726 670 3806 710 non

2263 736 2442 792 habet
2463 743 2691 808 partem
2705 744 2807 793 aut
2821 738 3228 794 hmreditatem
3250 739 3308 792 in
3326 754 3495 807 regno
3515 739 3681 793 Dei.Et
3695 740 3807 798 alibi:

2264 847 2291 875 «
2316 824 2525 882 Cavete
2556 843 2678 894 vos,
2699 826 2913 882 fratres
2943 827 3301 891 charissimi,
3335 844 3406 882 ne
3428 827 3701 899 participes
3718 832 3808 885 efﬁ-

2262 915 2691 987 ciamiui,quod
2712 916 2869 972 absit
2892 916 2903 971 !
2929 916 3103 971 malis
3124 932 3332 972 eorum
3353 916 3420 969 ³⁸.
3446 917 3658 971 nEtnou
3677 919 3808 975 solum

2261 1020 2363 1059 vos
2392 1010 2590 1061 cavete
2622 1022 2657 1060 a
2686 1005 2927 1071 talibus,
2961 1005 3065 1061 sed
3089 1011 3148 1059 et
3176 1020 3380 1061 cavere
3410 1004 3550 1060 alios
3575 1006 3635 1060 ab
3674 1008 3737 1061 eis
3772 1016 3809 1063 et

2262 1098 2524 1149 avertere
2548 1093 2774 1149 docete.
2806 1096 2885 1149 De
2908 1094 3000 1149 his
3018 1094 3180 1149 enim
3211 1093 3493 1149 Dominus
3517 1094 3591 1147 ait
3618 1110 3700 1164 per
3720 1113 3811 1166 pro-

2260 1182 2502 1252 phetam
2535 1182 2875 1237 Michmam:
2911 1205 2938 1231 ‹‹
2973 1184 3069 1237 Vae
3100 1182 3200 1252 qui
3257 1181 3520 1254 cogitatis
3563 1182 3743 1249 inutile,
3777 1190 3813 1237 et

2263 1270 2593 1341 operamini
2618 1270 2840 1326 malum
2864 1271 2924 1325 in
2955 1270 3253 1325 cubilibus
3275 1270 3511 1335 vestris;
3533 1271 3585 1324 in
3607 1270 3707 1324 luce
3731 1289 3811 1325 ma-

2264 1358 2456 1414 tutina
2486 1359 2713 1414 faciunt
2735 1358 2900 1420 illud,
2930 1359 3213 1430 quoniam
3235 1364 3441 1413 contra
3469 1359 3630 1413 Deum
3655 1366 3815 1414 estma-
3918 1398 3919 1403 η

2264 1464 2378 1503 nus
2410 1464 2635 1503 eorum.
2681 1450 2749 1503 Et
2797 1449 3234 1520 concupierunt
3280 1464 3472 1520 agros,
3517 1452 3570 1501 et
3614 1447 3817 1502 violenter

2265 1537 2547 1605 tulerunt,
2579 1543 2647 1593 et'
2665 1537 2873 1593 domos
2902 1542 3250 1609 rapuerunt,
3295 1543 3355 1591 et
3399 1535 3819 1591 calumniabantur

2264 1626 2451 1681 virum
2485 1634 2544 1681 et
2575 1627 2816 1681 domum
2849 1629 3001 1697 ejus,
3032 1626 3222 1681 virum
3257 1632 3317 1679 et
3336 1626 3704 1680 hereditatem
3721 1627 3817 1695 ejus.

2266 1715 2491 1771 Idcirco
2524 1716 2665 1771 dicit
2697 1716 2984 1771 Dominus
3014 1716 3141 1771 haec
3166 1732 3179 1769 ε
3215 1718 3363 1770 Ecce
3387 1731 3489 1788 ego
3518 1715 3682 1787 cogito
3704 1730 3822 1785 super
3920 1774 3921 1789 η

510 1808 840 1864 clesiastica
869 1807 1291 1863 communione
1324 1809 1605 1878 privetur,
1629 1814 1687 1863 et
1717 1814 1870 1863 coetu
1891 1808 2157 1863 omnium
2190 1834 2241 1899 Β
2270 1811 2557 1869 familiam
2591 1815 2765 1869 istam
2799 1813 3041 1881 malum,
3076 1813 3237 1868 unde
3269 1830 3391 1868 non
3437 1812 3686 1869 auferetis
3722 1811 3821 1865 colla
3920 1792 3921 1805 ‘

504 1896 974 1952 Christianorum
1009 1902 1249 1951 maneat
1278 1897 1533 1963 alienus,
1569 1897 1833 1968 quandiu
1865 1903 1924 1952 et
1957 1896 2031 1952 ad
2062 1913 2161 1951 so-

511 1987 786 2042 cietatem
814 1984 1031 2040 relictaa
1055 1985 1325 2057 conjugis
1356 1986 1579 2050 redeat,
1600 1992 1659 2040 et
1687 1992 1915 2057 partem
1939 1986 2028 2040 sui
2048 2001 2165 2041 cor-

510 2077 672 2149 poris
700 2076 952 2130 honesta
978 2075 1104 2147 lege
1136 2075 1398 2147 conjugii
1432 2076 1743 2130 sinceriter
1774 2076 2164 2148 amplectatur

513 2171 575 2221 et
602 2164 889 2221 foveat.lli
913 2171 1110 2220 tamen
1133 2166 1235 2236 qui
1254 2166 1382 2237 jam
1408 2170 1545 2220 ante
1571 2166 1780 2220 moniti
1804 2182 1839 2221 a
1858 2164 2163 2220 sacerdote

523 2254 731 2320 semel,
762 2259 822 2309 et
846 2254 958 2319 his,
984 2258 1299 2325 tortioque,
1327 2260 1394 2309 ut
1413 2254 1804 2325 corrigantur,
1823 2255 1897 2309 ad
1918 2255 2164 2310 charum

522 2358 644 2396 sum
674 2340 942 2413 conjugis
971 2341 1166 2396 redire
1198 2340 1500 2396 noluerint
1537 2342 1922 2408 consortium,
1958 2341 2071 2413 ipsi
2102 2357 2164 2397 se

518 2431 641 2485 suis
672 2429 922 2495 meritis,
942 2434 1000 2484 et
1021 2446 1054 2484 a
1080 2428 1355 2501 palatium
1381 2429 1688 2501 dignitatis
1706 2430 1901 2485 ofﬁcio
1927 2446 2164 2502 separa-

513 2517 687 2583 bunt,
720 2523 779 2574 et
808 2518 1051 2591 insuper
1080 2534 1381 2591 generosas
1404 2520 1707 2592 dignitatis
1732 2521 2163 2591 testimonium,

514 2607 780 2677 quandiu
813 2608 876 2662 in
907 2607 1083 2679 culpa
1113 2608 1353 2674 fuerint,
1407 2609 1703 2679 amissuri,
1753 2610 1893 2681 quia
1923 2626 2164 2665 carnem

514 2710 704 2762 suam,
733 2694 962 2749 dissidii
983 2694 1195 2767 jugulo
1237 2696 1630 2753 tradiderunt.

1098 2803 1437 2858 EPISTULA
1476 2805 1570 2859 ΙΙΙ.

616 2892 683 2945 Ut
711 2892 956 2945 vitentur
988 2891 1351 2947 detractiones
1382 2899 1435 2947 et
1465 2893 1687 2962 injuste
1714 2895 2074 2964 pulsationes.

583 2979 921 3035 Alexander
951 2980 1284 3052 episcopus,
1309 2981 1588 3036 omnibus
1610 2981 1807 3037 divino
1833 2984 2165 3039 sacerdotio

514 3066 899 3141 fungentibus
929 3085 1042 3140 pax
1080 3075 1140 3124 et
1167 3069 1581 3125 misericordia
1630 3070 2079 3144 multiplicetur,
2111 3078 2171 3128 et

516 3156 809 3229 sapientia
826 3163 1002 3230 atque
1023 3158 1179 3213 bona
1201 3158 1470 3214 voluntas
1496 3160 1559 3213 in
1581 3160 1855 3216 omnibus
1883 3168 2169 3233 augeatur

518 3252 576 3302 et
603 3246 997 3303 fructificetur
1027 3248 1088 3302 in
1122 3247 1393 3302 Domino.

586 3358 616 3386 «ι
650 3337 848 3392 Gratia
881 3336 979 3393 Dei
1017 3353 1248 3406 sumus,
1278 3337 1492 3393 fratres
1523 3339 1879 3408 charissimi,
1912 3340 1971 3396 id
2003 3340 2161 3411 quod

516 3441 720 3480 sumus
750 3422 815 3479 “.
852 3447 881 3475 »
912 3424 1137 3480 Idcirco
1168 3424 1341 3481 nobis
1370 3427 1797 3498 providendum
1832 3434 1939 3494 est,
1973 3435 2031 3483 et
2059 3446 2161 3501 op-

510 3513 649 3586 pido
668 3514 1116 3586 decertandum,
1142 3532 1216 3571 ne
1245 3517 1306 3571 in
1328 3532 1399 3572 ea
1417 3517 1584 3573 vacui
1610 3517 2001 3587 inveniamur,
2034 3518 2160 3588 sed,

510 3604 716 3659 eadem
748 3604 920 3659 nobis
953 3611 1309 3677 c00perante
1338 3607 1547 3678 gratia,
1596 3606 1856 3662 fructum
1908 3608 2159 3664 Domino

509 3692 834 3766 plurimum
856 3700 1247 3766 reportemus.
1276 3695 1443 3761 Quod
1467 3696 1642 3752 aliter
1662 3696 1790 3752 ﬁeri
1808 3713 1928 3753 non
1946 3703 2161 3769 potest,

509 3782 627 3838 nisi
649 3783 1001 3854 sapientiam
1016 3785 1297 3840 sectando
1316 3784 1636 3857 '5,ejusque
1649 3792 1942 3858 praecepta
1960 3786 2161 3842 lectio-

510 3873 688 3928 nibus
702 3873 1011 3945 ethymnis
1028 3874 1578 3945 meditando,atque
1602 3892 1670 3930 eo
1696 3876 2159 3931 adminiculante

510 3961 837 4034 implendo,
871 3963 1119 4031 orando,
1151 3964 1467 4035 vigilando,
1501 3964 1863 4019 voluntatem
1914 3968 2064 4035 ejus,
2097 3966 2160 4021 in

511 4056 802 4121 quantum
825 4050 950 4121 ipse
981 4051 1225 4123 largitus
1245 4052 1444 4119 fuerit,
1476 4052 1762 4121 perﬁcere
1793 4054 2156 4109 studeamus.

512 4141 629 4193 Nec
646 4139 807 4192 enim
822 4140 1235 4212 negligendam
1248 4142 1499 4213 gratiam
1515 4141 1686 4196 nobis
1704 4143 1987 4199 Dominus
1999 4145 2163 4201 dedit

515 4226 617 4281 sed
638 4226 896 4282 fideliter
925 4229 1317 4285 exercendam
1340 4230 1820 4288 tribuit.Dilectio
1847 4234 2009 4289 enim
2032 4235 2159 4291 sine

513 4318 896 4374 simulatione
918 4319 979 4375 in
1009 4320 1182 4376 nobis
1215 4337 1344 4377 esse
1373 4327 1431 4377 et
1462 4338 1749 4394 apparere
1770 4323 1947 4379 debet
1973 4343 1986 4392 ;
2020 4326 2161 4396 quia

512 4431 540 4458 ((
574 4408 768 4464 omnis
800 4410 900 4479 qui
934 4408 1060 4465 odit
1090 4409 1135 4443 ίδ
1164 4410 1410 4467 fratrem
1441 4428 1636 4481 suum,
1670 4413 1971 4469 homicida
2029 4420 2154 4470 est:

509 4499 609 4569 qui
644 4514 779 4554 vero
813 4497 1007 4569 diligit
1038 4515 1194 4569 eum,
1228 4500 1290 4554 in
1334 4502 1453 4556 Deo
1508 4507 1727 4567 manet,
1783 4508 1841 4556 et
1890 4504 2041 4558 Deus
2094 4504 2157 4558 iu

2274 1909 2483 1970 vestra,
2518 1909 2576 1957 et
2605 1902 2989 1957 ambulabitis
3041 1901 3304 1973 superbi,
3356 1900 3620 1971 quoniam
3661 1905 3822 1971 tempus

2272 1990 2599 2061 pessimum
2629 1996 2737 2047 est.
2770 1992 2835 2045 In
2865 1990 2959 2046 die
2992 1990 3095 2045 illa
3123 1995 3396 2045 sumetur
3413 2006 3580 2061 super
3604 2005 3688 2043 vos
3710 2005 3822 2059 para-

2274 2078 2430 2145 bola,
2465 2086 2520 2134 et
2551 2079 2889 2135 cantabitur
2916 2080 3214 2135 canticum
3237 2095 3373 2133 cum
3397 2076 3825 2141 suavitate,diceu-

2276 2170 2462 2225 tium:
2496 2169 2958 2242 DepOpulatione
3003 2170 3211 2225 vastati
3264 2185 3491 2233 sumus,
3536 2183 3653 2239 pars
3692 2166 3824 2237 populi
3918 2162 3919 2179 ‘

2276 2259 2393 2314 mei
2425 2264 2790 2315 commutata
2819 2263 2928 2314 est.
2961 2257 3269 2323 Quomodo
3319 2256 3544 2312 recedis
3570 2271 3600 2310 a
3624 2271 3715 2321 me,
3738 2269 3826 2308 cum

2274 2354 2623 2416 revertatur,
2658 2349 2759 2421 qui
2790 2349 3063 2421 regiones
3106 2353 3346 2403 nostras
3395 2346 3640 2402 dividat?
3663 2349 3828 2416 propter
3918 2406 3919 2417 χ

2276 2437 2456 2510 quod,
2480 2456 2600 2494 non
2618 2438 2733 2493 erit
2753 2437 2857 2492 tibi
2872 2437 3114 2493 mittens
3137 2436 3651 2506 funiculum,fortis
3668 2434 3715 2488 in
3730 2438 3827 2487 cata

2277 2527 2532 2582 Domini.
2566 2528 2645 2583 Ne
2677 2527 3007 2598 loquamini
3040 2526 3393 2596 loquentes:
3415 2526 3536 2580 Non
3561 2522 3755 2579 stillabit
3773 2538 3827 2573 su-

2276 2634 2383 2689 per
2411 2616 2577 2685 istos,
2601 2634 2722 2673 non
2745 2617 3211 2689 comprehendet
3231 2616 3521 2681 confusio,
3552 2614 3675 2670 dicit
3693 2610 3827 2666 Domi-

2276 2723 2388 2762 nus
2417 2707 2615 2763 .lacob.
2649 2706 2925 2779 Nunquid
2971 2705 3351 2762 abbreviatus
3397 2711 3486 2761 est
3539 2704 3735 2776 spiritus
3754 2702 3827 2754 Do-

2275 2796 2445 2863 mini,
2470 2801 2572 2852 aut
2592 2796 2740 2852 tales
2766 2802 2906 2852 sunt
2925 2796 3317 2869 cogitationes
3340 2794 3507 2865 ejus?
3523 2794 3696 2848 Nonne
3715 2786 3825 2843 verba

2276 2901 2404 2941 mea
2432 2885 2588 2941 bona
2609 2892 2748 2941 sunt
2785 2902 2919 2942 cum
2970 2902 3062 2949 eo,
3110 2884 3209 2956 qui
3257 2890 3419 2940 recte
3475 2882 3824 2953 graditurtete

2276 2976 2574 3030 contrario
2601 2993 2614 3041 ;
2647 2975 2900 3047 populus
2932 2991 3099 3030 meus
3130 2975 3192 3029 in
3242 2973 3629 3030 adversarium
3656 2982 3826 3024 consur-

2277 3064 2719 3136 rexit.Desuper
2750 3064 2953 3120 tunica
2971 3064 3218 3135 pallium
3244 3062 3584 3127 sustulistis,
3613 3054 3824 3124 eteosqui

2281 3153 2617 3209 transibant
2644 3153 3016 3225 simpliciter,
3050 3152 3431 3207 convertistis
3461 3152 3519 3205 in
3549 3148 3730 3204 bellum
3744 3144 3788 3195 ".
3811 3164 3826 3187 ν

2195 3207 2238 3274 c
2427 3207 2667 3309 contra,
2920 3207 3022 3313 qui
3043 3246 3407 3297 accusantur
3434 3239 3521 3295 vel
3542 3236 3827 3293 tribulantur.

2277 3350 2385 3405 per
2415 3332 2642 3388 Nahum
2672 3332 3021 3405 prophetam
3056 3331 3403 3387 confortans
3431 3323 3827 3396 eos,sicloquitur

2278 3422 2605 3477 Dominus:
2645 3442 2670 3473 ι
2704 3423 2900 3477 Bonus
2931 3420 3241 3488 Dominus,
3278 3426 3339 3475 et
3368 3419 3681 3475 confortans
3705 3408 3823 3467 indie

2275 3511 2696 3579 tribulationis,
2722 3516 2780 3567 et
2801 3510 2999 3566 sciens
3022 3514 3335 3581 sperantes
3359 3509 3420 3563 in
3443 3525 3522 3563 se.
3537 3508 3599 3560 Et
3616 3505 3664 3558 in
3684 3498 3824 3556 diluvio

2275 3614 2673 3680 praetereunte
2705 3608 3286 3664 consummationem
3320 3606 3499 3663 faciet
3526 3603 3627 3660 loci
3663 3601 3771 3671 ejus,
3792 3600 3824 3647 el

2273 3697 2549 3753 inimicos
2572 3698 2700 3769 ejus
2718 3703 3152 3768 persequentur
3182 3696 3466 3751 tenebrae.
3490 3691 3625 3759 Quid
3639 3684 3823 3759 cogitati:

2274 3792 2480 3842 contra
2514 3786 2877 3842 Dominum?
2918 3786 3507 3841 Consummationem
3552 3783 3659 3854 ipse
3697 3775 3821 3832 faciet

2274 3877 2397 3930 Non
2428 3881 2742 3948 consurget
2771 3874 2989 3946 duplex
3020 3874 3325 3930 tribulatio
3353 3892 3366 3941 ;
3392 3874 3529 3945 quia
3554 3872 3683 3926 sicut
3704 3865 3820 3936 spina

2274 3980 2336 4019 se
2357 3964 2609 4020 invicem
2629 3964 3215 4035 complectuntur,sic
3238 3963 3571 4019 convivium
3591 3971 3752 4015 eorum
3767 3967 3824 4022 pa-

2271 4053 2416 4108 riter
2446 4054 2778 4126 potautium
2803 4070 2815 4107 :
2850 4058 3281 4108 consumeutur
3309 4052 3479 4124 quasi
3501 4047 3691 4121 stipula
3706 4040 3822 4099 aridi-

2273 4148 2393 4199 tate
2424 4144 2624 4215 plena.
2658 4145 2738 4197 Ex
2772 4149 2829 4198 te
2861 4142 3046 4198 exibit
3075 4142 3344 4214 cogitans
3370 4147 3572 4197 contra
3600 4133 3821 4192 Dominum

2273 4234 2584 4299 malitiam,
2608 4239 2808 4287 mente
2828 4237 3196 4303 pertractans
3218 4220 3820 4303 prmvaricationemllﬁ

2274 4324 2417 4378 dicit
2451 4322 2767 4377 Dominus:
2805 4322 2860 4375 Si
2893 4321 3136 4391 perfecti
3170 4321 3506 4387 fuerint,ret
3548 4318 3619 4372 ita
3659 4313 3819 4385 pluresi

2273 4414 2355 4469 sic
2388 4428 2621 4484 quoque
2652 4410 3058 4475 attondentur,
3091 4416 3151 4465 et
3180 4409 3578 4481 pertransibit.
3604 4398 3752 4458 ΑΠΗιί
3775 4402 3819 4449 ιθ.

2273 4507 2479 4557 etnon
2510 4501 2766 4573 :iftligam
2813 4505 2868 4554 te
2924 4498 3082 4554 ultra
3112 4499 3174 4551 ³⁸.
3212 4521 3239 4546 ››
3294 4499 3484 4554 Facile
3531 4500 3627 4560 est,
3664 4491 3819 4546 fratres.

510 4605 579 4643 eo
614 4585 679 4641 ¹⁷.
715 4608 742 4636 ››
778 4587 941 4642 Unde
976 4592 1030 4642 et
1058 4588 1373 4660 Apostolus
1423 4590 1504 4644 ait
1539 4606 1551 4643 :
1599 4611 1627 4639 ‹‹
1659 4591 1849 4645 Nolite
1889 4591 2162 4663 judicare
2192 4579 2239 4644 D
2270 4591 2446 4648 verbo
2476 4591 2683 4645 fallere
2716 4588 3042 4655 hominem,
3077 4588 3121 4622 2⁷
3154 4588 3259 4643 sed
3291 4605 3411 4643 non
3446 4588 3629 4642 Deum.
3652 4577 3818 4648 Sapit“S

508 4676 724 4731 fratres
745 4677 1019 4742 invicem,
1043 4676 1146 4732 sed
1169 4678 1280 4733 hoc
1291 4677 1558 4748 judicate
1588 4680 1795 4751 magis,
1830 4696 1902 4735 ne
1925 4681 2162 4751 ponatis

512 4765 938 4820 oifendiculum
957 4766 1123 4821 fratri
1148 4766 1238 4821 vel
1256 4766 1604 4823 scandalum
1632 4768 1690 4822 η.
1721 4792 1746 4818 ››
1780 4770 1849 4822 Et
1878 4769 2162 4825 Dominus

510 4855 740 4927 inquit:
766 4878 793 4905 ‹‹
818 4856 981 4920 Quod
1011 4855 1113 4910 tibi
1137 4872 1257 4910 non
1281 4856 1364 4910 vis
1391 4857 1542 4923 fieri,
1567 4856 1736 4912 alteri
1760 4857 2028 4914 nefacias
2048 4859 2106 4914 ιο.
2132 4881 2160 4909 ››

510 4947 581 5001 Et
610 4945 751 5001 alibi
777 4961 789 4999 :
826 4967 855 4997 ‹‹
886 4948 951 5000 In
970 4946 1081 5001 hoc
1112 4952 1471 5019 cognoscent
1499 4963 1705 5003 omnes
1727 4949 1866 5019 quia
1885 4950 2000 5005 mei
2020 4951 2162 5005 estis

510 5034 810 5106 discipuli,
840 5034 889 5089 si
909 5034 1291 5090 dilectionem
1313 5035 1641 5091 habueritis
1663 5036 1737 5091 ad
1761 5037 2011 5092 invicem
2036 5038 2104 5095 ³ο.
2130 5060 2158 5089 ››

508 5123 867 5179 EtSalomou
889 5124 998 5179 ait:
1025 5146 1053 5175 ‹‹
1068 5124 1435 5180 Sacrificium
1457 5124 1717 5180 salutare
1737 5127 2160 5190 est,attendere

504 5213 826 5281 mandatis,
880 5219 938 5269 et
971 5212 1278 5269 discedere
1328 5213 1401 5269 ab
1455 5213 1618 5269 omni
1668 5212 1981 5285 iniquitate
2028 5217 2093 5269 ²¹.
2129 5240 2158 5267 ››

579 5328 625 5366 ¹⁰
656 5346 954 5394 ms.xv1u,
989 5346 1185 5402 neque
1216 5335 1305 5387 est
1333 5330 1395 5386 in
1442 5329 1610 5386 fastis
1655 5346 1912 5402 sequens
1960 5350 2069 5405 par
2119 5333 2453 5390 consulum.
2559 5330 2604 5365 ¹¹
2662 5332 2864 5386 Triano
2913 5334 2962 5384 et
3011 5328 3256 5383 Heliano.

579 5400 868 5457 mendosa
896 5401 1104 5458 itidem
1137 5401 1523 5458 subscriptio.
1623 5403 1666 5438 ¹⁸
1696 5404 1717 5458 Ι
1748 5403 1883 5458 Cor.
1921 5421 2011 5458 xv.
2045 5409 2129 5458 l0.
2231 5406 2275 5440 η
2302 5403 2595 5458 scrutando
2644 5404 2748 5458 ita.
2804 5405 2893 5456 etc
2925 5440 2939 5458 .
2988 5414 3099 5454 ms.
3133 5405 3269 5453 nost

2302 5414 2595 5461 scrutando
2644 5414 2748 5470 ita,
2804 5414 2893 5456 etc
2925 5440 2939 5463 ς
2988 5414 3099 5470 m3.
3133 5414 3354 5454 noster.

1137 5490 1253 5529 om.
1287 5489 1400 5539 xw,
1439 5476 1521 5528 13.
1631 5476 1674 5510 ιθ
1703 5476 1843 5530 Tob.
1878 5492 1947 5543 IV,
1984 5479 2067 5531 l6.
2173 5476 2219 5512 ³ο
2248 5477 2412 5532 Joan.
2448 5492 2572 5535 xm.
2607 5476 2693 5527 35.
2798 5476 2842 5506 ¹¹
2874 5476 3051 5526 Eccli.
3086 5487 3256 5536 xxxv,
3285 5476 3336 5522 2.
3438 5476 3483 5502 τε
3509 5476 3559 5522 6.
3588 5476 3747 5531 qumﬂ-
3772 5476 3802 5498 ι·

1137 5545 1182 5580 ³³
1211 5546 1233 5599 I
1262 5546 1435 5617 loau.
1461 5562 1543 5617 ru,
1566 5548 1661 5617 15.
1740 5546 1786 5580 ³⁵
1815 5547 2025 5617 Ephes.
2060 5565 2111 5617 v,
2146 5552 2195 5603 7.
2275 5547 2322 5583 ’⁵
2348 5546 2519 5602 Mich.
2553 5562 2615 5609 ιι,
2653 5546 2763 5613 1-8,
2798 5559 2866 5598 ex
2899 5541 3236 5617 interpr.__S_.
3270 5539 3423 5595 Hier.
3509 5530 3802 5617 ﬂNa‘QQ‘ﬂﬁ'

504 5400 549 5474 1³
577 5400 868 5457 mendosa
896 5400 1105 5474 itidem
1137 5401 1523 5474 subscriptio.

500 5473 668 5529 Joan.
703 5489 784 5541 in,
819 5474 903 5527 15.
1009 5473 1058 5507 ίδ
1086 5477 1253 5529 Rom.
1287 5473 1400 5539 xnf,
1439 5475 1521 5528 13.

500 5542 1030 5625 ἓφζυηιέίτεέςυίιτεεσ

1623 5403 1666 5438 ¹⁸
1696 5404 1717 5458 Ι
1748 5403 1883 5460 Cor.
1921 5403 2011 5474 xv,
2045 5409 2129 5461 10.

1631 5474 1674 5510 ¹⁹
1703 5474 1843 5530 Tob.
1878 5492 1947 5543 ιν,
1984 5479 2067 5531 16.

502 5614 646 5693 7-1ἓ,
688 5615 745 5669 S.
780 5614 937 5671 Hier.
970 5615 1221 5688 interpr.
1299 5616 1343 5652 ’7
1376 5616 1517 5673 Vide
1553 5616 1711 5673 Sent.
1747 5614 1889 5673 Sixt'i
1922 5614 2167 5693 Pythag.
2202 5636 2269 5677 ex
2300 5617 2520 5675 Rufflni
2543 5616 2789 5687 interpr.

504 5697 565 5747 ιι,
595 5684 650 5736 8.

2273 4697 2391 4735 non
2423 4686 2514 4734 est
2543 4679 2643 4750 qui
2676 4683 2869 4742 nocet,
2903 4693 3013 4731 nec
3044 4677 3131 4730 vir
3158 4676 3467 4749 linguosus
3511 4677 3566 4729 in
3596 4668 3761 4727 malum
3781 4673 3816 4713 st

2271 4769 2562 4841 dirigetin
2587 4775 2764 4823 terra.
2799 4766 2955 4822 Nihil
2978 4782 3112 4821 vero
3134 4765 3277 4821 mali
3301 4765 3439 4828 vult,
3472 4764 3566 4834 qui
3585 4754 3814 4843 ﬁdelisesl

2270 4839 2416 4914 Malo
2448 4858 2607 4913 enim
2641 4863 2699 4913 et
2726 4873 2902 4928 pravo
2934 4855 3168 4927 ingenio
3202 4854 3345 4911 fides
3386 4853 3570 4910 aliena
3608 4839 3813 4935 est."‘lil

2272 4948 2431 5004 enim
2454 4945 2766 5019 Apostolus
2789 4945 2861 5000 de
2884 4943 3216 5000 infidelium
3241 4942 3588 5017 ignorantia:
3613 4960 3637 4988 «
3656 4934 3811 5023 Sient!!!

2271 5018 3021 5110 cognovissent,nunquam
3050 5034 3364 5090 Dominum
3383 5031 3577 5104 glorias
3589 5018 3811 5109 crucifixi“

2271 5132 2403 5181 sent
2428 5124 2494 5178 ’9.
2533 5147 2559 5173 ››
2593 5123 2961 5197 Cruciﬂgunt
2989 5123 3148 5178 enim
3182 5122 3515 5177 Dominum.
3546 5116 3633 5188 qui
3662 5123 3756 5166 eum
3770 5114 3807 5197 Δία

2270 5214 2677 5272 sacerdotibus
2705 5213 2827 5269 suis
2849 5210 3452 5285 persequunturallia
3469 5223 3599 5264 crux
3625 5220 3654 5256 ιι
3672 5204 3808 5253 cruru-

2559 5330 2604 5365 “
2662 5332 2864 5386 Triano
2913 5334 2962 5384 et
3011 5327 3256 5383 Heliano.
3360 5326 3407 5361 ¹²
3455 5324 3561 5380 Jul.
3606 5312 3805 5386 ΑῙνίταξίιξ

2798 5452 3263 5536 ίίγ
3438 5466 3483 5502 ²²
3588 5459 3747 5536 quaest.
3772 5452 3803 5536 l3

2897 5590 3475 5684 Hwispitir,‘c.
3502 5607 3579 5662 13.
3647 5590 3793 5650 "100’

3916 3499 3919 3693 1

3447 5370 3732 5447 {intra
3755 5370 3805 5422 ’τι
3908 5430 3909 5447 ς
