4004 6218
241 379 396 440 1085

1323 377 1709 439 EPISTOLA
1753 379 1858 439 AD
1903 379 2172 441 OMNEB
2213 373 2570 436 FIDELES.

3499 383 3652 444 1086

239 509 603 566 dilacerandi
638 513 742 564 aut
763 509 1149 566 detrahendi:
1175 510 1315 582 quia
1331 509 1546 582 quibus
1568 527 1630 566 se
1654 512 1886 567 Domini
1919 517 1968 582 Α
2002 510 2397 583 recipientur;
2431 508 2572 579 quia
2602 525 2809 568 eorum
2850 511 3146 570 aemulatio
3199 513 3422 569 lacerat
3471 515 3648 574 etiam

239 600 496 673 populus
527 597 816 660 benedici.
853 597 1056 654 salvari
1093 604 1152 653 et
1179 599 1394 654 instrui
1421 600 1602 670 cupit,
1635 600 1894 657 nullate-

242 705 358 743 nus
390 687 565 742 debet
594 704 694 742 eos
727 703 992 759 arguere,
1025 705 1134 744 nec
1167 689 1371 759 vulgus
1402 689 1464 743 in
1488 706 1692 744 eorum
1724 706 1890 744 accu-

242 778 473 833 satione
505 777 744 847 suscipi.
781 777 1036 848 Populus
1065 778 1224 834 enim
1255 778 1328 832 ab
1350 779 1436 833 eis
1454 778 1754 834 docendus
1778 785 1888 845 est,

243 871 302 920 et
333 864 764 936 corripiendus,
797 881 920 919 non
951 865 1062 936 ipsi
1096 865 1168 920 ab
1201 881 1290 934 eo,
1323 864 1463 936 quia
1492 887 1520 917 «ε
1545 882 1667 920 non
1697 872 1785 921 est
1805 866 1889 921 di-

245 956 507 1026 scipulus
542 971 721 1025 super
749 955 1096 1026 magistrum
1127 955 1194 1012 9’.
1230 977 1260 1004 »
1293 956 1463 1012 Nullo
1497 955 1670 1012 modo
1713 957 1890 1028 igitur

241 1045 480 1101 Domini
515 1044 825 1116 pontiﬁces
843 1051 902 1100 et
922 1045 1136 1116 reliqui
1169 1045 1525 1114 sacerdotes,
1550 1045 1766 1116 quibus
1787 1047 1890 1100 Do-

233 1135 386 1190 mini
410 1134 722 1190 commissa
745 1139 834 1188 est
856 1133 1169 1204 plebs,rite
1192 1135 1476 1206 populum
1495 1141 1743 1206 possunt
1759 1151 1890 1190 cor-

234 1224 454 1295 rigere,
487 1225 535 1278 si
569 1223 936 1294 deceptionis
973 1239 1035 1278 se
1067 1225 1447 1295 cognoverint
1494 1225 1706 1294 laqueo
1737 1225 1891 1279 infe-

231 1312 400 1367 stari.
429 1313 592 1368 Unde
617 1314 848 1383 justum
881 1318 970 1366 est
1000 1329 1208 1368 omnes
1258 1313 1319 1368 in
1365 1313 1640 1368 universo
1669 1312 1718 1346 93
1747 1313 1888 1368 orbe

230 1401 510 1456 doctores
543 1401 709 1473 legis,
745 1417 812 1456 ea
852 1418 983 1472 quae
1031 1400 1174 1473 legis
1219 1407 1357 1458 sunt
1387 1419 1614 1473 sapere,
1668 1409 1727 1458 et
1768 1419 1889 1458 non

228 1493 574 1548 sacerdotes
593 1492 827 1548 Domini
847 1492 1019 1548 labiis
1035 1492 1156 1549 suis
1177 1499 1280 1548 aut
1297 1493 1894 1565 quibuslibetmachi-

227 1585 577 1640 nationibus
611 1585 929 1641 maculare.
965 1587 1114 1640 Dum
1142 1586 1300 1642 enim
1359 1586 1519 1657 ipsos
1567 1584 1892 1658 disponunt

228 1681 336 1729 aut
367 1675 615 1745 cupiunt
645 1674 964 1739 maculare,
1000 1675 1207 1746 potius,
1227 1677 1452 1746 seipsos
1501 1676 1801 1731 maculent
1833 1682 1892 1732 et

228 1765 568 1819 vulnerant.
607 1765 708 1818 Dei
734 1781 867 1836 ergo
895 1770 1133 1820 accusat
1159 1764 1616 1830 ordinationem,
1641 1767 1740 1836 qui
1765 1783 1884 1834 eos,

229 1853 336 1923 qui
371 1852 543 1908 abeo
585 1853 1047 1920 constituuntur,
1103 1852 1441 1908 sacerdotes
1489 1860 1748 1920 accusat,
1798 1853 1889 1909 vel

226 1942 504 1996 damnari
536 1941 580 1976 ⁹⁴
611 1943 792 2014 cupit.
815 1946 859 1996 A
884 1943 1098 2012 quibus
1133 1961 1192 1998 se
1216 1960 1422 1998 omnes
1447 1943 1656 1998 fideles
1679 1961 1883 2000 cavere

225 2031 472 2092 debent.
503 2032 644 2103 quia
671 2047 792 2087 non
821 2032 1014 2086 solum
1057 2033 1156 2102 qui
1189 2033 1435 2100 faciunt,
1458 2033 1560 2088 sed
1579 2035 1758 2090 etiam
1784 2034 1885 2105 qui

224 2119 612 2174 censentium
632 2120 1006 2187 facientibus,
1032 2121 1116 2174 rei
1143 2121 1572 2175 sunt.Christus
1596 2123 1755 2176 enim
1781 2123 1883 2177 Dei

221 2207 429 2268 Filius,
467 2209 750 2262 Dominus
781 2215 985 2263 noster
1013 2210 1077 2276 9‘,
1113 2209 1372 2264 humano
1395 2211 1596 2281 generi
1630 2211 1883 2266 salutem

224 2297 576 2352 condonans
611 2297 867 2368 plenam,
904 2297 974 2352 de
1006 2298 1176 2352 nobis
1208 2297 1325 2353 ait:
1370 2323 1394 2349 α
1423 2299 1530 2365 Qui
1555 2315 1652 2355 vos
1673 2301 1885 2372 recipit

222 2404 323 2441 me
357 2387 603 2458 recipit;
637 2393 694 2441 et
726 2389 822 2458 qui
859 2405 958 2442 vos
991 2389 1235 2458 spernit.
1272 2404 1364 2444 me
1397 2391 1626 2460 spernit
1672 2388 1734 2445 ⁸⁸.
1767 2411 1792 2438 ››
1825 2391 1881 2446 Si

225 2492 369 2548 ergo
404 2477 688 2531 Dominus
717 2478 777 2532 in
811 2478 894 2531 eis
928 2478 1213 2548 recipitur
1245 2485 1303 2532 et
1349 2479 1640 2550 rejicitur,
1675 2479 1882 2550 procul

227 2563 611 2635 dubioipsius
627 2571 782 2628 sunt,
819 2565 917 2635 qui
943 2565 1002 2618 in
1025 2565 1110 2618 eis
1135 2566 1406 2637 rejicitur
1427 2567 1514 2621 vel
1539 2568 1878 2639 suscipitur.

220 2679 250 2704 ‹‹
284 2657 351 2708 Et
369 2662 433 2710 tu
459 2657 590 2726 quis
617 2656 1048 2725 es,quijudicas
1072 2673 1303 2711 servum
1319 2657 1638 2712 alienum"7
1656 2658 1682 2712 ἱ)
1699 2683 1725 2706 n
1742 2661 1877 2713 Pro-

221 2745 322 2800 cul
356 2745 534 2800 dubio
568 2752 964 2816 transgressor
992 2763 1054 2800 es
1086 2746 1230 2817 legis
1262 2747 1364 2801 Dei
1387 2752 1444 2801 et
1473 2749 1879 2818 apostolorum

217 2841 402 2906 atque
427 2834 850 2906 prophetarum
879 2852 892 2889 z
913 2841 1103 2891 etnon
1123 2836 1317 2892 solum
1337 2836 1680 2902 harum,srd
1699 2838 1877 2894 etiam

216 2925 423 2996 legum
457 2925 874 2979 humanarum.
908 2925 1125 2980 Omnes
1155 2926 1314 2980 enim
1345 2921 1503 2998 leges
1529 2932 1643 2981 tam
1663 2925 1877 2980 divinae

215 3031 402 3084 quam
440 3020 499 3068 et
536 3015 836 3083 humana),
869 3014 1135 3070 alienum
1170 3033 1402 3072 servum
1434 3016 1705 3088 judicare
1738 3034 1876 3088 pro-

217 3103 453 3158 bibent.
483 3104 632 3168 Quid
666 3109 836 3175 putas
869 3105 981 3158 erit
1009 3105 1080 3158 de
1115 3111 1188 3172 te,
1223 3122 1355 3160 cum
1405 3110 1876 3177 transgressores

216 3198 279 3247 et
311 3193 759 3248 conculcatores
793 3191 937 3266 legis
963 3194 1064 3247 Dei
1087 3191 1576 3250 damnabuntur?
1609 3195 1874 3252 Profecto

2003 603 2367 656 innocentes.
2395 600 2561 653 Hunc
2580 616 2814 656 murum
2839 602 3252 658 ﬁrmissimum
3275 603 3298 636 ⁴
3319 609 3652 662 statuerunt

2000 696 2198 763 patres
2229 688 2437 754 nostri,
2471 693 2528 743 et
2557 705 2667 744 nos
2698 706 2832 746 cum
2865 691 2970 752 eis.
3005 697 3211 748 contra
3241 700 3650 764 persecutores

1999 785 2234 836 nostros
2252 777 2368 846 5,ut
2383 776 2496 832 hoc
2516 779 2780 834 remedio
2804 795 3008 836 eorum
3035 779 3330 852 pellantur
3350 784 3648 840 machina-

1999 877 2220 936 menta,
2253 875 2312 924 et
2353 885 2453 923 vos
2504 871 2833 926 securiores
2881 877 2938 927 et
2984 873 3309 928 sanctiores
3364 874 3641 932 famulari

1997 959 2350 1017 mereamini
2373 964 2565 1014 vestro
2583 957 2884 1016 Salvatori.
2917 961 3228 1030 Caeterum,
3255 985 3282 1013 «
3306 963 3644 1019 considerat

1996 1053 2216 1124 impius
2237 1053 2491 1124 justum,
2526 1059 2582 1107 et
2612 1052 2826 1122 qurerit
2854 1057 2916 1105 ut
2937 1051 3169 1106 occidat
3191 1067 3326 1108 eum
3357 1053 3638 1108 Dominus

1998 1159 2117 1198 non
2149 1143 2526 1214 derelinquat
2553 1159 2688 1197 eum
2722 1143 2782 1196 in
2817 1157 3027 1198 manus
3059 1141 3209 1211 ejus,
3255 1148 3314 1196 et
3345 1159 3460 1196 non
3494 1159 3637 1198 con-

1998 1231 2320 1288 demnabit.
2354 1247 2512 1298 eum,
2545 1249 2680 1287 cum
2705 1230 3072 1302 judicabitur
3098 1230 3204 1284 illi.
3237 1232 3644 1301 ExspoctaDo-

1999 1319 2227 1375 minum
2253 1326 2310 1374 et
2329 1320 2557 1376 custodi
2593 1319 2745 1374 viam
2761 1320 2920 1390 ejus:
2945 1323 3002 1371 et
3024 1318 3304 1373 exaltabit
3331 1324 3385 1374 te
3407 1325 3472 1374 ut
3501 1335 3640 1391 pos-

2000 1409 2194 1465 sideas
2220 1416 2469 1464 terram:
2501 1424 2635 1464 cum
2667 1407 2998 1462 interibunt
3029 1407 3218 1478 impii,
3241 1406 3488 1464 videbis.
3513 1409 3642 1464 Vidi

2003 1499 2250 1569 impium
2279 1497 2588 1552 robustum
2614 1502 2670 1552 et
2693 1496 3103 1563 fortissimum,
3134 1495 3285 1549 sicut
3305 1496 3643 1567 indigenam

2002 1587 2309 1643 virentem.
2345 1589 2410 1642 Et
2444 1587 2702 1650 transivi,
2739 1591 2796 1640 et
2825 1601 2962 1640 ecce
2993 1601 3112 1639 non
3143 1591 3296 1651 erat;
3322 1591 3380 1640 et
3401 1587 3642 1656 quaesivi

2000 1690 2156 1739 eum,
2193 1682 2250 1730 et
2281 1693 2398 1730 non
2430 1681 2521 1732 est
2541 1676 2830 1730 inventus.
2861 1674 3097 1728 Custodi
3121 1673 3562 1745 simplicitatem
3587 1680 3643 1730 et

1997 1765 2126 1820 vide
2158 1771 2404 1831 rectum,
2433 1764 2572 1836 quia
2593 1765 2704 1818 erit
2734 1763 2793 1818 in
2817 1769 3148 1818 extremum
3167 1763 3288 1817 viro
3312 1781 3442 1834 pax.
3481 1767 3641 1819 PHE-

1997 1855 2351 1909 varicatores
2381 1858 2577 1908 autem
2610 1851 2943 1907 interibunt
2972 1853 3209 1924 pariter,
3253 1856 3310 1906 et
3334 1851 3357 1884 ⁸
3387 1853 3641 1908 novissi-

1917 1929 1960 1991 Β
1993 1961 2154 1998 mum
2187 1944 2506 2016 impiorum
2537 1943 2774 2014 peribit.
2809 1943 2980 1998 Salus
3036 1949 3233 1996 autem
3273 1942 3572 2012 justorum
3604 1959 3639 1998 a

1991 2034 2262 2097 Domino.
2295 2032 2576 2089 fortitudo
2609 2049 2815 2088 eorum
2849 2039 3113 2102 tempore
3144 2031 3639 2088 t:ibulationis.Et

1990 2122 2372 2176 auxiliabitur
2395 2122 2481 2175 eis
2503 2121 2786 2175 Dominus
2814 2126 2872 2175 et
2897 2119 3174 2174 liberabit
3201 2137 3299 2174 eos
3322 2120 3391 2174 ab
3417 2120 3638 2191 impiis,

1991 2215 2048 2264 et
2073 2211 2284 2281 eripiet.
2305 2227 2406 2264 eos
2429 2209 2499 2264 ab
2525 2210 2744 2281 impiis,
2771 2215 2828 2264 et
2853 2209 3100 2264 saivabit
3125 2225 3244 2275 eos,
3280 2210 3418 2280 quia
3441 2225 3640 2280 spera-

1991 2298 2272 2354 veruntin
2292 2313 2362 2354 eo
2383 2297 2424 2351 ⁷.
2457 2322 2482 2347 η
2507 2301 2574 2354 Et
2600 2295 2775 2354 alibi:
2803 2320 2832 2348 ‹‹
2864 2299 3014 2364 Quid
3035 2298 3300 2372 gloriaris
3323 2299 3382 2352 in
3411 2299 3639 2356 malitia

1987 2388 2238 2458 potens?
2255 2384 2654 2444 Miserlciirdia
2676 2387 2777 2442 Dei
2802 2393 2922 2442 tota
2948 2394 3035 2442 est
3065 2388 3180 2443 die.
3205 2387 3455 2442 Insidias
3477 2389 3638 2461 cogi-

1987 2476 2131 2531 tavit
2161 2476 2363 2548 lingua
2393 2482 2512 2540 tua,
2550 2476 2719 2546 quasi
2755 2477 3038 2532 novacula
3069 2483 3169 2532 tua
3209 2483 3380 2531 acuta
3411 2477 3634 2532 faciens

1987 2565 2205 2620 dolum.
2219 2565 2480 2620 Dilexisti
2497 2566 2783 2621 malitiam
2799 2567 2986 2638 magis
3005 2583 3181 2638 quam
3202 2566 3443 2632 bonum,
3462 2583 3632 2620 men-

1985 2654 2218 2710 dacium
2240 2655 2425 2728 magis
2444 2672 2622 2726 quam
2645 2655 3413 2726 loquijustitiaui.Dilexisti
3433 2656 3632 2710 omnia

1983 2741 2160 2798 verba
2191 2745 2261 2799 ad
2285 2744 2710 2808 devorandum,
2747 2745 2950 2816 lingua
2979 2745 3200 2799 dolosa.
3229 2745 3336 2800 Sed
3360 2746 3510 2800 Deus
3532 2745 3633 2799 de-

1986 2840 2174 2890 struet
2215 2839 2268 2889 te
2295 2834 2357 2888 in
2387 2834 2836 2906 sempiternum.
2873 2835 3119 2890 terrebit
3142 2841 3216 2894 te,
3251 2840 3308 2889 et
3338 2834 3546 2889 eVollet
3576 2840 3631 2889 te

1983 2922 2055 2977 de
2086 2922 2466 2978 tabernaculo
2490 2929 2610 2990 tuo,
2647 2929 2704 2978 et
2732 2923 3056 2978 eradicabit
3085 2929 3140 2978 te
3171 2924 3242 2977 de
3268 2930 3426 2978 terra
3443 2924 3632 2978 viven-

1985 3013 2151 3069 tium.
2185 3012 2483 3068 Videbunt
2505 3013 2654 3084 justi
2689 3019 2746 3067 et
2770 3013 3082 3081 timebunt,
3111 3021 3168 3069 et
3199 3030 3375 3085 super
3395 3032 3530 3070 eum
3556 3014 3629 3068 ri~

1982 3101 2226 3158 debunt.
2259 3104 2404 3158 Ecce
2436 3103 2520 3158 vir
2547 3100 2646 3174 qui
2669 3121 2789 3158 non
2810 3102 3008 3176 posuit
3035 3101 3440 3158 fortitudinem
3457 3119 3624 3158 suam

1980 3191 2041 3246 in
2073 3192 2279 3260 Deum,
2311 3191 2414 3246 sed
2447 3193 2703 3263 speravit
2739 3193 2800 3247 in
2853 3191 3237 3248 multitudine
3285 3193 3624 3248 divitiarum

216 3282 280 3334 et
305 3286 369 3334 tu
397 3280 798 3368 damnaberis,
823 3279 963 3352 quia
985 3281 1370 3352 postposuisti
1385 3282 1729 3338 mandatum
1746 3283 1867 3355 Dei,
1911 3301 1954 3368 ρ
1983 3294 2247 3351 suarum,
2271 3281 2636 3336 confortatus
2667 3286 2754 3336 est
2775 3283 2838 3336 in
2857 3282 3090 3338 insidiis
3113 3281 3254 3337 suis.
3284 3284 3398 3354 Ego
3425 3289 3624 3338 autem

218 3373 282 3424 et
315 3375 476 3424 tuam
507 3367 846 3440 adimplesti
873 3369 1254 3425 voluntatem.
1291 3369 1580 3436 Quoniam
1613 3373 1764 3428 sicut
1785 3373 1871 3428 di-

222 3459 326 3532 gni
360 3465 499 3513 sunt
531 3459 665 3526 vita,
695 3459 795 3528 qui
823 3458 1168 3514 mandatum
1201 3461 1301 3515 Dei
1333 3460 1664 3532 adimplent
1694 3469 1871 3533 atque

219 3548 591 3612 custodiunt,
625 3548 706 3602 ita
736 3549 819 3603 rei
855 3555 911 3603 et
940 3547 1208 3621 pel-digni
1241 3557 1378 3604 sunt
1425 3557 1634 3619 morte,
1671 3553 1770 3622 qui
1805 3569 1872 3607 ea

218 3642 611 3708 postponunt,
645 3643 703 3690 et
733 3637 791 3690 in
823 3654 1035 3692 vanum
1065 3638 1308 3693 ducunt.
1345 3640 1445 3693 Est
1469 3640 1626 3694 enim
1650 3640 1709 3694 in
1729 3658 1870 3712 apo-

213 3726 446 3782 stolicis
470 3727 754 3796 scriptum
778 3727 1063 3782 institutis
1087 3744 1099 3782 :
1125 3727 1170 3761 ⁹⁸
1193 3749 1219 3777 ‹‹
1241 3723 1499 3783 Alterius
1511 3728 1689 3785 vitam
1705 3746 1867 3785 nemo

209 3818 458 3877 laceret,
495 3821 553 3870 et
584 3815 654 3870 de
685 3816 842 3872 malo
875 3816 1067 3872 alieno
1099 3835 1162 3872 os
1195 3832 1366 3873 suum
1417 3833 1538 3872 non
1596 3819 1864 3891 coinqui-

208 3913 335 3960 net.
365 3928 392 3954 ››
426 3909 812 3960 Accusatores
847 3923 979 3962 vero
1001 3912 1058 3960 et
1081 3909 1510 3974 accusationes,
1540 3926 1686 3979 quas
1711 3909 1866 3981 leges

210 3995 418 4050 saeculi
450 4012 568 4050 non
601 3995 944 4062 admittunt,
979 4002 1035 4051 et
1062 4013 1168 4051 nos
1210 3997 1644 4054 submovcmus.

986 4089 1072 4140 ιγ.

517 4176 593 4228 De
625 4177 1033 4231 accusatoribus
1065 4193 1175 4231 non
1204 4177 1558 4248 recipiendis.

282 4261 330 4297 9°
368 4265 437 4316 Et
465 4263 792 4318 accusatori
822 4265 1065 4320 omnino
1100 4282 1216 4319 non
1249 4266 1406 4320 credi
1465 4267 1860 4334 decernimus,

208 4351 584 4422 qui,absente
603 4353 1208 4422 adversario,causam
1223 4357 1480 4426 suggerit
1499 4362 1634 4410 ante
1651 4357 1838 4412 utrius

209 4459 328 4512 que
361 4442 546 4512 partis
568 4442 792 4512 justam
826 4442 1279 4499 discussionem.
1315 4447 1428 4499 Nec
1461 4445 1540 4510 hi,
1587 4447 1689 4516 qui
1740 4463 1859 4503 non

206 4537 349 4586 sunt
367 4531 998 4601 idonei,suscipiantur
1018 4531 1090 4586 ad
1103 4534 1632 4602 accnsationem,et
1653 4552 1858 4592 omnes

1983 3371 2138 3427 sicut
2167 3371 2320 3426 oliva
2349 3371 2543 3426 virens
2577 3373 2638 3425 in
2671 3367 2846 3426 domo
2880 3371 3006 3440 Dei,
3039 3373 3263 3444 speravi
3298 3371 3357 3427 in
3389 3372 3626 3428 miseri-

1979 3461 2182 3516 cordia
2213 3460 2317 3515 Dei
2349 3461 2408 3514 in
2436 3461 2720 3515 saeculum
2749 3465 2807 3515 et
2826 3461 2885 3515 in
2918 3465 3204 3516 aeternum
3224 3462 3264 3516 ⁸.
3291 3462 3627 3517 Confitebor

1980 3545 2084 3602 tibi
2118 3547 2181 3603 in
2213 3543 2517 3614 saeculum,
2553 3545 2833 3619 quoniam
2865 3547 3052 3603 fecisti
3075 3553 3133 3603 et
3154 3551 3502 3620 exspectabo
3526 3568 3628 3604 no-

1977 3655 2116 3692 men
2147 3644 2336 3702 tuum,
2370 3637 2654 3708 quoniam
2688 3637 2908 3692 bonum
2940 3639 3002 3691 in
3033 3644 3352 3708 conspectu
3389 3645 3624 3693 sancto-

1974 3741 2108 3783 rum
2143 3725 2164 3759 ⁹
2191 3729 2428 3781 tuorum
2472 3723 2535 3779 ίθ.
2566 3723 2644 3782 De
2673 3725 2886 3780 talibus
2908 3727 3068 3780 enim
3091 3727 3538 3783 insidiatoribus
3566 3733 3624 3782 et

1973 3815 2419 3871 accusatoribus
2450 3827 2751 3870 serVorum
2785 3832 3026 3870 suorum
3049 3815 3314 3886 loquitur
3337 3817 3620 3872 Dominus

1972 3925 2079 3978 per
2107 3908 2463 3979 PrOphetam
2495 3906 2700 3962 dicens
2724 3922 2737 3960 :
2773 3929 2798 3955 α
2825 3907 2899 3961 Os
2921 3912 3086 3961 tuum
3111 3906 3385 3962 dimisisti
3408 3909 3482 3963 ad
3498 3926 3616 3962 ma-

1971 3996 2251 4065 litiam,et
2273 3997 2478 4067 lingua
2499 4001 2600 4052 tua
2621 3995 3000 4050 concinnavit
3021 3995 3244 4052 dolum.
3265 3997 3485 4051 Sedens
3513 3998 3616 4052 ad-

1970 4103 2170 4142 versus
2199 4087 2442 4141 fratrem
2467 4091 2632 4140 tuum
2658 4083 3014 4155 loquebaris.
3039 4091 3095 4139 et
3116 4085 3177 4140 in
3200 4086 3390 4140 filium
3413 4086 3619 4141 matris

1973 4177 2086 4229 tuae
2120 4166 2509 4230 fabricabaris
2541 4173 2941 4245 opprobrium.
2971 4175 3103 4229 Haec
3123 4174 3336 4241 fecisti,
3362 4183 3420 4229 et
3441 4175 3616 4230 tacui.

1968 4265 2334 4320 Existimasti
2361 4263 2619 4318 similem
2647 4263 2730 4318 tui
2761 4279 2854 4318 me
2905 4265 3170 4320 futurum
3190 4264 3218 4318 ‘?
3249 4281 3491 4334 arguam
3539 4270 3617 4332 te,

1971 4365 2027 4412 et
2059 4375 2385 4430 proponam
2425 4363 2476 4412 te
2509 4363 2647 4412 ante
2683 4357 2889 4412 oculos
2920 4362 3070 4412 tuos.
3104 4357 3422 4428 Intelligite
3470 4357 3614 4417 haec.

1967 4449 2066 4520 qui
2097 4447 2516 4504 obliviscimini
2547 4447 2752 4516 Deum,
2784 4464 2859 4502 ne
2890 4447 3041 4502 forte
3072 4447 3282 4518 rapiat,
3315 4452 3374 4500 et
3401 4463 3519 4500 non
3544 4447 3621 4500 sit

1966 4539 2065 4609 qui
2087 4538 2301 4592 liberet
2329 4537 2391 4591 Η.
2420 4561 2446 4585 ››
2479 4539 2847 4608 Languentes
2869 4541 3064 4592 autem
3091 4536 3273 4590 inisto
3302 4536 3613 4589 conamine

203 4620 308 4689 qui
341 4617 622 4674 adversus
655 4627 850 4690 patres
873 4626 1200 4690 armantur,
1234 4623 1484 4678 infames
1509 4639 1634 4678 esse
1657 4641 1857 4680 cense-
1893 4666 1932 4725 Ι,
1965 4625 2212 4685 notandi
2245 4631 2404 4693 sunt,
2442 4633 2500 4682 et
2530 4645 2563 4682 a
2594 4627 2810 4683 talibus
2842 4621 3190 4699 repellendi.
3234 4625 3400 4680 Tales
3454 4625 3650 4680 enim-

205 4725 368 4763 mus.
411 4710 612 4762 Patres
645 4709 804 4762 enim
837 4727 1044 4765 omnes
1076 4711 1398 4766 venerandi
1428 4719 1586 4779 sunt,
1620 4731 1740 4768 non
1761 4731 1853 4770 re-

201 4797 459 4870 spuendi
491 4805 595 4854 aut
629 4798 638 4830 '
677 4797 995 4855 insidiandi
1027 4801 1066 4854 ’.
1099 4799 1122 4832 ³
1155 4801 1221 4855 Hi
1252 4817 1386 4856 vero
1426 4802 1527 4874 qui
1574 4819 1709 4858 cum
1741 4803 1851 4858 ini-

197 4888 375 4944 micis
408 4893 846 4954 morantur,aut
867 4889 966 4960 qui
985 4891 1244 4960 suspecti
1271 4890 1583 4958 habentur,
1608 4893 1855 4950 minime

1911 4715 1929 4724 ”
1964 4718 2238 4773 membra
2269 4723 2406 4772 sunt
2439 4717 2676 4784 diaboli,
2705 4717 2805 4788 qui
2826 4719 2870 4752 ¹²
2894 4732 3130 4771 sursum
3148 4721 3323 4786 atque
3339 4715 3616 4770 deorsum

1965 4801 2295 4877 pervolans,
2319 4805 2532 4877 quaerit
2555 4823 2701 4876 quos
2730 4803 2918 4876 possit
2947 4803 3234 4862 occidere.
3261 4821 3408 4874 quos
3431 4805 3617 4875 possit

1969 4911 2267 4966 separare,
2301 4911 2449 4964 quos
2473 4893 2978 4964 possitdevorare.
3013 4896 3254 4964 Propter
3279 4909 3455 4964 quam
3491 4909 3616 4946 rem

271 5002 484 5080 s:’_I._uc.
513 5020 596 5080 γιἱ
617 5005 706 5080 (ιο.
783 5003 831 5038 ⁹³
861 5005 1147 5080 Damasus
1178 5007 1356 5080 citata
1381 5023 1471 5078 ep.
1507 5007 1759 5080 Illyricos
1790 5011 2000 5065 inserit
2031 5010 2190 5066 verb.
2225 5013 2646 5075 Romanorum,
2699 5012 2756 5078 6,
2791 5015 2997 5080 quaest.
3041 5011 3064 5063 1
3097 5027 3108 5063 ;
3143 5010 3460 5064 Sacerdotes
3490 5011 3606 5078 qui.

196 5075 243 5108 9‘
275 5073 416 5128 Isid.
460 5091 537 5136 ιιι,
573 5077 662 5139 39,
696 5080 754 5128 et
784 5092 856 5129 ex
885 5092 952 5128 eo
985 5075 1159 5131 Hadr.
1192 5078 1324 5132 coll.
1357 5073 1491 5133 oft.

195 5144 246 5178 93
276 5146 416 5200 Isid.
454 5147 888 5216 Synonymorum
918 5163 980 5206 ιι,
1017 5150 1067 5202 9.

194 5217 522 5272 Accusatori
550 5219 792 5270 Omnino.

172 5359 217 5392 ’⁸
248 5361 441 5444 Iniqui
469 5366 651 5464 autem
671 5361 1283 5464 idelebunturupgritfr,
1336 5369 1402 5416 et.

191 5447 504 5464 ............,...,
526 5447 633 5464 ηπ..
692 5446 885 5464 una..."
1136 5449 1195 5464 ιη.
1277 5451 1294 5464 .
1314 5450 1326 5464 .
1382 5450 1402 5464 τ

191 5432 636 5485 misericordiam
669 5438 907 5484 tuorum.
1014 5431 1048 5464 ί(

191 5502 240 5536 ¹²
273 5501 606 5568 Flavianus,
643 5503 818 5570 Epist.
854 5502 928 5556 ad
963 5501 1017 5558 S.
1057 5505 1300 5560 Leonem.

191 5617 350 5673 Nihil
384 5617 480 5693 hic
512 5615 808 5693 concludit
838 5624 914 5693 ut_
934 5620 1372 5693 calumniantur
1393 5621 1847 5693 Magdeburgen-

193 5705 311 5754 ses,
353 5689 458 5766 sed
488 5690 785 5742 rationem
813 5691 1011 5766 reddit
1040 5711 1144 5746 cur
1164 5689 1842 5766 sacerdotesetepiscopi

190 5760 468 5835 non_sint
499 5765 722 5818 temere
748 5776 784 5816 a
811 5760 980 5817 laicis
1011 5765 1328 5820 accusandi
1361 5782 1375 5834 ;
1424 5760 1668 5837 scilicet,
1703 5760 1842 5838 quia

1017 5082 1159 5131 ladr.
1192 5082 1324 5132 coll.
1357 5095 1406 5133 c.
1446 5082 1491 5132 1.
1600 5082 1642 5114 ³⁵
1672 5082 1840 5136 Rom.
1874 5099 1908 5149 ι,
1943 5085 1993 5136 3.
2097 5082 2142 5116 "6
2171 5082 2372 5138 Matth.
2414 5098 2470 5143 x,
2503 5084 2534 5136 9
2565 5097 2578 5146 ;
2615 5083 2745 5136 Luc.
2799 5099 2854 5150 ι,
2911 5083 2988 5134 16.
3099 5082 3142 5115 97
3191 5083 3357 5136 Rom.
3409 5097 3518 5146 xlv,
3552 5083 3601 5132 4.

1017 5150 1067 5228 9.
1171 5148 1216 5182 ’θ
1245 5151 1293 5202 3,
1327 5166 1383 5228 q.
1418 5151 1491 5228 8_:
1528 5155 1901 5228 .-tccz_zstzt_o_1_'es,
1937 5160 2048 5210 etc.
2084 5156 2151 5228 Et
2182 5155 2242 5228 in
2263 5153 2419 5228 decr.
2459 5151 2739 5228 Stephani
2772 5169 2938 5228 papa:
2971 5169 3039 5228 ac
3092 5147 3252 5228 Julii,
3303 5153 3356 5220 3,
3382 5168 3488 5228 _q.r
3521 5155 3552 5206 9
3590 5167 3601 5204 :

871 5216 890 5251 ί
921 5219 1185 5273 Anianus
1218 5216 1406 5274 const.
1435 5222 1488 5286 9,
1523 5222 1611 5276 tit.
1645 5224 1732 5290 39,
1767 5223 1866 5277 lib.
1903 5242 1982 5288 χι,
2014 5224 2142 5280 cod.
2178 5224 2395 5280 Theod.

192 5288 257 5341 in
281 5290 424 5342 edit.
450 5287 676 5342 Merlini
703 5305 716 5351 ;
742 5289 970 5356 primus
993 5290 1252 5345 Crabbus
1273 5292 1522 5346 alteram
1547 5287 1862 5350 lectionem
1885 5287 1985 5350 aut
2007 5297 2434 5352 correctionem
2461 5295 2786 5350 substituit.

192 5359 217 5392 ⁸
248 5361 441 5422 Iniqui
469 5366 651 5413 autem
683 5361 1006 5414 delabuntur
1051 5364 1283 5422 pariter,
1336 5369 1402 5416 et.
1512 5362 1533 5394 ⁷
1580 5365 1732 5420 Psal.
1779 5383 1968 5422 xxxvn.
2027 5370 2116 5422 32.
2166 5370 2254 5422 49.
2316 5385 2385 5422 ex
2437 5385 2582 5422 vers.
2643 5367 2786 5421 Hier.

1093 5382 1283 5428 araer,
1336 5382 1402 5416 ει.
1519 5382 1528 5394 ¹
1580 5382 1732 5420 rsat.
1779 5383 1968 5435 XXXVI,
2027 5382 2116 5426 δΖ.
2166 5382 2254 5432 4⁵9,
2316 5385 2385 5422 ex
2437 5385 2582 5422 vers.
2643 5382 2796 5421 ΠΙΘΓ.

1091 5435 1222 5488 Psal
1277 5450 1347 5502 ιι,
1382 5450 1488 5505 per
1519 5440 1703 5490 totum
1751 5453 1840 5491 ex.
1891 5454 2040 5492 vers.
2100 5437 2254 5492 Hier.
2393 5441 2432 5474 “
2467 5439 2620 5493 Psal.
2672 5453 2796 5492 xux

2097 5082 2142 5116 νδ
2171 5082 2372 5138 Matth.
2414 5098 2470 5143 x,
2503 5084 2534 5136 9
2565 5097 2578 5146 ;
2615 5083 2745 5136 Luc.
2799 5099 2854 5150 ι,
2911 5083 2988 5134 16.
3099 5080 3142 5150 π
3171 5083 3357 5150 Διὶοω.
3409 5097 3518 5146 xlv,
3552 5083 3604 5132 4.

2502 5223 2524 5258 ³
2553 5223 2868 5278 incusandi.
2973 5223 2996 5256 ⁵
3026 5223 3105 5277 ita
3135 5223 3196 5277 in
3229 5239 3336 5277 ms.
3371 5223 3513 5276 Just.
3551 5228 3608 5276 et

2863 5296 2885 5329 ⁴
2904 5296 3264 5362 fortissimum
3335 5294 3360 5327 ⁵
3379 5301 3602 5348 vestros.

2899 5368 2918 5400 ⁸
2947 5369 3337 5436 sempiternum.
3439 5365 3462 5398 9
3490 5381 3600 5419 ms.

2393 5441 2432 5474 ¹¹
2467 5439 2620 5493 Psal.
2672 5453 2820 5506 xux,
2873 5439 3062 5506 19-22,
3115 5452 3186 5490 ex
3240 5451 3391 5490 vers.
3445 5436 3604 5492 Hier.

1955 5628 2132 5677 tantm
2164 5623 2466 5692 dignitatis
2491 5624 2628 5696 sint,
2652 5632 2718 5679 ut
2747 5641 2960 5696 corpus
2985 5623 3213 5696 Domini
3236 5623 3472 5696 proprio
3497 5643 3598 5682 ore

1952 5701 2302 5750 consecrent
2335 5703 2393 5749 et
2423 5695 2796 5752 confirment.

2871 5707 2954 5749 ev.
2989 5693 3112 5750 Bm.
