4026 6214
402 361 553 421 1087
1820 355 1988 416 HYG

2175 357 2273 417 PA
2289 358 2404 417 PE
3629 364 3751 425 1088

394 493 765 565 vigilandum
798 497 906 556 est,
939 496 997 545 et
1036 489 1216 545 armis
1265 488 1602 544 cmlestibus
1659 504 1863 544 sumus
1915 505 2049 543 mu-
2079 494 2135 557 A
2165 489 2347 552 mine.
2380 490 2559 545 dilexi
2591 491 2995 547 habitaculum
3028 490 3241 546 domus
3272 495 3407 556 tum,
3428 497 3481 545 et
3502 491 3673 549 locum
3699 501 3759 552 ta~

407 584 634 648 niendi,
670 598 743 636 ne
776 583 835 636 in
865 581 994 650 ejus
1024 577 1340 648 compedes
1372 577 1728 640 incidamus,
1787 583 1889 633 aut
1933 578 2059 648 ejus
2170 577 2477 635 bernaculi
2508 579 2710 652 gloriae
2736 586 2870 636 tuas.
2893 580 2974 635 Ne
3001 580 3235 635 auferas
3254 595 3387 635 cum
3408 585 3763 652 peccatoribus

405 674 585 729 foveis
629 670 1021 739 illaqueemur
1047 668 1110 722 ‘3.
1143 667 1321 722 Decet
1349 667 1511 723 enim
1537 668 1597 722 in
1628 667 1845 723 talibus
1868 667 2058 724 causis
2168 668 2429 723 animam
2485 685 2699 736 meam,
2743 675 2802 725 et
2848 685 2982 724 cum
3035 669 3175 723 viris
3236 671 3577 741 sanguinum
3623 674 3765 730 vitam

410 765 519 817 hoc
548 759 802 815 maxime
836 756 1152 828 provideri,
1185 762 1249 811 ut
1281 757 1408 811 sine
1461 758 1712 829 strepitu
1753 762 2059 812 concerta-
2169 774 2384 814 meam.
2418 760 2484 813 In
2517 775 2767 829 quorum
2799 758 3076 814 manibus
3109 758 3302 814 scelus
3352 764 3459 827 est,
3506 765 3562 815 et
3600 761 3767 819 dextra

403 852 649 915 tionum,
684 851 743 901 et
770 845 1030 900 charitas
1052 845 1440 914 custodiatur,
1464 853 1521 901 et
1551 847 1764 902 veritas
1788 846 2063 902 defenda-
2171 864 2374 903 eorum
2407 849 2635 921 repleta
2665 852 2754 903 est
2783 848 3150 903 muneribus.
3186 850 3307 920 Ego
3341 854 3535 903 autem
3566 850 3616 904 in
3651 852 3766 907 sim-

400 946 517 1005 tur,
552 941 728 1007 atque
760 935 1139 1001 innocentes,
1165 941 1217 990 et
1254 936 1486 990 Domini
1514 936 1773 990 ministri
1796 935 1967 990 illaasi
1996 935 2061 989 li-
2170 935 2433 1007 plicitate
2466 952 2599 991 mea
2628 935 2882 1007 gradiar,
2914 936 3138 991 redime
3171 952 3269 991 me
3292 940 3353 990 et
3371 937 3635 994 miserere
3655 942 3764 998 mei.

334 1042 339 1049 '
399 1026 793 1081 berentur.De
808 1025 984 1079 bonis
999 1040 1137 1095 ergo
1153 1024 1411 1097 etlegem
1430 1025 1663 1079 Domini
1681 1024 2064 1079 custodienti—
2170 1025 2278 1079 Pes
2302 1042 2467 1081 meus
2490 1027 2652 1081 stetit
2674 1026 2733 1080 in
2752 1031 2932 1091 recto,
2958 1025 3019 1081 in
3042 1025 3313 1081 ecclesiis
3336 1025 3659 1083 benedicam
3673 1030 3767 1084 Do-

400 1111 1527 1184 bus,fratribusque“adjuvantibus,et
1541 1129 1661 1167 non
1684 1113 2059 1181 nocentibus,
2164 1115 2399 1170 .minum
2434 1113 2497 1171 ¹⁶,
2534 1138 2560 1164 ››
2593 1114 2966 1170 Concordent
2995 1114 3174 1187 igitur
3232 1131 3369 1170 cum
3401 1115 3657 1172 omnibus
3686 1119 3767 1174 Dei

407 1204 514 1259 sed
536 1201 1049 1274 supportantibus,
1074 1202 1157 1257 ait
1176 1218 1283 1273 per
1299 1202 1651 1272 Prophetam
1676 1200 1957 1256 Dominus
1982 1201 2059 1256 '5:
2174 1204 2580 1260 sacerdotibus
2613 1204 2704 1259 has
2727 1204 3031 1260 charitatis
3060 1205 3463 1268 sententiain
3485 1205 3676 1275 quibus
3692 1224 3769 1261 vos

412 1318 430 1369 ιγ
469 1296 592 1348 Non
625 1292 749 1347 sedi
786 1309 919 1347 cum
952 1292 1089 1346 viris
1122 1292 1420 1356 Vanitatis,
1456 1308 1589 1346 cum
1641 1291 1911 1361 superbis
1941 1309 2060 1346 non
2172 1295 2317 1349 ﬁxos
2350 1300 2408 1349 et
2439 1294 2640 1349 firmos
2664 1294 3338 1366 exsisterejudicamus.
3365 1296 3515 1349 Deus
3538 1312 3627 1351 vos
3646 1298 3772 1354 luco.

404 1382 722 1455 ingrediar.
758 1381 922 1436 0divi
960 1380 1273 1435 ecclesiam
1306 1380 2064 1451 pessimorum.etcumim-
2172 1383 2355 1437 lumes
2385 1384 2700 1450 custodiat,
2736 1383 2843 1438 fllii
2876 1384 3235 1439 charissimi.

409 1472 521 1543 piis
544 1488 662 1525 non
682 1470 919 1526 sedebo.
957 1470 1180 1525 Lavabo
1204 1470 1263 1524 in
1284 1470 1629 1524 innocentia
1642 1486 1852 1525 manus
1876 1487 2058 1538 meas,
2242 1473 2384 1526 Data
2402 1461 2848 1542 decimoquinto
2874 1471 3167 1527 Kalendas
3190 1460 3410 1540 (Martii,
3446 1474 3712 1529 Antonino
3730 1481 3773 1530 et

406 1567 463 1615 et
483 1561 744 1616 circuibo
769 1561 953 1615 altare
984 1565 1169 1614 tuum.
1198 1560 1537 1626 Domine,ut
1558 1559 1720 1615 clara
1742 1576 1877 1614 voce
1908 1576 2062 1629 praa-
2170 1562 2358 1615 Marco
2390 1558 2435 1594 1⁷
2466 1560 2609 1615 viris
2639 1560 2988 1618 clarissimis
3018 1562 3371 1618 consulibus
3403 1561 3466 1618 ³⁸.

406 1651 597 1706 dicem
627 1650 883 1716 laudem,
922 1655 978 1703 et
1008 1666 1246 1705 narrem
1278 1649 1480 1703 omnia
1502 1648 1801 1704 mirabilia
1822 1650 2062 1704 tua.Do-

478 1774 522 1808 1³
556 1775 607 1828 S.
648 1776 753 1828 leo
787 1792 877 1845 ep.
913 1776 965 1827 8.
1045 1772 1091 1805 “
1124 1774 1209 1828 Ita
1240 1790 1347 1845 ms.
1383 1790 1488 1845 pro
1518 1776 1827 1845 fratresque
1931 1772 1977 1808 ¹⁵
2007 1772 2159 1828 Psal.
2194 1790 2324 1833 xxv.
2366 1775 2417 1845 4,
2451 1789 2639 1843 usque
2671 1773 2744 1827 ad
2774 1773 2950 1828 finem
2984 1774 3156 1837 ,Hier
3209 1774 3515 1845 interpret.
3589 1773 3773 1829 ’διᾶραι

407 1847 693 1902 Damasus
726 1843 912 1916 supra,
932 1846 1165 1906 citatus,
1201 1843 1556 1915 quibusdam
1588 1843 1914 1898 identidem
1943 1846 2204 1900 mutatis.
2288 1845 2329 1879 ¹⁷
2360 1844 2422 1898 in
2453 1860 2565 1900 ms.
2600 1848 2837 1899 Antonio
2868 1853 2917 1899 et
2940 1847 3183 1910 Martio;
3215 1845 3323 1901 sed
3354 1843 3565 1901 absunt
3589 1846 3774 1901 afastis

407 1918 467 1972 hi
502 1915 812 1972 consules.’
872 1915 919 1950 ‘3
949 1916 1116 1972 Falsa
1147 1915 1525 1986 subscriptio.

1351 2248 2247 2425 HYGINIUS
2376 2249 2887 2421 PAPA

1897 2658 2355 2746 NOTITIA

425 2812 505 2863 Ex
536 2808 692 2863 Libri
737 2806 1063 2880 pontificali
1095 2809 1328 2881 Damasi
1362 2825 1547 2881 papae,
1579 2826 1674 2880 ap.
1707 2811 1908 2878 MANSI,
1942 2809 2174 2877 Concil.,
2210 2812 2251 2879 Ι,
2282 2813 2481 2865 663.-
2502 2811 2704 2867 Varias
2736 2808 3024 2881 lectiones
3055 2812 3114 2864 et
3141 2813 3320 2881 notas
3347 2807 3422 2864 ad
3452 2808 3599 2863 hunc
3628 2805 3785 2861 locum

1141 2880 1293 2935 Libri
1326 2881 1680 2951 pontificalis
1711 2881 1840 2937 vide
1870 2882 2201 2951 Patrologiae
2232 2885 2446 2939 Latinae
2473 2887 2517 2939 t.
2549 2881 2807 2951 CXXVII,
2839 2880 2952 2936 col.
2997 2880 3179 2951 1185.)

416 2038 3774 2080 ΞΞΞΞΞΞΞΞΞΞΞΞΞΞΞΞΞΞΞΞΞΞΞΞΞΞΞΞΞΞΞΞΞΞΞΞΞΞΞΞΞΞΞΞΞΞΞΞΞΞΞΞΞΞΞΞΞΞΞΞΞΞΞΞΞΞΞΞΞΞΞΞΞΞΞΞΞΞΞΞΞΞΞΞΞΞΞΞΞΞΞΞΞΞΞΞΞΞΕΞΞΙΙΕΞΞΞΞ

500 3008 781 3080 Hygiuius
810 3009 1050 3065 natione
1083 3012 1338 3072 Graecus,
1372 3025 1443 3062 ex
1472 3008 1849 3081 philosopho,
1882 3008 1953 3064 de
1986 3009 2254 3081 Athenis,
2288 3009 2458 3075 cujus
2479 3009 2885 3081 genealogiam
2912 3025 3031 3064 non
3058 3009 3277 3079 inveni,
3303 3009 3459 3065 sedit
3481 3024 3651 3081 annos
3671 3020 3790 3081 qua-

427 3076 1027 3155 tuorfmensestres,
1061 3076 1489 3155 diesﬁquatuor'.
1511 3080 1658 3155 _l_7_uit
1678 3076 1890 3155 autem
1922 3076 2291 3155 temporibus
2322 3081 2452 3155 veri
2482 3076 2545 3155 et
2572 3076 2768 3155 Marci,
2794 3097 2834 3155 _a
2866 3080 3181 3155 consulatu
3219 3076 3412 3155 Magni
3432 3076 3784 3155 etCamerini,

428 3166 618 3222 usque
649 3151 720 3206 ad
753 3152 1064 3223 Orphitum
1098 3158 1154 3206 et
1185 3152 1475 3223 Priscum.
1511 3152 1613 3205 Hic
1644 3151 1871 3207 clerum
1897 3151 2232 3223 composuit
2262 3157 2321 3205 et
2346 3151 2647 3206 distribuit
2671 3152 2905 3221 gradus.
2942 3153 3045 3207 Hic
3073 3152 3214 3209 fecit
3256 3151 3649 3209 ordinationes
3692 3155 3787 3223 tres

430 3217 537 3303 per
574 3217 850 3306 mensem.
873 3223 1278 3306 Decembrem,
1312 3217 2087 3306 presbyteros‘quindeci'm,
2112 3223 2393 3279 diaconos
2416 3217 3034 3306 Quintium-episcopos
3047 3240 3161 3306 per
3181 3225 3415 3306 diversa
3438 3225 3559 3305 loca
3580 3238 3682 3277 sex.
3702 3217 3784 3306 Qui

425 3294 607 3418 (sitiamt
632 3295 900 3365 sepultus
931 3300 1023 3350 est
1043 3297 1217 3367 juxta
1246 3311 1458 3365 corpus
1490 3295 1647 3349 beati
1680 3294 1836 3349 Petri
1871 3294 1931 3349 in
1966 3294 2265 3363 Vaticano,
2299 3296 2471 3351 tertio
2520 3294 2657 3350 Idus
2704 3294 2987 3353 Januarii.
3047 3294 3114 3350 Et
3166 3297 3421 3352 cessavit
3466 3296 3785 3367 episcopatus

471 3382 553 3418 185
612 3383 726 3418 [‘88.

471 3382 553 3420 18$
587 3382 726 3422 tres.

1418 3675 2175 3831 HYGINII
2298 3679 2865 3830 PAP/E

1838 3942 2425 4030 EPISTOLIE

1526 4094 1750 4163 (Mum,
1781 4093 1985 4149 Concil.
2019 4093 2252 4163 collect.,
2290 4099 2326 4149 t.
2360 4097 2403 4159 Ι,
2437 4093 2548 4152 col.
2581 4096 2730 4155 663.)

874 4339 1210 4394 EPISTOLA
1249 4341 1471 4396 PRIMA
1504 4343 1635 4414 (25).
2110 4358 2154 4421 Β
2183 4351 2493 4417 peccatum
2526 4345 2585 4399 in
2609 4360 2806 4411 carne,
2835 4349 2900 4400 ut
2913 4345 3152 4417 justitia
3171 4344 3318 4419 legis
3342 4344 3668 4417 impleretur
3684 4337 3735 4391 ²¹.
3754 4354 3774 4382 ιο

846 4447 917 4485 AD
957 4446 1133 4485 cunas
1171 4447 1378 4486 CHRISTI
1418 4449 1655 4488 FIDBLES.
2183 4434 2229 4470 ²²
2258 4434 2443 4489 Filius
2494 4450 2615 4488 non
2666 4433 2993 4489 secundum
3044 4432 3328 4490 deitatem
3384 4433 3563 4489 solam
3589 4447 3619 4485 a
3644 4430 3778 4482 Patre

423 4540 499 4594 De
526 4538 631 4608 ﬁde
658 4538 725 4613 ιφ,
757 4544 811 4593 et
857 4545 921 4593 ut
978 4540 1440 4613 metropolitanum
1506 4542 1707 4613 absque
1758 4548 2013 4598 caeteroru

2188 4524 2399 4579 missus
2414 4528 2522 4589 est,
2544 4521 2649 4577 sed
2670 4522 3003 4578 secundum
3020 4538 3282 4594 carnem,
3314 4538 3487 4594 quam
3509 4518 3778 4576 clementer

615 4612 989 4680 episcome
1020 4610 1289 4666 instantia
1317 4628 1427 4667 non
1456 4610 1651 4668 audiat
1679 4629 1886 4669 causas.
2185 4639 2205 4678 ε

2185 4628 2244 4678 et
2271 4622 2366 4693 pie
2390 4638 2495 4691 pro
2519 4621 2693 4676 nobis
2717 4637 3021 4676 assumere
3040 4638 3161 4676 non
3184 4621 3531 4694 dedignatus
3551 4622 3644 4673 est.
3662 4614 3773 4668 Nam

499 4718 782 4790 Hyginius
812 4717 859 4753 ²⁰
889 4719 950 4773 in
982 4719 1197 4774 Christi
1230 4721 1471 4776 nomine
1493 4721 1665 4776 almae
1692 4722 1855 4777 urbis
1878 4702 2076 4778 Romae

2185 4710 2342 4783 quod
2371 4712 2778 4781 semetipsum,
2809 4710 3113 4765 exinanita
3129 4710 3457 4781 majestatis
3485 4724 3596 4763 sua;
3613 4706 3773 4775 poten-

428 4807 760 4879 episcopus,
794 4808 1022 4863 cunctis
1054 4809 1116 4863 in
1168 4809 1489 4881 apostolica
1545 4810 1659 4865 fide
1706 4816 1762 4866 et
1808 4811 2079 4866 doctrina
2187 4801 2286 4865 tia,
2321 4799 2479 4854 idem
2512 4816 2573 4855 se
2606 4800 2789 4855 Filius
2821 4798 3073 4864 miserit,
3105 4799 3424 4871 Apostolus
3441 4795 3770 4881 contestatur,

428 4874 803 4969 degentibus,
839 4897 1114 4952 salutem.
1204 4874 1225 4881 -
2186 4894 2244 4945 et
2272 4889 2448 4944 dicit:
2482 4911 2510 4938 «
2548 4889 2940 4960 Semetipsum
2977 4887 3319 4959 exinanivit,
3375 4889 3609 4943 formam
3654 4874 3768 4935 servi

1229 4987 1272 5040 Ῑ-
2186 4988 2570 5060 accipiens,et
2584 4986 2919 5042 humiliavit
2933 4987 3315 5057 semetipsum
3328 4978 3771 5053 ,factusobediens

848 5075 924 5128 De
951 5076 1205 5130 missione
1234 5075 1366 5131 Filii
1395 5095 1429 5131 a
1456 5078 1643 5132 Patre.
2186 5094 2374 5148 usque
2407 5079 2481 5133 ad
2513 5082 2789 5143 mortem,
2825 5080 3077 5130 mortem
3122 5080 3319 5130 autem
3380 5072 3559 5130 crucis
3587 5069 3643 5121 9’.
3674 5088 3696 5113 »
3722 5062 3771 5115 Εῑ

498 5164 861 5225 Charissimi,
896 5185 924 5213 «
958 5164 1109 5218 Deus
1141 5164 1352 5219 Filium
1386 5183 1558 5221 suum
1592 5166 1753 5222 misit
1776 5167 1836 5221 in
1853 5165 2065 5222 simili-
2189 5167 2370 5221 Isaias
2404 5184 2416 5220 :
2450 5190 2476 5217 α
2515 5168 2639 5220 Non
2687 5165 2935 5237 legatus,
2984 5180 3176 5235 neque
3226 5164 3488 5236 angelus,
3521 5158 3613 5215 sed
3655 5155 3770 5210 Deli5

427 5254 692 5310 tudinem
724 5253 920 5309 carnis
968 5254 1214 5323 peccati,
1260 5260 1319 5308 et
1366 5253 1437 5309 de
1490 5262 1729 5325 peccato
1776 5255 2077 5310 damnavit
2186 5256 2312 5325 ipse
2345 5256 2557 5322 veniet,
2592 5260 2652 5310 et
2681 5253 2925 5309 salvabit
2954 5270 3063 5307 nos
3091 5253 3157 5306 ²⁴.
3193 5275 3222 5301 ››
3253 5255 3398 5307 Item
3449 5249 3613 5306 alibi:
3643 5242 3772 5296 «Pa‘

492 5379 623 5433 “in
658 5396 769 5434 ms.
806 5379 877 5431 De
897 5379 1002 5447 ﬁde
1031 5384 1081 5431 et
1107 5378 1393 5445 religionis
1444 5382 1641 5433 causis.
1692 5379 1870 5435 Hard.
1924 5379 1971 5414 ²⁰
2020 5380 2079 5434 in
2130 5395 2237 5433 ms.
2288 5381 2566 5447 Viginus;
2627 5383 2683 5432 et
2735 5376 2893 5448 apud
2943 5377 3287 5431 Gratianum
3347 5379 3525 5447 Iginus
3544 5391 3577 5448 ἐ,
3617 5362 3765 5448 “ubi?

416 5452 678 5521 Higinius
700 5467 718 5504 :
749 5431 966 5519 ubique
1007 5455 1184 5521 recte.
1212 5431 1563 5505 hARDUlNUS.
1670 5451 1712 5488 ει
1750 5455 1915 5507 Rom.
1950 5468 2070 5513 vm,
2103 5452 2156 5518 3,
2189 5453 2222 5504 4
2348 5431 2393 5485 ἦ
2424 5431 2678 5505 Ithacius
2710 5431 2905 5503 coiztra
2964 5449 3337 5504 Warimadum
3373 5431 3500 5519 cap.
3556 5444 3603 5508 3.-
3643 5431 3766 5491 unde

417 5520 579 5577 fraus
612 5521 815 5593 pateﬁt
844 5520 1204 5576 Mercatoris.
1282 5523 1326 5556 ³³
1354 5521 1611 5593 Philipp.
1649 5540 1711 5589 ιι,
1745 5527 1797 5591 7,
1832 5524 1883 5577 8.
1961 5524 2006 5557 "
2037 5524 2147 5577 lsa.
2182 5537 2383 5589 xxxm,
2420 5521 2491 5577 22
2522 5528 2579 5576 et
2620 5538 2786 5589 xxxv,
2818 5522 2871 5575 4.

497 5636 606 5703 (25)
637 5636 917 5703 Suspecta
948 5651 1080 5691 cum
1124 5636 1397 5706 sequenti
1430 5636 1647 5693 dicitur
1677 5639 1790 5706 VV,
1823 5638 2095 5695 eruditis.
