4026 6214
288 357 451 417 1089

294 603 326 631 ‹‹
363 577 661 650 Dereliqui
720 576 965 633 domum
1023 593 1241 643 meam,
1288 576 1487 632 dimisi
1542 577 1949 633 haereditatem

297 686 515 726 meam.
549 666 715 736 Veni,
738 673 794 721 et
823 666 1013 722 factus
1034 683 1163 722 sum
1198 665 1313 721 illis
1341 666 1402 721 in
1433 667 1817 738 opprobrium
1847 666 1945 721 ³⁸.-

296 762 370 815 Et
397 759 458 813 in
484 756 726 813 Michaaa
751 773 808 810 τα
859 758 1004 811 Ecce
1038 756 1324 812 Dominus
1353 756 1567 823 veniet,
1603 762 1661 810 et
1686 772 1953 811 commo-

300 847 599 903 vehuntur
651 844 759 900 sub
791 862 861 901 eo
894 849 1129 900 montes
1188 843 1254 899 ³⁷.
1307 867 1334 894 ››
1395 847 1465 899 Et
1508 844 1571 899 in
1629 845 1951 900 Zacharia:

303 958 333 989 α
369 934 565 993 Gaude
598 940 657 990 et
681 933 1065 1004 exsulta,filia
1095 934 1259 999 Sion,
1292 934 1432 1004 quia
1461 950 1596 990 ecce
1628 951 1733 1007 ego
1756 933 1951 998 venio,

304 1032 366 1083 et
393 1024 807 1083 commorabor
846 1025 905 1080 in
952 1024 1148 1081 medio
1199 1025 1303 1093 tui,
1336 1025 1479 1081 dicit
1507 1027 1791 1082 Dominus
1822 1023 1887 1077 ³⁸.
1925 1046 1951 1073 ››

300 1119 373 1171 Et
429 1115 744 1187 Apostolus
773 1113 848 1170 ad
905 1113 1277 1170 Timotheum
1304 1132 1317 1169 :
1352 1138 1379 1164 «
1408 1117 1708 1171 Humanus
1739 1131 1954 1183 sermo,

304 1213 367 1262 et
389 1205 553 1260 omni
584 1204 928 1275 acceptione
959 1203 1193 1275 dignus,
1227 1204 1508 1275 quoniam
1565 1206 1731 1260 Jesus
1778 1204 1954 1258 Chri-

302 1302 433 1351 stus
462 1294 621 1349 venit
654 1293 715 1348 in
746 1293 905 1348 hunc
936 1293 1225 1348 mundum
1257 1300 1597 1363 peccatores
1646 1293 1836 1349 salvos
1866 1293 1954 1348 fa~

299 1401 437 1440 cere
487 1384 552 1438 ⁸⁸.
587 1404 615 1432 ››
660 1384 731 1437 Et
785 1382 1098 1438 Malachias
1131 1399 1143 1435 :
1171 1403 1198 1432 «
1231 1384 1376 1437 Ecce
1425 1382 1618 1437 subito
1675 1382 1871 1437 veniet
1898 1382 1959 1435 in

201 1470 209 1476 ’
303 1472 532 1544 templo
557 1488 663 1528 suo
690 1471 993 1535 Dominus,
1029 1488 1208 1541 quem
1240 1488 1340 1526 vos
1371 1471 1656 1541 quaeritis,
1690 1477 1745 1526 et
1776 1474 1960 1542 Ange-

305 1562 404 1618 lus
434 1561 798 1629 testamenti,
833 1577 1010 1631 quem
1038 1576 1136 1615 vos
1156 1558 1329 1614 vultis
1349 1559 1412 1615 ³ο.
1448 1582 1475 1609 ››
1507 1561 1574 1616 In
1604 1559 1919 1631 Evangelia
1945 1576 1957 1613 :

311 1673 342 1701 ‹‹
376 1652 504 1706 Non
536 1650 665 1705 veni
694 1664 903 1705 vocare
954 1648 1282 1719 justos,sed
1314 1654 1655 1720 peccatores
1688 1649 1749 1703 in
1774 1648 1964 1720 pumi-

310 1739 561 1795 tentiam
589 1737 658 1790 31.
690 1761 719 1789 »
752 1740 897 1793 Item
929 1737 1072 1792 alibi
1107 1753 1119 1791 :
1145 1759 1174 1787 «
1206 1736 1357 1802 Quid
1387 1737 1558 1792 nobis
1580 1743 1637 1792 et
1667 1736 1809 1807 quid
1834 1736 1961 1800 tibi,

311 1828 454 1883 Iesu
476 1827 585 1882 Fili
617 1827 720 1881 Dei
737 1827 765 1880 ‘l
799 1826 1021 1881 Venisti
1053 1830 1189 1880 ante
1218 1832 1453 1897 tempus
1474 1824 1722 1896 perdere
1746 1824 1919 1880 nos82
1938 1825 1965 1878 ‘I

310 1917 485 1971 Venit
506 1915 686 1971 Filius
716 1914 977 1970 hominis
1002 1914 1230 1969 salvare
1264 1920 1322 1969 et
1352 1930 1617 1985 quaerere
1650 1914 1809 1984 quod
1836 1931 1961 1985 per-

304 2006 462 2061 ierat
491 2007 555 2060 ³³.
592 2006 790 2059 »ltem
820 2002 961 2057 alibi
996 2019 1009 2057 ε
1044 2026 1071 2052 ‹‹
1135 2005 1249 2075 Ego
1307 2003 1437 2058 veni
1496 2007 1562 2058 ut
1620 2004 1798 2058 vitam
1855 2003 1962 2058 ha—

306 2096 512 2162 beant,
540 2100 599 2149 et
646 2092 1049 2149 abundantius
1107 2092 1364 2148 habeant
1390 2090 1459 2146 3‘.
1487 2113 1515 2142 ››
1574 2095 1719 2148 Item
1769 2092 1908 2147 alibi
1944 2108 1959 2147 :

304 2208 334 2233 α
365 2186 547 2240 Nemo
574 2182 844 2238 ascendit
898 2182 961 2236 in
992 2181 1228 2246 cwlum,
1259 2181 1375 2236 nisi
1433 2182 1535 2251 qui
1575 2181 1647 2237 de
1687 2181 1829 2237 caelo
1862 2180 1960 2237 de-

315 2271 571 2343 scendit,
603 2270 781 2325 Filius
812 2269 1069 2324 hominis
1101 2270 1203 2340 qui
1233 2275 1324 2325 est
1367 2269 1430 2323 in
1461 2268 1608 2324 ccelo
1629 2270 1693 2325 ³⁵.
1730 2289 1755 2322 ι
1800 2272 1962 2325 Nun-

306 2360 454 2431 quid
482 2359 545 2414 in
575 2360 668 2414 his
698 2359 880 2414 tantis
909 2374 976 2413 ac
1007 2357 1222 2412 talibus
1253 2357 1631 2425 testimoniis,
1665 2359 1880 2429 quibus
1902 2376 1963 2414 se

306 2450 492 2506 Filius
519 2449 621 2505 Dei
651 2467 687 2505 a
718 2449 1038 2520 semetipso
1070 2448 1300 2503 venisse
1331 2454 1581 2504 testatus
1608 2455 1715 2517 est,
1747 2450 1967 2520 poterit

307 2539 445 2611 quis
475 2539 693 2606 dicere,
727 2538 800 2593 ab
822 2538 961 2604 alio,
994 2543 1054 2593 et
1086 2554 1209 2593 non
1240 2554 1274 2593 a
1302 2539 1646 2609 semetipso,
1681 2539 1910 2594 venisse
1940 2539 1968 2593 ?

302 2628 456 2684 dum
490 2627 876 2683 manifestum
907 2632 1018 2695 est,
1060 2626 1220 2698 quod
1279 2626 1381 2697 qui
1430 2643 1672 2682 carnem
1704 2634 1968 2682 nostram

315 2716 633 2789 dignanter
688 2715 1031 2786 assumpsit,
1079 2715 1431 2785 voluntarie,
1475 2721 1533 2770 et
1590 2732 1709 2771 non
1750 2717 1821 2772 ab
1853 2717 1967 2772 alio

320 2806 565 2874 missus,
598 2805 843 2860 venerit.
866 2806 1008 2859 Nam
1041 2804 1143 2875 qui
1167 2804 1228 2858 in
1250 2805 1422 2859 Patre
1450 2821 1721 2873 manens,
1751 2805 1971 2877 ubique

319 2893 593 2966 potentia
623 2909 729 2949 sua
758 2892 1052 2960 consistit,
1084 2891 1185 2947 ubi
1214 2908 1330 2961 quo
1361 2907 1396 2946 a
1418 2893 1589 2947 Patre
1616 2894 1970 2958 mitteretur,

322 2981 671 3039 omnimodo
703 2998 822 3037 non
875 2981 1101 3047 habuit,
1135 2980 1416 3051 quoniam
1448 2981 1616 3037 nulla
1646 3000 1781 3054 pars
1800 2982 1970 3038 caelo-

320 3088 455 3128 rum
486 3087 554 3127 ac
579 3077 753 3127 terrae
780 3088 815 3127 a
845 3078 1163 3141 conspectu
1192 3070 1380 3125 Patris
1412 3071 1723 3141 excipitur,
1756 3072 1856 3127 ubi
1881 3089 1973 3127 se-

321 3161 583 3217 cundum
614 3178 717 3216 vos
745 3177 780 3216 a
807 3163 980 3216 Patre
1018 3159 1198 3214 Filius
1224 3159 1559 3214 mitteretur
1578 3159 1605 3215 ?
1623 3163 1692 3215 Et
1722 3161 1969 3216 Paulus:

322 3274 351 3300 «
387 3249 791 3318 Renovamini,
826 3249 1044 3319 inquit,
1078 3249 1288 3318 spiritu
1318 3248 1536 3302 mentis
1560 3253 1852 3314 vestrw,et
1883 3250 1970 3303 in-
2005 3225 2045 3289 (ἶ

323 3340 489 3395 duite
522 3355 737 3394 novum
762 3337 1205 3407 hominem,qui
1241 3336 1569 3391 secundum
1601 3338 1785 3392 Deum
1814 3354 1981 3394 crea-

318 3434 415 3484 tus
445 3434 538 3484 est
565 3428 628 3482 in
651 3427 885 3498 justitia
913 3432 972 3481 et
1001 3425 1311 3481 sanctitate
1356 3426 1618 3481 veritatis
1647 3426 1710 3481 ³⁸.
1746 3449 1774 3476 ››
1806 3429 1875 3481 Et
1903 3426 1977 3482 ad

324 3519 600 3573 Hebraeos
626 3534 638 3571 :
668 3540 694 3568 ‹‹
727 3520 791 3571 In
819 3534 887 3572 eo
921 3515 1103 3583 enim,
1159 3517 1219 3570 in
1260 3533 1376 3587 quo
1407 3532 1615 3587 passus
1646 3522 1735 3571 est
1765 3517 1888 3587 ipse
1923 3523 1979 3572 et

318 3615 586 3664 tentatus
608 3613 947 3678 est,potens
978 3611 1069 3662 est
1093 3612 1151 3660 et
1182 3606 1285 3672 eis,
1323 3606 1420 3676 qui
1455 3610 1778 3673 tentantur,
1814 3607 1974 3660 auxi-

322 3698 459 3755 liari
491 3698 559 3753 3".
603 3716 629 3748 ι
668 3696 855 3762 Unde,
887 3696 1099 3751 fratres
1148 3695 1357 3761 sancti,
1391 3694 1713 3750 vocationis
1745 3711 1981 3767 semper

327 3788 584 3844 caelestis
613 3783 1693 3859 participes,considerateApostolum
1716 3785 1980 3839 etPonti-

327 3878 501 3935 ﬂcem
526 3875 918 3932 confessionis
941 3872 1658 3941 nostrae,Jesum,ﬁdelem
1676 3874 1977 3928 exsisten-

330 3972 449 4021 tem
482 3966 536 4021 ei
568 3966 668 4036 qui
699 3963 922 4019 vocavit
948 3978 1103 4017 eum.
1130 3964 1199 4017 Et
1227 3962 1302 4017 ad
1332 3961 1709 4017 Colossenses
1733 3978 1746 4015 :
1768 3963 1980 4017 «Nunc

331 4060 533 4110 autem
566 4052 843 4125 deponite
868 4058 927 4107 et
955 4070 1056 4107 vos
1084 4052 1378 4120 universa,
1413 4051 1585 4116 iram,
1617 4050 1978 4123 indignatio-

332 4160 495 4209 nem,
537 4142 844 4210 malitiam,
866 4141 1318 4213 blasphemiam,
1354 4140 1663 4211 turpiaque
1712 4140 1887 4196 verba
1912 4157 1983 4196 ex

330 4249 433 4287 ore
454 4237 649 4287 vestro
690 4248 813 4287 non
842 4230 1185 4302 procedant.
1219 4229 1407 4284 Nolite
1438 4229 1677 4284 mentiri
1704 4229 1980 4298 invicem,

327 4320 728 4394 exspoliantes
758 4337 857 4375 vos
904 4325 1163 4375 veterem
1224 4319 1527 4374 hominem
1562 4335 1695 4373 cum
1755 4319 1983 4375 actibus

329 4412 476 4481 suis,
510 4414 568 4465 et
596 4408 823 4465 induite
852 4425 1090 4476 novum,
1118 4408 1219 4479 qui
1274 4413 1590 4463 renovatur
1636 4408 1696 4461 in
1729 4408 1981 4481 agnitio-

323 4516 464 4555 nem
492 4498 820 4555 secundum
842 4498 1165 4569 imaginem
1199 4498 1329 4569 ejus
1360 4497 1462 4568 qui
1482 4497 1699 4551 creavit
1719 4513 1849 4551 eum
1880 4496 1984 4551 ³⁸.»

1790 356 2210 419 ΕΡΙδΤΟΙΛΕ.

290 489 416 548 lam
448 486 696 561 apparui
714 503 835 544 non
860 486 1265 559 querentibus
1296 503 1391 542 me
1422 486 1489 543 ⁸⁵.
1514 489 1948 545 »Et.leremias:
1981 493 2037 559 Α
2065 490 2379 563 Evangelio
2411 492 2496 548 ait

3555 366 3715 426 1090

2547 509 2561 547 :
2613 514 2641 544 «
2673 495 2790 566 Ego
2821 499 2881 549 et
2924 497 3099 551 Pater
3134 512 3321 553 unum
3351 513 3558 554 sumus
3588 501 3652 555 ”.
3679 523 3706 550 ››

2057 580 2401 637 Etiterum:
2445 604 2472 631 «
2504 581 2612 647 Qui
2641 600 2734 639 me
2766 583 2943 653 videt,
3002 584 3162 640 videt
3191 593 3249 641 et
3292 589 3527 643 Patrem
3574 588 3643 644 ⁴⁰.
3683 612 3711 639 ››

2058 670 2127 722 Et
2184 670 2457 726 iterum:
2514 694 2541 721 ‹‹
2598 672 2707 737 Qui
2760 673 2886 728 odit
2936 690 3052 742 me,
3108 680 3166 729 et
3217 676 3452 731 Patrem
3510 694 3706 734 meum

2059 756 2185 812 odit
2203 758 2265 811 “.
2302 780 2331 808 »
2364 762 2435 814 Et
2474 760 2729 817 iterum:
2763 784 2790 811 «
2836 764 2905 817 Ut
2935 779 3143 819 omnes
3194 764 3588 820 honoriliccnt
3626 769 3712 821 Fi-

2060 845 2229 912 lium,
2263 847 2419 903 sicut
2478 849 2865 904 honorificant
2894 855 3130 906 Patrem
3161 852 3226 906 ⁸⁵.
3264 875 3291 902 ››
3326 854 3396 907 Et
3442 854 3658 910 iterum
3695 873 3709 910 :

2061 957 2088 984 «
2125 936 2194 990 Ut
2223 936 2342 990 sint
2384 936 2445 991 in
2475 938 2648 992 nobis
2685 955 2892 1006 unum,
2946 940 3098 995 sicut
3148 945 3206 995 et
3235 958 3344 996 nos
3372 959 3557 998 unum
3600 960 3704 998 su-

2062 1037 2241 1087 mus;
2276 1022 2430 1077 tuin
2476 1039 2592 1091 me,
2625 1029 2684 1078 et
2731 1039 2834 1096 ego
2878 1024 2941 1079 in
2995 1026 3080 1079 eis
3127 1024 3192 1079 ‘3.
3248 1050 3275 1075 ››
3326 1029 3396 1082 Et
3432 1029 3648 1084 iterum
3697 1045 3709 1082 :

2064 1131 2092 1157 ‹‹
2121 1111 2334 1165 Omnia
2382 1127 2517 1166 mea
2546 1116 2648 1167 tua
2696 1117 2834 1166 sunt
2863 1112 2927 1166 Μ.
2963 1136 2992 1162 ››
3024 1116 3093 1167 Et
3122 1115 3340 1169 iterum
3376 1134 3387 1169 :
3444 1140 3472 1166 ιι
3505 1120 3621 1189 Ego
3651 1119 3712 1172 in

2063 1200 2257 1266 Patre,
2291 1204 2349 1255 et
2376 1202 2553 1254 Pater
2603 1202 2664 1254 in
2696 1217 2790 1255 me
2823 1202 2886 1253 ⁴⁵.
2921 1223 2950 1250 ››
2982 1204 3052 1256 Et
3081 1202 3297 1257 iterum
3333 1221 3345 1257 :
3394 1228 3420 1253 «
3447 1206 3621 1260 Pater
3651 1207 3713 1261 in

2064 1304 2159 1342 me
2184 1305 2453 1354 manens,
2484 1289 2626 1344 facit
2646 1306 2828 1360 opera
2849 1289 2975 1345 haac
3003 1292 3065 1345 “.
3102 1312 3131 1340 »
3163 1293 3230 1346 Et
3258 1292 3514 1348 Joannes
3540 1310 3718 1349 evan-

2065 1376 2272 1447 gelista
2293 1378 2410 1432 ait:
2442 1398 2463 1429 ι
2490 1379 2553 1432 ln
2584 1378 2880 1449 principio
2914 1384 3041 1434 erat
3068 1379 3341 1449 Verbum,
3375 1387 3434 1435 et
3465 1383 3717 1437 Verbum

2066 1471 2195 1520 erat
2222 1465 2379 1536 apud
2409 1467 2615 1532 Deum,
2641 1473 2699 1520 et
2727 1468 2880 1521 Deus
2914 1474 3041 1523 erat
3076 1468 3326 1523 Verbum
3358 1470 3423 1524 ‘7.
3458 1491 3485 1519 ››
3513 1471 3578 1525 Et
3608 1471 3719 1526 ite-

2069 1572 2201 1610 rum
2252 1555 2376 1627 ipse
2409 1555 2484 1610 ad
2513 1557 2763 1611 Parthos
2798 1574 2811 1611 :
2845 1554 2893 1590 ‘3
2937 1579 2964 1605 «ι
3007 1559 3147 1613 Tres
3174 1564 3331 1626 sunt,
3365 1559 3580 1630 inquit,
3616 1560 3717 1631 qui

2069 1645 2471 1700 testimonium
2506 1645 2820 1716 perhibent
2850 1646 2910 1700 in
2944 1650 3100 1701 terra
3135 1664 3148 1701 :
3182 1664 3356 1717 aqua,
3390 1649 3631 1721 sanguis
3662 1656 3721 1705 et

2071 1751 2207 1789 caro
2242 1751 2254 1788 :
2316 1740 2374 1789 et
2403 1741 2520 1789 tres
2551 1735 2614 1788 in
2660 1735 2832 1789 nobis
2884 1742 3025 1789 sunt
3064 1736 3164 1806 qui
3216 1735 3267 1769 4”
3309 1738 3719 1795 testimonium

2071 1823 2464 1895 perhibentin
2495 1824 2642 1878 caalo
2664 1841 2675 1878 :
2696 1826 2889 1889 Pater,
2919 1824 3167 1879 Verbum
3188 1832 3247 1879 et
3272 1826 3525 1896 Spiritus
3550 1844 3562 1881 :
3588 1829 3723 1882 ethi

2072 1919 2192 1967 tres
2232 1929 2415 1967 unum
2450 1919 2592 1968 sunt
2622 1913 2689 1966 ⁵ο.
2735 1936 2761 1962 ››
2804 1916 2918 1968 Nos
2959 1914 3157 1983 itaque
3190 1915 3247 1968 in
3281 1920 3492 1971 natura
3524 1915 3724 1970 divini-

2072 2002 2228 2071 tatis,
2262 2002 2401 2072 quia
2458 2019 2644 2057 unum
2689 2006 2828 2056 sunt
2855 2004 3030 2057 Pater
3068 2008 3125 2057 et
3155 2003 3336 2058 Filius
3385 2010 3443 2059 et
3474 2005 3723 2076 Spiritus

2071 2097 2334 2161 sanctus,
2353 2108 2461 2147 nec
2492 2094 2725 2146 Patrem
2755 2091 2951 2162 aliquo
2975 2097 3240 2163 tempore
3258 2093 3554 2148 credimus
3573 2111 3726 2166 prse-

2073 2181 2343 2250 cessisse,
2375 2186 2442 2237 ut
2469 2181 2662 2252 major
2693 2180 2769 2235 sit
2788 2181 2931 2235 Filio
2956 2200 2970 2249 ;
3006 2196 3116 2236 nec
3144 2181 3357 2236 Filium
3389 2190 3595 2254 postea
3624 2201 3723 2240 na-

2077 2274 2199 2324 tum
2232 2287 2381 2341 esse,
2416 2275 2482 2325 ut
2511 2270 2817 2326 divinitate
2838 2271 3029 2325 Patris
3056 2271 3405 2327 minoretur.

2881 2380 2930 2433 Il

2540 2469 2613 2524 De
2651 2471 2828 2524 causis
2866 2470 3264 2539 episcoporum.

2148 2577 2189 2612 ⁵⁸
2243 2577 2555 2638 Craterum,
2588 2575 2821 2643 fratres,
2856 2576 3013 2630 salvo
3041 2577 3102 2630 in
3134 2576 3415 2632 omnibus
3449 2579 3724 2633 Romamn

2080 2666 2354 2721 Ecclesiae
2382 2666 2709 2739 privilegio,
2745 2665 2949 2721 nullus
2980 2664 3471 2736 metropolitanus
3503 2667 3726 2738 absque

2080 2761 2431 2812 ceterorum
2472 2758 2743 2813 omnium
2789 2755 3374 2828 comprovincialium
3414 2757 3720 2830 episcopo-

2080 2861 2213 2899 rum
2262 2846 2566 2914 instantia,
2620 2845 2957 2916 aliquorum
2988 2844 3190 2900 audiat
3237 2859 3445 2899 causas
3495 2861 3726 2910 eorum,

2083 2934 2224 3003 quia
2253 2935 2436 2989 irritae
2470 2939 2661 3001 erunt,
2716 2933 2889 2988 aliter
2918 2938 3062 2988 acta)
3098 2949 3275 3004 quam
3309 2932 3371 2985 in
3402 2940 3724 3003 conspectu

2083 3037 2288 3077 eorum
2311 3022 2577 3077 omnium
2610 3022 2905 3076 ventilatae
2931 3038 2944 3089 ;
2967 3028 3023 3077 et
3041 3022 3189 3093 ipse,
3221 3021 3269 3075 si
3302 3020 3527 3089 fecerit,
3560 3038 3727 3077 coer-

2084 3117 2287 3167 ceatur
2317 3130 2351 3167 a
2390 3111 2690 3167 fratribus.

2856 3201 2951 3254 Ill.

2441 3293 2517 3345 De
2568 3291 3050 3344 criminationibus
3079 3291 3374 3360 majorum.

2152 3396 2200 3431 5’
2247 3396 2703 3451 Criminationes
2760 3395 3052 3467 majorum
3104 3401 3247 3450 natu
3295 3412 3402 3466 per
3432 3396 3579 3451 alios
3612 3414 3731 3452 non

2085 3488 2250 3555 fiant,
2274 3486 2386 3541 nisi
2418 3502 2522 3557 per
2546 3486 2706 3556 ipsos
2733 3485 2832 3554 qui
2856 3485 3105 3540 crimina
3127 3484 3463 3547 intendunt,
3497 3484 3543 3527 53
3574 3486 3621 3540 si
3644 3493 3731 3540 ta-

2083 3593 2221 3630 men
2254 3574 2366 3647 ipsi
2397 3574 2558 3646 digni
2590 3578 2647 3627 et
2671 3573 3222 3644 irreprehensibiles
3253 3573 3656 3643 apparuerint,
3678 3580 3736 3629 et

2083 3664 2229 3720 actis
2260 3662 2508 3735 publicis
2540 3662 2851 3717 docuerint
2880 3661 3041 3716 omni
3067 3678 3128 3716 se
3162 3661 3497 3732 suspicione
3533 3677 3733 3717 carere

2084 3758 2143 3809 et
2174 3752 2505 3816 inimicitia,
2539 3756 2715 3820 atque
2776 3749 3365 3822 irreprehensibilem
3407 3750 3587 3805 fidem
3622 3752 3730 3806 lia-

2085 3843 2245 3909 bere,
2276 3858 2343 3897 ac
2383 3840 2896 3906 conversaiionem
2928 3840 3166 3896 ducere.

2861 3946 2953 3999 IV.

2542 4036 2616 4092 De
2654 4036 2968 4106 peregrinis
3003 4034 3263 4105 judiciis.

2157 4144 2203 4179 ⁸⁸
2225 4145 2341 4199 Nec
2363 4159 2481 4199 non
2513 4146 2571 4197 et
2598 4141 2913 4213 peregrina
2942 4140 3178 4213 negotia
3201 4144 3258 4194 et
3280 4139 3510 4211 judicia
3542 4140 3735 4210 prohi-

2087 4234 2318 4293 bemus.
2351 4233 2492 4303 quia
2520 4230 2825 4304 indugnum
2858 4235 2967 4294 est,
2991 4235 3058 4284 ut
3076 4229 3149 4284 ab
3177 4228 3439 4284 externis
3464 4228 3736 4299 judicen-

2088 4329 2204 4391 tur,
2225 4322 2322 4393 qui
2344 4320 2734 4394 provinciales
2759 4320 2803 4356 ⁵⁵
2825 4326 2884 4375 et
2903 4336 2939 4376 a
2967 4336 3028 4375 se
3042 4318 3264 4374 electos
3282 4318 3497 4374 debent
3521 4317 3737 4373 habere

2081 4412 2336 4485 judices.
2368 4412 2412 4446 “
2440 4413 2557 4466 Nos
2588 4411 2851 4483 quidem,
2910 4427 2984 4466 ex
3013 4408 3176 4464 omni
3208 4413 3375 4479 parte
3415 4407 3731 4477 carpendo,

2088 4501 2433 4557 occasiones
2461 4500 2884 4556 abscindimus.
2928 4500 3063 4562 Nos,
3109 4514 3381 4569 supernae
3441 4511 3734 4549 memores

324 4587 605 4659 Nunquid
623 4587 674 4643 is
716 4587 817 4658 qui
847 4587 1183 4642 universam
1236 4591 1589 4654 creaturam,
1622 4585 1874 4641 visibilia
1918 4593 1977 4642 et
2006 4596 2052 4659 ι)
2082 4589 2434 4661 disciplinas,
2454 4588 2905 4660 quibuscunque
2918 4586 3266 4644 cadentibus
3280 4585 3579 4639 dexteram
3599 4599 3734 4653 por-

322 4678 906 4750 invisibiliapropriaa
936 4676 1245 4748 potestatis
1275 4677 1488 4731 virtute
1531 4678 1857 4748 procreavit
1904 4694 1971 4734 ac

322 4767 484 4835 fecit,
518 4767 780 4838 seipsum
818 4769 994 4821 antea
1023 4770 1126 4819 aut
1154 4764 1551 4836 postmodum,
1586 4765 1744 4837 quod
1774 4766 1971 4822 dicere

324 4856 494 4912 nefas
519 4860 628 4924 est,
662 4854 993 4923 creavit,vel
1020 4852 1214 4909 facere
1244 4853 1438 4925 potuit
1463 4852 1491 4908 ?
1512 4855 1581 4907 Et
1607 4853 1893 4911 Dominus
1910 4855 1972 4909 in

2083 4678 2350 4749 rigimus,
2386 4682 2444 4731 et
2461 4694 2496 4732 a
2521 4678 2709 4732 ruina?
2732 4675 3079 4747 praacipitio,
3110 4688 3259 4743 quos
3281 4688 3621 4743 possumus,
3644 4687 3735 4725 re-

2080 4767 2361 4834 levamus,
2405 4772 2461 4821 et
2488 4766 2850 4822 defensionis
2887 4762 3315 4820 adminiculum
3349 4761 3485 4815 totis
3514 4759 3736 4814 viribus

2082 4856 2346 4928 praebere
2379 4855 2670 4928 cupimus.
2689 4854 2734 4890 ⁵⁷
2764 4855 2930 4911 Certe
2957 4854 3005 4909 si
3025 4852 3113 4907 vel
3138 4867 3299 4906 mens
3331 4850 3406 4905 sit
3429 4850 3570 4904 recti
3595 4865 3735 4903 con-

408 5006 456 5041 ³⁵
486 5007 595 5063 Isa.
623 5022 747 5073 va,
785 5008 834 5059 1.
876 5003 921 5039 ³⁸
949 5005 1061 5061 Jer.
1096 5021 1193 5070 χιι,
1228 5008 1280 5060 7.
1313 5002 1357 5038 ³⁷
1383 5004 1557 5077 Mich.
1587 5021 1627 5073 1,
1659 5007 1713 5072 3,
1744 5008 1798 5060 4.
1854 5006 1900 5041 ³⁸
1928 5008 1965 5061 Ζ

2085 5052 2098 5064 .
2160 5025 2220 5077 11,
2255 5011 2339 5062 10.
2364 5006 2412 5041 ²⁹
2442 5010 2462 5062 I
2488 5008 2633 5061 Tim.
2667 5023 2707 5069 1,
2742 5010 2827 5061 15.
2861 5006 2906 5041 ³ο
2962 5003 3206 5060 Malach.
3230 5019 3317 5077 1n,
3345 5005 3395 5077 1ζ
3434 4999 3478 5077 _3‘
3516 5000 3732 5077 ιλιαδ,

336 5081 422 5149 32.
458 5072 873 5149 ’?Matth.vnl,
905 5078 1053 5149 29."?
1087 5077 1221 5132 Luc.
1253 5091 1370 5140 xxx,
1398 5079 1483 5149 lt),
1516 5075 1563 5109 3‘
1590 5072 1758 5133 J'oan.
1786 5094 1843 5146 x,
1894 5081 1959 5133 10

2079 5081 2088 5114 ⁵
2140 5072 2305 5134 Joan.
2335 5095 2414 5145 111,
2445 5079 2530 5133 13.
2598 5078 2642 5112 ³⁸
2666 5078 2880 5149 Ephes.
2915 5093 2988 5149 1v,
3032 5078 3122 5141 23,
3154 5077 3241 5129 24.
3274 5074 3317 5108 ⁸⁷
3348 5072 3522 5149 ﬂcbr.
3551 5072 3731 5149 1_1_,.1‘8.

328 5148 381 5184 ³⁸
408 5148 625 5223 Coloss.
660 5165 741 5216 111,
773 5139 929 5202 8-10.
951 5148 997 5182 ³⁸
1024 5148 1193 5223 Joan.
1218 5165 1275 5223 _x,
1311 5150 1398 5223 30.
1433 5139 1967 5223 {{J_oan.11v,'9.__“

2081 5168 2178 5207 an.
2210 5167 2305 5220 xv,
2330 5139 2418 5223 23.
2447 5149 2495 5184 ὀε
2521 5150 2685 5205 Joan.
2714 5139 2766 5223 ᾖν,
2794 5153 2881 5204 23.
2916 5139 3153 5223 ⁴³Ίοαὴς
3187 5162 3320 5213 xvn,
3558 5139 3733 5223 l_bid.,

330 5224 415 5276 10.
477 5222 523 5264 ⁸⁸
547 5214 860 5294 Ιοαηζιιγ,
894 5222 982 5294 11.
1037 5218 1084 5253 ιδ
1113 5214 1284 5284 lbid.,
1312 5222 1396 5273 10.
1445 5220 1486 5294 ξτ
1518 5220 1685 5275 Joan.
1722 5237 1762 5285 1,
1794 5214 1847 5276 1.
1896 5220 1947 5255 ⁴⁸

2079 5240 2180 5277 ms.
2207 5214 2350 5278 Just.
2384 5221 2551 5276 deest
2578 5222 2930 5294 Parthorum
2962 5218 3183 5294 mentio
3217 5224 3273 5271 et
3295 5214 3674 5294 substituitur
3717 5228 3729 5264 :

328 5309 424 5348 nec
453 5307 565 5347 non
594 5283 908 5364 Apostolus.
941 5290 988 5326 ἰο
1016 5283 1360 5364 ms,_noster
1394 5307 1406 5344 :
1440 5293 1503 5346 Et
1560 5298 1664 5346 tres
1713 5283 1770 5346 in
1800 5294 1955 5347 nobis
2010 5302 2158 5359 sunt,
2219 5296 2335 5363 qui,
2369 5301 2505 5355 etc.,
2538 5298 2601 5346 ut
2641 5292 2818 5364 habet
2847 5292 3074 5344 Idacius
3100 5289 3324 5364 Clarus,
3352 5302 3463 5364 seu
3496 5283 3735 5364 Vigilius

328 5356 781 5439 'l‘apsensis'lib2
812 5380 830 5418 1
856 5369 1046 5439 cant-ra
1085 5362 1472 5439 Warimadam,
1515 5380 1618 5417 seu
1651 5365 1998 5439 Marivadum
2028 5356 2155 5439 cap.
2297 5356 2619 5439 timeamus
2672 5364 2717 5439 ξο
2750 5364 2768 5416 l
2798 5363 3138 5439 f[can-muti,
3275 5359 3313 5439 ξ’
3344 5361 3394 5438 0,
3433 5360 3638 5425 quaest.
3665 5356 3733 5439 3‘:

327 5429 493 5490 Salvo
520 5438 581 5490 in
612 5436 878 5499 omnibus,
904 5433 1079 5488 Hadr.
1106 5435 1238 5488 coll.
1268 5437 1349 5486 14.
1379 5434 1428 5470 ⁵³
1457 5439 1508 5500 2,
1543 5441 1750 5503 quiest.
1786 5439 1816 5488 7
1852 5451 1864 5488 :
1889 5429 2184 5492 Cri-minat.
2214 5437 2283 5488 Et
2313 5436 2373 5488 in
2424 5435 2641 5488 decret.
2674 5433 2836 5488 Lucii
2890 5440 2947 5486 et
2974 5431 3130 5486 Julii.
3153 5429 3210 5503 f3
3258 5429 3523 5503 Anianus
3546 5430 3734 5503 const.

330 5509 419 5571 15,
451 5508 541 5563 tit.
572 5508 625 5571 1,
657 5506 761 5561 lib.
786 5497 937 5561 1x.“
966 5506 1017 5567 3,
1042 5510 1250 5575 quaast.
1283 5506 1351 5559 6:
1391 5497 1936 5574 Peregrinajudiria.
1959 5509 2026 5562 Et
2044 5508 2103 5562 in
2122 5507 2278 5562 decr.
2303 5504 2419 5559 Fel.
2446 5506 2467 5557 Ι
2492 5510 2550 5558 et
2576 5504 2734 5570 Julii,
2771 5510 2828 5558 et
2858 5503 3001 5558 Sixti
3032 5503 3126 5575 Ill.
3150 5501 3196 5534 δδ
3227 5497 3735 5575 comprorincialcs.

326 5569 750 5705 rsgadszgcosll.
785 5580 871 5630 17.
902 5575 948 5611 ³⁷
980 5569 1105 5631 Non
1137 5576 1306 5632 nulla
1338 5592 1405 5630 ex
1433 5569 2114 5650 Ennodii'praeceptione
2146 5579 2219 5633 de
2250 5575 2574 5631 cellulariis
2604 5569 3015 5647 episcoporum
3065 5569 3379 5644 descripta.
3412 5569 3553 5623 Vide
3605 5583 3735 5639 pag.

443 5692 456 5705 .
492 5666 523 5705 e
572 5668 589 5705 1
623 5692 636 5705 .
713 5664 847 5705 1rm.

442 5692 456 5720 ,
492 5664 636 5707 eun.
675 5664 847 5705 Sirm.
