4004 6218
245 372 404 448 1113

1643 382 2256 449 PROLEGOMENA.

3503 393 3660 455 1114

249 524 547 592 colobium,
569 527 792 579 vestem
820 526 940 604 tam
970 521 1294 605 gentilibus
1324 538 1504 649 quam
1531 520 1906 604 .Christianis
1939 522 1991 588 Α
2020 520 2095 575 ad
2116 535 2298 591 opera
2317 520 2592 602 Cypriani
2622 537 2636 574 :
2660 520 2817 576 unde
2840 536 3084 606 prorsus
3114 523 3549 578 contemnenda
3578 529 3668 579 est

254 598 405 649 alias
435 610 812 649 communem
846 610 928 648 sic
953 596 1227 649 aranhice
1258 595 1329 649 de
1357 601 1574 649 meavnt
1631 594 1704 649 {1)
1740 609 1752 645 :
1804 593 1910 646 Ne-
2021 591 2252 649 vulgata
2278 592 2474 649 lectio.
2508 609 2637 649 (ιιιεθ
2669 592 2798 647 loco
2833 601 3031 648 tunica:
3068 593 3245 647 habet
3290 595 3663 649 datmaticam.

1299 611 1329 649 Θ

254 598 405 654 alias
435 610 812 651 communem
846 595 928 648 sic
953 593 1227 665 graphice
1258 593 1574 650 delineavit
1631 594 1704 662 (1)
1740 609 1752 645 :
1804 593 1910 646 Ne-

253 686 363 739 que
393 676 546 723 trans
577 682 768 739 crura_
790 667 1041 735 prodige,
1098 681 1198 721 nec
1253 668 1408 721 intra
1436 681 1645 739 igenua
1703 666 1911 739 invere-

251 732 448 806 cunde,
486 754 586 793 nec
617 732 857 792 brachiis
903 732 1088 807 parce,
1122 753 1221 792 nec
1267 732 1526 792 manibus
1574 742 1742 791 arcte.
1797 732 1908 807 Sed

252 817 380 867 erat
429 804 610 865 etiam
660 808 822 863 aliud
858 804 1139 881 gcolobium
1170 808 1561 881 afvulgariet
1607 804 1910 881 communi

252 883 575 946 diversum,
616 896 732 951 quo
763 880 869 934 uni
902 880 1165 951 episcppi
1216 880 1286 951 in
1334 878 1520 936 sacris
1565 878 1908 951 utebantur,

249 960 567 1027 propterea
592 950 821 1027 dictum
844 967 878 1006 a
909 951 1021 1027 _Pio
1045 950 1319 1027 colobium
1378 953 1786 1027 episcoporum._
1828 950 1907 1027 De

251 1020 322 1083 eo
356 1020 420 1080 fit
451 1023 678 1080 mentio
709 1023 771 1077 in
796 1021 957 1077 Actis
990 1023 1146 1077 Petri
1183 1020 1569 1078 Alexandrini
1597 1021 1705 1076 sub
1738 1020 1911 1075 Maxi-

248 1098 414 1153 mino
458 1095 637 1168 passi,
662 1111 793 1168 quaa
818 1093 878 1149 in
894 1110 1077 1168 _su_um
1100 1095 1579 1168 Martyrologium
1604 1091 1911 1168 transtulit

245 1169 375 1224 Αᾶο
404 1163 476 1222 vri
508 1165 630 1221 Kal.
673 1163 1013 1221 Decembris
1049 1182 1062 1219 :
1118 1166 1199 1220 ibi
1249 1163 1554 1221 enim'vir
1607 1163 1907 1219 sanctissi-

246 1256 384 1294 mus
414 1238 714 1294 Christum
745 1236 857 1292 sibi
919 1237 1267 1309 apparuisse
1326 1252 1714 1292 memorans:
1777 1238 1907 1309 Erat

248 1319 452 1376 autem,
484 1309 701 1380 inquit,
730 1307 1226 1380 indutus'mmaxo
1258 1325 1419 1364 LINBO
1452 1323 1710 1372 CANDIDO,
1742 1307 1908 1380 nimis

246 1385 515 1438 conscissa
568 1378 602 1436 ξι
656 1395 865 1436 summo
920 1395 1091 1447 usque
1182 1379 1454 1447 deorsum,
1523 1386 1574 1434 et
1648 1378 1907 1433 ambabus

246 1396 515 1438 conscissa
568 1398 602 1436 a
656 1396 865 1436 summo
920 1396 1091 1504 usque
1182 1396 1454 1447 deorsum,
1523 1396 1574 1434 et
1648 1396 1903 1433 amoaous

246 1454 503 1508 manibus
533 1452 907 1521 conjungebat
949 1451 992 1506 il
1018 1452 1093 1506 ud
1123 1452 1274 1507 circa
1311 1458 1508 1523 pectus
1552 1465 1729 1509 suum.
1765 1463 1903 1519 quo~

244 1524 536 1580 dummodo
593 1524 907 1593 cooperiens
962 1523 1269 1578 nuditatem
1335 1539 1493 1578 suam
1541 1538 1559 1577 :
1630 1536 1788 1591 quem
1846 1525 1908 1574 ut

242 1597 384 1664 vidi,
436 1595 633 1650 timore
685 1593 861 1649 nimio
917 1602 1217 1664 correptus,
1274 1595 1499 1650 tandem
1556 1595 1907 1661 confortatus

240 1670 335 1722 aio
365 1663 441 1721 ad
479 1682 643 1721 eum:
676 1665 822 1731 Quid
851 1671 947 1733 est,
973 1663 1220 1734 Domine,
1272 1665 1422 1736 quod
1470 1663 1629 1736 video
1666 1679 1906 1736 rumpes!

242 1745 399 1793 tuam
453 1740 672 1793 scissam
745 1753 781 1792 a
834 1753 1041 1792 summa
1099 1734 1299 1793 usaue'
1326 1735 1627 1792 deorsum?
1684 1734 1903 1790 Eadem

240 1814 519 1881 prostant
548 1808 609 1862 in
641 1806 878 1881 uulgato
896 1806 1318 1881 Martyrologio
1350 1806 1541 1875 Bedaa,
1588 1806 1738 1881 etin
1771 1822 1901 1861 meo

2021 591 2252 663 vulgata
2278 591 2474 660 lectio,
2508 609 2637 662 quae
2669 592 2798 647 loco
2833 591 3031 648 tunica:
3068 593 3245 647 habet
3290 595 3663 651 dalmaticam.

2018 663 2178 718 Hanc
2202 663 2522 719 lectionem
2554 663 2934 720 librariorum
2966 663 3229 720 audacias
3260 665 3462 721 tribuit
3504 666 3663 723 idem

2015 733 2251 815 Pelius:
2285 735 2613 815 cumnenim
2636 735 2885 815 ofilciosi
2908 736 3179 815 homiues
3201 739 3443 815 tunicam
3474 737 3667 815 digni-

2016 806 2121 879 tati
2138 806 2455 879 episc0pali
2468 808 2827 879 respondere
2840 825 2961 863 non
2975 806 3666 872 crederent,dalmat{cam

2017 877 2469 951 substituerent.
2497 877 2851 934 ln‘Adonem
2877 879 3179 951 Rosweydi
3205 896 3339 934 xvm
3368 880 3664 936 Kalendas

2016 949 2663 1023 Octobrisdalmaticam
2694 951 3010 1023 manifesto
3033 949 3344 1023 irrepsisse
3369 953 3665 1023 comperi-

2018 1037 2171 1077 mus.
2224 1019 2306 1075 Ibi
2368 1021 2440 1077 de
2490 1021 2781 1093 Cypriane
2837 1023 2921 1077 sic
2978 1019 3239 1093 legitur:
3302 1019 3662 1079 Dalmat'icam

2014 1108 2253 1148 romam
2283 1093 2431 1161 tulit,
2464 1099 2515 1147 et
2546 1092 2868 1148 diaconibus
2898 1092 3150 1162 tradidit,
3190 1100 3336 1149 stans
3387 1094 3446 1148 in
3495 1095 3659 1150 linea.

2015 1165 2136 1218 Vox
2159 1164 2752 1238 dalmaticaminepte
2775 1164 3087 1238 redundat.
3120 1165 3331 1235 Papias
3362 1171 3420 1219 et
3467 1167 3659 1238 vulga-

2014 1239 2109 1289 tus
2138 1235 2423 1291 Alcuinus
2454 1235 2668 1291 colobia
2699 1235 2831 1291 ideo
2864 1236 2926 1289 in
2955 1236 3279 1291 dalmaticas
3309 1252 3478 1292 versa
3517 1235 3663 1293 sci-i-

2014 1305 2182 1372 bunt,
2217 1307 2356 1376 quia
2383 1309 2615 1362 nuditas
2647 1308 2995 1362 brachiorum
3024 1306 3373 1376 culpabatur.
3409 1308 3522 1364 Sed
3554 1311 3663 1366 hoc

2015 1378 2319 1450 ingenium
2355 1378 2540 1450 magis
2571 1395 2750 1450 quam
2784 1378 2959 1433 tidem
2991 1378 3337 1434 historicum
3368 1380 3539 1450 sapit.
3564 1384 3661 1437 Cu-

2017 1448 2223 1502 lobium
2240 1448 2352 1504 fuit
2374 1448 2556 1504 tunica
2582 1448 2844 1505 exterior
2867 1467 2879 1504 :
2901 1450 3152 1504 interior
3171 1456 3368 1505 autem
3380 1448 3662 1518 subucula,

2016 1526 2085 1602 ut
2112 1525 2374 1602 patet‘ex
2406 1522 2567 1602 Actis
2593 1523 2651 1576 S.
2683 1521 3112 1602 Cypriani..qui
3133 1520 3664 1602 depositorolobio,

2018 1592 2148 1665 sive!
2169 1593 2355 1665 tunica
2387 1593 2700 1665 exteriore,
2729 1592 2789 1665 in
2822 1592 3103 1665 interiore
3146 1610 3360 1665 nempe
3411 1594 3471 1648 in
3522 1592 3668 1650 linea

2017 1663 2253 1718 stetisse
2283 1663 2521 1719 dicitur.
2555 1664 2745 1729 Quare
2777 1664 2917 1719 licet
2951 1664 3162 1718 colobia
3210 1663 3459 1720 manicis
3513 1666 3667 1722 ultra

2013 1734 2281 1807 cubitum
2308 1735 2606 1807 protensis
2628 1735 3196 1800 carerent,nonideo
3226 1742 3424 1791 tamen
3444 1740 3665 1794 nuditas

2015 1805 2365 1878 brachiorum
2385 1806 2614 1877 culpari
2634 1812 2886 1878 poterat,
2915 1824 3045 1877 quae
3062 1807 3136 1862 ab
3162 1807 3442 1861 interiore
3464 1810 3666 1865 tunica

243 1877 449 1962 codice
492 1896 602 1935 ms.
657 1877 927 1935 Usuardi.
983 1877 1076 1935 Sic
1123 1877 1335 1935 Petrus
1365 1895 1571 1960 .unum
1618 1878 1897 2002 idemthue
1929 1892 1977 1958 Β
2016 1877 2341 1959 tegebatur.
2377 1880 2502 1933 Non
2535 1894 2671 1950 ergo
2704 1878 2765 1933 in
2796 1878 3060 1935 Ecclesia
3086 1878 3294 1959 Latina
3322 1879 3524 1960 colobii
3561 1897 3666 1935 au-

243 1957 670 2002 vestimentum
709 1956 767 2002 et
813 1952 1085 2002 colobium
1134 1957 1194 2002 et
1251 1958 1499 2002 tunicam
1550 1955 1733 2002 vocat.
1849 1966 1897 2002 ιε
2014 1955 2141 2002 ctor
2172 1949 2283 2002 fuit
2303 1949 2358 2002 S.
2384 1949 2912 2002 Svlvester.auteo
2932 1954 3224 2002 recentior
3245 1950 3535 2002 pontifex:
3561 1952 3663 2002 sed

241 1952 671 2008 vestimentum
709 1956 767 2006 et
813 1952 1085 2006 colobium
1134 1957 1194 2006 et
1251 1950 1499 2006 tunicam
1550 1955 1733 2005 vocat.
1798 1949 1897 2002 His

242 2024 614 2094 respondent
642 2027 787 2077 Acta
812 2022 1012 2077 Graeca
1041 2021 1200 2094 edita
1229 2038 1265 2078 a
1293 2021 1604 2094 Francisco
1654 2019 1903 2094 Combe:

242 2087 397 2162 ﬁsio,
430 2094 531 2148 ubi
588 2094 803 2166 legitur
849 2095 923 2166 (2)
975 2087 1272 2166 Κολόὸιονῗ
1309 2099 1368 2148 et
1420 2093 1679 2166 Χιτῶγατ
1743 2091 1902 2162 quod

240 2173 613 2238 postremum
630 2164 992 2238 Anastasius
1042 2164 1536 2238 Bibliothecarius
1583 2164 1899 2238 interpres,

242 2236 405 2309 apud
436 2236 748 2293 Baronium
780 2237 857 2306 (3)
890 2237 1219 2309 generatim
1259 2237 1451 2309 _vertit
1501 2236 1899 2303 indumentum,

239 2307 381 2365 cum
414 2309 612 2379 potius
645 2307 1148 2379 tunicam'vertere
1181 2307 1504 2363 debuisset.

318 2402 345 2432 ιι
392 2377 611 2435 Auctor
666 2381 742 2434 De
798 2378 1003 2435 divinis
1063 2382 1265 2449 ofﬁciis
1322 2395 1449 2449 cap.
1505 2394 1679 2433 xxxx:
1710 2377 1810 2445 (4).
1843 2382 1902 2449 et

240 2452 541 2507 Honorius
569 2451 1120 2522 Augustodunensis
1158 2451 1256 2523 (5),
1301 2448 1572 2523 colbbium
1628 2466 1662 2505 a
1692 2450 1752 2503 Β.
1787 2448 1895 2504 Silo

236 2529 437 2578 vestro
468 2523 526 2577 in
569 2521 924 2577 dalinaticam
979 2521 1223 2577 versum
1275 2521 1614 2577 afﬁrmant:
1649 2536 1897 2590 eamque

241 2595 319 2650 ab
352 2593 560 2648 eodem
594 2594 876 2665 pontiﬁce
906 2593 1140 2649 initium
1161 2593 1488 2665 sumpsisse
1512 2592 1692 2665 tradit
1718 2593 1897 2665 etiam

234 2663 609 2720 Walafridus'
630 2666 706 2733 (6)
740 2681 753 2731 ;
789 2681 1040 2735 quorum
1072 2665 1245 2720 dictis
1299 2663 1595 2734 acquievit
1624 2663 1896 2720 cardina-

236 2736 313 2792 lis
352 2739 514 2792 Bona
538 2740 633 2802 (7).
676 2737 893 2791 Contra
922 2736 1243 2791 Anselmus
1274 2737 1556 2791 Lucensis
1585 2736 1683 2805 (8),
1713 2738 1900 2790 Euse-

230 2809 337 2864 bio
372 2809 434 2863 in
468 2813 678 2863 testem
709 2806 987 2875 abducto,
1018 2808 1315 2863 Liberium
1347 2807 1671 2863 dalmoticz
1701 2806 1896 2861 colobii

233 2880 621 2951 Sylvestrum.
659 2886 931 2934 auctores
971 2878 1131 2936 facit.
1194 2878 1305 2934 Sed
1363 2878 1677 2951 Anselnius
1715 2877 1895 2951 dubio

238 2949 460 3024 procul
482 2967 590 3006 sua
623 2950 822 3024 hausit
839 2966 927 3024 ex
944 2951 1105 3024 Actis
1136 2950 1561 3024 apocryphisS.
1576 2949 1851 3024 Sylvesiri
1878 2966 1892 3016 ;

234 3021 372 3094 qua:
405 3022 538 3078 ideo
572 3021 1082 3094 tribuithusebio.
1116 3022 1276 3092 quod
1304 3021 1475 3077 initio
1504 3021 1736 3093 Prologi
1794 3037 1889 3076 oc-

232 3093 481 3150 currant
512 3094 638 3148 baac
688 3093 906 3148 verbo:
962 3094 1454 3163 Histortographus
1500 3098 1685 3148 noster
1736 3093 1894 3148 Euse-

233 3167 357 3220 bius
386 3163 763 3224 Casareensis.
794 3181 917 3219 cum
954 3164 1258 3219 Historiam
1305 3165 1726 3220 ecclesiasticam
1754 3166 1892 3219 scri-

2014 1955 2141 2003 ctor
2172 1949 2283 2022 fuit
2303 1949 2358 2022 S.
2384 1949 2698 2021 Sylvester,
2722 1957 2822 2005 aut
2844 1967 2912 2005 eo
2932 1951 3224 2005 recentior
3244 1950 3535 2022 pontifex:
3561 1952 3663 2006 sed

2012 2021 2281 2093 Apostoli
2314 2020 2375 2075 in
2406 2020 2544 2076 suos
2575 2037 2949 2077 successores
2981 2020 3287 2093 episcopos
3326 2020 3505 2093 hujus
3536 2040 3664 2078 ves-

2014 2092 2246 2147 timenti
2277 2109 2503 2148 morem
2531 2100 2592 2147 et
2618 2094 2871 2149 formam
2904 2092 3379 2148 transmiserunt.

2084 2185 2112 2214 ‹‹
2138 2165 2358 2218 Colobio
2374 2164 2623 2236 pallium
2636 2163 3224 2236 superinjiciebatur:
3245 2169 3475 2220 tantum
3495 2165 3661 2221 abest

2011 2239 2083 2307 ut
2101 2235 2595 2307 colobium’ipsum
2624 2235 2806 2290 fuerit
2840 2235 3080 2305 pallium
3101 2254 3123 2299 ;
3162 2253 3278 2307 quo
3310 2242 3510 2291 tamen
3542 2254 3656 2291 no-

2015 2254 2077 2288 ιιι
2101 2254 2367 2289 coroozum
2401 2254 2595 2307 ipsum
2624 2254 2806 2290 ruerit
2840 2254 3080 2305 pauzum
3101 2254 3123 2299 ;
3206 2254 3278 2291 uo
3310 2254 3510 2291 tamen
3542 2254 3656 2291 no-

2015 2306 2168 2361 mine
2186 2323 2485 2388 perperan
2506 2254 3658 2388 appellaturinhiartyrpliogioViennensi

2010 2378 2284 2449 superius
2308 2378 2597 2434 adducto.
2619 2380 2765 2433 Hinc
2798 2379 3093 2433 Christum
3125 2378 3437 2434 Dominum
3482 2384 3540 2434 et
3569 2387 3660 2434 tu-

2008 2448 2192 2504 niCam
2221 2450 2480 2523 indutui,
2506 2451 2818 2523 etpallium
2848 2450 3089 2523 amictui
3109 2451 3406 2523 habuisse,
3440 2451 3661 2523 colligi-

2008 2536 2142 2592 mus
2167 2537 2234 2575 ex
2254 2522 2478 2577 Joanne
2501 2521 2633 2592 (12).
2660 2522 2878 2577 Abdias
2900 2521 3201 2577 fabulosus
3220 2522 3331 2592 (13)
3356 2522 3428 2577 de
3456 2521 3658 2578 sancto

2008 2591 2440 2650 Bartbolomaao
2452 2591 2702 2663 loquens
2720 2609 2732 2647 :
2762 2591 3479 2664 Vestitus,inquit,comaio
3495 2610 3657 2659 ALBO,

2005 2664 2218 2718 clavato
2240 2680 2520 2734 purpura,
2556 2666 2807 2719 induitur
2852 2665 3028 2734 pallio
3082 2665 3227 2731 albo,
3280 2665 3513 2719 habente
3556 2682 3659 2735 per

2004 2735 2250 2807 singulos
2279 2736 2511 2806 angulos
2538 2736 2790 2806 singulas
2817 2752 3079 2806 gemmas.
3123 2736 3264 2791 Vide
3302 2735 3657 2807 Philippum

2005 2804 2389 2862 Bonarotium
2420 2809 2549 2877 (14).
2586 2804 2870 2862 Eumdem
2900 2824 3125 2862 morem
3151 2824 3259 2862 nos
3282 2804 3495 2862 docent
3515 2804 3660 2864 Acta

2004 2877 2281 2948 Sylvestri
2295 2878 2452 2949 apud
2467 2879 3134 2934 Combeﬁsium.Etsane
3150 2878 3538 2935 inOccidente
3555 2879 3655 2934 diu

2004 2956 2137 3020 post
2168 2950 2515 3006 Silvestrum
2548 2951 2862 3021 ipsumque
2906 2950 3223 3014 Liberium,
3259 2955 3423 3005 sexto
3474 2951 3652 3006 etiam

2004 3021 2244 3085 saiculo,
2280 3022 2587 3093 episcopos
2615 3022 2821 3077 colobia
2840 3039 2999 3088 usos,
3031 3022 3149 3077 duo
3182 3021 3481 3077 luculenta
3497 3023 3653 3078 testi-

2002 3092 2202 3166 monia
2225 3092 2598 3166 conﬁrmant.
2636 3094 2826 3166 Unum
2860 3100 2950 3149 est
2978 3095 3206 3166 antiqui
3237 3094 3517 3166 auctoris,
3551 3095 3652 3165 qui

1997 3162 2612 3237 descripsitmiracula
2625 3165 2812 3221 sancti
2827 3166 3090 3221 Gibriani
3103 3162 3314 3237 presby
3325 3165 3431 3220 teri
3442 3162 3651 3235 ,aaqua-

232 3238 409 3330 beret,
434 3238 789 3330 prafterm'ifit
813 3239 1191 3330 eu‘quae'se‘in
1219 3236 1349 3292 aliis
1380 3235 1889 3330 opusculisLmemi-
1920 3262 1964 3330 ο
2002 3233 2074 3290 lis
2103 3233 2578 3330 sangti‘ﬁemigit
2626 3237 2935 3330 Bernensis
2978 3233 3261 3330 episcopi,
3286 3233 3480 3307 cujus
3527 3233 3652 3330 haec

229 3311 321 3362 nit
352 3310 648 3377 scripsisse.
685 3308 819 3362 Haec
863 3308 1007 3364 Hcta
1038 3308 1261 3370 Latina,
1297 3306 1592 3364 sexcentis
1621 3306 1694 3362 ab
1751 3306 1890 3363 hinc

233 3378 417 3435 annis
450 3380 765 3450 exscripta,
799 3395 931 3449 quea
961 3396 1198 3435 mecum
1231 3380 1373 3435 olim
1432 3378 1894 3434 communicavit

232 3450 623 3505 doctissimus
652 3467 821 3523 aeque
853 3466 919 3506 ac
951 3451 1258 3523 piissimus
1291 3450 1609 3523 cardinalis
1640 3450 1890 3506 Thoma-

230 3523 386 3589 sius,
417 3523 614 3577 colobii
645 3522 1084 3578 institutionem
1116 3524 1387 3578 tribuunt
1407 3522 1890 3593 Sylvestro,occa-

230 3594 427 3657 sione,
460 3610 578 3666 qua
605 3594 1028 3666 Euphrosynus
1061 3596 1370 3666 episcOpus
1400 3592 1471 3647 ex
1500 3592 1745 3666 oriente
1770 3594 1882 3648 Ro-

230 3679 397 3720 mam
431 3663 751 3735 profectus,
795 3663 1053 3720 accedens
1096 3663 1175 3721 ad
1213 3663 1634 3734 sacriﬁcandum
1682 3663 1887 3735 Christi

230 3734 515 3805 mysteria,
551 3752 932 3791 CANDIDISSIMO
966 3752 1197 3792 comam
1245 3738 1502 3791 utebatur
1531 3752 1549 3789 :
1590 3734 1749 3804 quod
1793 3751 1886 3790 co-

234 3823 441 3863 LOBlUll
468 3810 644 3862 sancti
670 3808 863 3862 Jacobi
901 3808 1073 3876 fuisse
1115 3808 1458 3878 perhibebat.
1508 3806 1731 3860 Dicebat
1778 3823 1882 3860 uu-

232 3885 341 3934 tem
362 3881 577 3949 justam
625 3894 733 3934 esse
759 3879 1147 3945 reverentiam,
1180 3885 1241 3935 ut
1268 3881 1398 3934 dum
1446 3878 1647 3932 divinis
1690 3884 1884 3945 myste-

214 3953 325 4005 riis
353 3951 604 4019 sacerdos
627 3953 854 4017 assistit,
888 3952 970 4005 his
1000 3957 1192 4005 utatur
1219 3951 1455 4006 vestibus
1483 3962 1611 4019 quae
1631 3949 1881 4004 habitum

217 4023 597 4091 apostolorum
628 4023 687 4075 in
736 4023 1109 4077 sacerdotibus
1155 4023 1436 4077 exhibent.
1485 4019 1628 4075 Inde
1678 4021 1879 4075 statim

214 4092 351 4147 haec
380 4093 824 4165 subjunguntur
854 4109 867 4147 :
899 4094 1098 4165 Sicque
1124 4096 1336 4162 factum
1384 4098 1482 4153 est.
1514 4098 1577 4147 ut
1606 4109 1641 4146 a
1686 4098 1876 4147 sancto

212 4164 493 4233 Sylcestro
523 4171 573 4218 et
615 4164 946 4234 presbyteris
994 4167 1112 4235 ejus
1159 4180 1504 4220 COLOBIORUM
1552 4179 1679 4218 usus
1726 4180 1876 4218 sum-

200 4238 407 4307 psisset
430 4237 692 4299 initium;
721 4252 830 4305 quo
859 4238 1077 4291 Marcus
1113 4242 1165 4290 et
1194 4236 1378 4290 Julius
1425 4240 1476 4289 et
1522 4235 1772 4307 Liberius
1812 4251 1874 4290 eo

211 4307 414 4362 ordine
442 4307 530 4361 usi
557 4314 706 4361 sunt.
737 4308 864 4361 Post
897 4307 991 4361 hos
1029 4314 1212 4362 autem
1264 4322 1495 4362 comam
1544 4308 1605 4360 in
1656 4306 1869 4361 dalma-

214 4382 358 4433 ticas
393 4384 727 4432 commutata
779 4384 926 4433 sunt.
978 4379 1112 4433 Haec
1170 4378 1376 4433 eadem
1433 4383 1755 4432 occurrunt
1809 4378 1871 4432 in

212 4450 385 4504 Actis
415 4448 694 4519 Sylvestri
719 4450 915 4505 Graece
949 4449 1123 4504 editis
1155 4465 1191 4504 a
1219 4448 1571 4504 Combefisio
1603 4450 1703 4518 (9).

292 4541 324 4570 ‹‹
359 4518 572 4575 Verum
602 4537 735 4584 quas
774 4520 845 4575 de
876 4521 1100 4576 colobiis
1125 4521 1223 4576 hic
1253 4527 1594 4584 narrantur,
1625 4518 1869 4576 omnino

208 4591 368 4647 falsa
391 4607 519 4646 esse
550 4590 881 4663 colligimus
911 4608 982 4647 ex
1010 4592 1287 4664 genuinis
1307 4590 1581 4664 Cypriani
1598 4591 1865 4664 episcopi

214 4668 277 4719 et
305 4664 588 4734 martyris
617 4662 779 4719 Actis
824 4662 1365 4734 proconsulsribus.
1395 4663 1454 4718 in
1488 4662 1701 4733 quibus
1732 4662 1868 4719 cum

209 4734 318 4789 ille
350 4734 670 4790 duceretur
697 4734 771 4790 ad
794 4735 1176 4805 supplicium,
1198 4734 1473 4790 colobium
1502 4750 1607 4790 seu
1630 4736 1872 4805 tunicam

214 4806 522 4862 dimisisse
549 4804 960 4861 memoratur:
996 4813 1046 4861 et
1075 4822 1201 4860 cum
1231 4822 1285 4861 se
1331 4822 1531 4862 rumor.
1580 4804 1876 4874 exSpolias-

208 4883 317 4942 set,
350 4883 403 4931 et
432 4877 754 4932 diaconibus
786 4878 1121 4945 tradidisset,
1152 4879 1212 4931 in
1245 4877 1394 4933 linea
1419 4879 1569 4932 stetit
1618 4883 1669 4931 et
1716 4880 1875 4947 erepit

208 4947 615 5019 spiculatorem
644 4950 928 5004 sustinere.
962 4949 1047 5004 Ita
1096 4948 1317 5004 habent
1360 4947 1589 5019 antiqui
1637 4949 1874 5004 codices

209 5025 542 5087 mss.,teste
558 5020 1270 5091 Baronio(10),Ruinartio
1285 5022 1334 5092 (1
1348 5022 1458 5091 l)et
1470 5021 1695 5075 Joanne
1712 5019 1872 5076 Fello

306 5125 358 5198 1)
391 5126 620 5181 Tertull.
656 5125 728 5198 de
760 5125 903 5181 Pall.
939 5142 1066 5198 cap.
1105 5130 1151 5180 1.

304 5197 358 5272 2)
391 5198 631 5268 Combef.
664 5197 879 5272 Illustr.
920 5197 1206 5272 triumph.
1239 5214 1369 5272 pag.
1406 5201 1529 5254 197.

279 5270 355 5341 (3)
394 5272 601 5325 Baron.
634 5269 709 5325 ad
741 5286 880 5326 ann.
914 5271 1037 5338 380,
1070 5271 1176 5339 §5.

281 5342 361 5411 (4)
394 5342 554 5396 Inter
581 5358 717 5414 opp.
750 5341 1004 5414 Alcuini,
1044 5344 1199 5414 1091.

307 5414 363 5483 5)
396 5414 603 5487 Honor.
637 5412 770 5487 Iug.
804 5413 1028 5487 Gemm.
1063 5413 1245 5487 anim.
1280 5412 1385 5487 lib.
1419 5430 1460 5482 ι,
1492 5431 1619 5487 cap.
1651 5419 1777 5471 211.

310 5487 362 5553 6)
399 5485 645 5554 Walafr.
688 5483 767 5539 De
797 5483 924 5539 reb.
960 5484 1103 5556 eccl.
1138 5501 1265 5556 cap.
1300 5486 1387 5539 24.

305 5556 359 5626 7)
402 5558 538 5610 Bon.
572 5558 704 5612 Rer.
740 5555 938 5627 liturg.
976 5555 1077 5610 lib.
1114 5573 1154 5621 ι,
1195 5572 1323 5627 cap.
1358 5558 1447 5624 24,
1477 5559 1505 5625 §
1538 5559 1624 5612 18.

279 5621 355 5695 (8)
397 5628 585 5700 Ansel.
619 5630 747 5700 Luc.
781 5628 842 5681 in
872 5621 974 5681 lib.
1010 5643 1120 5682 ms.
1165 5621 1393 5700 Decret.
1422 5621 1578 5700 apud
1625 5629 1865 5684 Ciacon.

200 5698 426 5824 i‘rgsnsot.
457 5698 529 5754 ad
561 5699 824 5755 Cassian.
859 5715 988 5773 pag.
1023 5700 1148 5763 6‘31,
1183 5698 1323 5753 edit.
1379 5716 1438 5755 ιι.
1462 5698 1475 5700 ἡ
1498 5700 1680 5757 Vatic.
1724 5717 1865 5757 ann.

307 5841 365 5917 9)
384 5840 637 5917 ,θριγκὸεῄ
671 5840 895 5917 _l_llustr_.
934 5847 1178 5917 martyr.
1212 5842 1521 5917 triumph,
1554 5846 1862 5917 pag._265.

282 5856 637 5981 comoef.
679 5856 895 5923 illustr.
934 5856 1178 5912 martyr.
1212 5856 1521 5925 triumpn.,
1554 5856 1747 5927 pag":

298 5984 301 5985 ν
381 5913 400 5985 )
428 5914 640 5985 Baron.
671 5912 847 5968 Notat
873 5928 937 5968 ιιι
966 5912 1266 5985 Martyrol.
1296 5912 1393 5969 die
1423 5932 1562 5971 xxxx
1593 5918 1747 5973 Man.

284 5984 397 6056 (11)
428 5984 687 6043 Ruinart.
728 5986 857 6042 Act.
888 5984 1127 6058 Mariyr.
1154 6000 1286 6059 pag.
1319 5987 1446 6058 218,
1476 5987 1505 6057 §
1534 5988 1622 6044 15.

1897 4629 1946 4694 D

2001 3308 2179 3363 verba
2208 3309 2321 3379 (15)
2349 3325 2361 3362 :
2401 3309 2594 3363 Visum
2623 3316 2700 3363 est
2730 3312 2786 3363 in
2814 3308 3029 3364 somnio
3051 3308 3275 3364 cuidam
3306 3326 3375 3363 ea:
3422 3309 3649 3373 nostris,

1999 3386 2249 3434 sanctum
2275 3380 2580 3447 Remigium
2609 3380 2676 3434 de
2707 3381 2820 3435 loco
2850 3381 2947 3435 ubi
2964 3383 3115 3451 jacet
3155 3387 3276 3451 post
3323 3381 3502 3435 altare
3549 3397 3647 3435 co-

1998 3466 2162 3506 LOBIO
2190 3468 2331 3506 anno
2361 3453 2616 3506 indutum
2640 3451 2890 3521 prodire.
2934 3453 3199 3508 Alterum
3249 3457 3337 3505 est
3384 3452 3645 3522 Gregorii

1996 3522 2377 3594 Turonensis.
2411 3523 2511 3594 qui
2544 3522 2669 3594 haec
2700 3527 2901 3577 narrat
2930 3524 3043 3594 (16)
3074 3523 3146 3578 de
3176 3529 3378 3577 sancto
3416 3523 3643 3577 Nicetio

1998 3592 2374 3663 Lugdunensi
2392 3593 2679 3659 antistite,
2702 3610 2837 3649 cum
2860 3592 2975 3663 quo
2998 3592 3191 3649 adhuc
3214 3609 3359 3663 puer
3378 3600 3643 3647 versatus

1994 3662 2406 3720 fueratz0ram
2436 3667 2741 3719 vestimenti
2779 3662 3164 3721 sui’articulis
3211 3662 3513 3733 arripiens,
3562 3666 3644 3719 ita

1992 3750 2047 3790 se
2086 3751 2321 3790 COLOBIO
2354 3736 2728 3804 concludebat,
2758 3743 2820 3790 ut
2852 3752 3137 3807 nunquam
3170 3741 3321 3790 artus
3349 3737 3456 3790 mei
3487 3736 3643 3791 beata

1992 3807 2110 3876 ejus
2140 3807 2383 3861 membra
2410 3809 2813 3874 contingerent-

2063 3899 2090 3928 α
2127 3879 2426 3948 Quotquot
2452 3882 2649 3932 autem
2681 3884 2954 3932 auctores
2982 3877 3099 3933 huc
3138 3894 3327 3948 usque
3378 3876 3637 3946 laudavi,

1990 3948 2259 4004 colobium
2288 3966 2408 4005 una
2439 3964 2576 4004 voce
2608 3950 2909 4005 candidum
2955 3955 3056 4003 aut
3105 3951 3290 4004 album
3337 3948 3634 4003 dixerunt.

1989 4020 2107 4075 Hoc
2137 4021 2328 4092 ipsum
2364 4021 2676 4076 conﬁrmat
2718 4021 3129 4092 Hieronymus,
3179 4037 3377 4076 sacras
3428 4020 3629 4092 hujus-

1987 4090 2370 4147 modiyostes
2400 4092 2819 4147 criminantem
2849 4090 2958 4162 (17)
2984 4109 2997 4146 :
3027 4095 3160 4158 Qum
3188 4098 3315 4148 sunt
3344 4107 3499 4161 royo,
3531 4090 3635 4157 ait,

1982 4162 2305 4218 inimicitia
2334 4170 2526 4218 contra
2559 4166 2747 4231 Deum,
2804 4164 2853 4220 si
2895 4180 3133 4219 rumcw
3185 4164 3423 4219 habuero
3476 4179 3635 4217 mun-

1982 4235 2193 4290 diorem
2218 4253 2237 4288 :
2267 4236 2314 4289 si
2340 4237 2639 4304 episcopus,
2666 4237 2949 4305 presbyter
2979 4243 3028 4289 et
3059 4235 3344 4303 diaconus,
3401 4245 3451 4292 et
3508 4236 3636 4289 reli-

1980 4322 2120 4376 quus
2162 4306 2295 4362 ordo
2346 4307 2735 4363 ecclesiasticus
2792 4309 2850 4361 in
2902 4307 3381 4365 administratione
3419 4308 3637 4376 sacriﬁ-

1981 4380 2187 4433 ciorum
2215 4395 2447 4453 cmuins
2477 4385 2620 4433 veste
2641 4381 3007 4453 processerint
3034 4379 3061 4433 ‘l
3093 4380 3194 4453 _ng
3241 4380 3333 4435 his
3380 4384 3623 4453 apparet

1982 4466 2212 4522 sacrum
2264 4450 2533 4505 colobium
2563 4466 2797 4522 semper
2841 4449 3028 4505 album
3084 4449 3313 4522 fuisse:
3365 4449 3521 4522 quod
3564 4450 3634 4505 de

1978 4520 2209 4594 colobio
2241 4521 2543 4594 communi
2576 4527 2635 4594 et
2672 4521 2891 4594 vulgari
2934 4538 3055 4576 non
3104 4520 3400 4593 legimus,‘
3435 4524 3631 4592 deque

1977 4592 2275 4648 dalmatica
2308 4592 2493 4648 multo
2527 4593 2728 4648 minus
2752 4592 2978 4664 {quam
3008 4599 3127 4659 post
3156 4592 3272 4648 alia
3300 4594 3631 4649 indumenta

1979 4665 2343 4746 sacerdotalia
2363 4665 2666 4720 inventam
2687 4669 2980 4746 memorat
2993 4664 3192 4746 Pruna
3212 4664 3624 4746 Astensis(18):

1986 4736 2236 4806 ejusque
2269 4752 2439 4791 usum
2472 4754 2508 4793 a
2537 4736 2786 4792 summis
2817 4734 3194 4807 pontificibus
3237 4734 3476 4792 nonnisi
3498 4734 3633 4807 pri-

1982 4805 2193 4880 vilegio
2215 4824 2565 4863 concessum
2597 4814 2763 4864 sexto
2785 4805 3019 4875 saaculo,
3039 4805 3209 4861 docet
3230 4808 3468 4880 Magnus
3490 4805 3630 4880 Gre-

1982 4879 2182 4951 gorius
2236 4879 2373 4948 (19).
2414 4881 2555 4951 ,lmo
2611 4880 3001 4951 Hieronymus
3056 4883 3278 4951 vestem
3334 4879 3629 4951 candidam

1983 4949 2380 5006 communiter
2407 4950 2677 5018 induere,
2710 4950 2943 5004 crimini
2975 4949 3147 5003 vertit
3177 4949 3307 5018 (20).
3333 4950 3521 5015 Quare
3545 4950 3627 5005 1a—

1980 5038 2124 5093 psus
2153 5026 2243 5077 est
2274 5021 2642 5088 Walafridus,
2676 5022 2759 5077 sic
2791 5021 3057 5076 scribens
3078 5020 3187 5092 (21)
3214 5038 3228 5075 :
3266 5024 3465 5077 Primis
3495 5029 3626 5077 tem-

2051 5129 2162 5197 (12)
2192 5130 2390 5185 Joann.
2426 5145 2545 5193 xxx,
2572 5129 2661 5182 23.

2052 5130 2140 5197 (12
2192 5130 2390 5185 Joann.
2426 5145 2545 5193 xxx,
2572 5129 2661 5182 23.

2052 5129 2162 5271 (13;
2192 5202 2421 5263 Abdias,
2457 5201 2602 5254 Hist.
2640 5198 2898 5271 Apostol.
2933 5198 3035 5255 lib.
3078 5216 3193 5254 vm.

2051 5270 2163 5344 (14)
2193 5276 2394 5328 Bonar.
2430 5273 2760 5344 Comment.
2792 5270 2867 5344 ad
2886 5287 3046 5344 sacr.
3076 5272 3219 5326 Vitr.
3261 5287 3391 5344 pag.
3424 5275 3512 5327 37.

2036 5343 2446 5469 1(‘15)Bolland.
2477 5344 2600 5400 Act.
2636 5343 2729 5398 SS.
2764 5343 2917 5410 Maii,
2966 5348 3088 5397 tom
3159 5360 3254 5411 vn,
3305 5343 3433 5417 pag.
3495 5345 3617 5407 6‘24,

1974 5416 2002 5484 ἓ
2036 5416 2163 5557 ᾖδ)
2200 5486 2356 5556 Greg.
2396 5488 2596 5541 Turon.
2632 5487 2741 5539 Vit.
2777 5486 2933 5541 Patr.
2963 5502 3090 5557 cap.
3124 5486 3178 5556 8,
3210 5489 3237 5555 §
3267 5488 3318 5539 2.

2076 5556 2161 5627 17)
2196 5558 2414 5611 Hieron.
2449 5557 2550 5611 lib.
2587 5575 2624 5619 ι,
2660 5562 2849 5613 contr.
2878 5556 3071 5629 Pelag.

2047 5630 2161 5696 (I8)
2193 5630 2365 5682 Brun.
2398 5632 2516 5683 Ast.
2552 5630 2655 5695 lib,
2688 5630 2759 5684 de
2810 5627 3068 5684 Sacram.
3124 5628 3264 5684 bibl.
3318 5627 3425 5683 PP.
3476 5633 3617 5685 tom.

1976 5699 2088 5754 ΧΧ.
2124 5701 2363 5769 11.1629.
2399 5701 2536 5753 Galil.
2576 5701 2727 5765 Lugd

2048 5773 2158 5839 (19)
2191 5772 2350 5839 Grrg.
2386 5775 2439 5826 Μ
2488 5772 2589 5826 lib.
2619 5790 2714 5831 vn,
2747 5773 2909 5842 Epist
2972 5775 3086 5827 112.

2069 5842 2159 5915 20)
2190 5842 2418 5915 Hieron.
2462 5843 2630 5913 epist.
2662 5843 2735 5896 ad
2767 5843 3070 5915 Nepotian.

2068 5916 2155 5986 21)
2193 5914 2421 5984 Walafr.
2454 5915 2534 5970 De
2561 5922 2686 5969 reb.
2721 5914 2864 5970 eccl.
2897 5930 3026 5987 cap.
3051 5915 3141 5971 24.
