4026 6214
393 294 568 379 ,1185

1824 279 2151 342 SOTERIS
2193 280 2428 342 PAPAL'

3675 287 3832 349 1130

409 424 696 497 loquitur,
727 422 962 478 dicens:
996 438 1024 468 «
1054 417 1216 480 Quod
1249 417 1382 470 ante
1415 413 1766 486 promiserat
1796 429 1897 484 per
1925 429 2060 486 pro-
2093 421 2149 487 Α
2177 412 2298 470 xit:
2337 435 2367 463 ‹‹
2410 414 2634 484 Loquor
2662 413 2848 482 vobis,
2881 417 2939 471 et
2967 432 3085 472 non
3137 418 3376 475 auditis.
3407 418 3471 475 8i
3515 424 3714 476 autem
3743 437 3838 479 ve-

419 515 621 588 phetas
653 527 790 567 suos
823 509 880 562 in
915 504 1230 577 Scripturis
1271 503 1493 559 sanctis
1524 502 1594 558 de
1625 501 1766 558 Filio
1808 519 1937 568 suo,
1970 503 2072 573 qui

420 607 606 662 factus
637 605 720 655 est
744 600 794 653 ei
826 615 890 652 ex
911 597 1137 651 semine
1156 593 1330 650 David
1354 594 1677 649 secundum
1710 609 1944 648 carnem
1967 592 2071 646 το.»

421 697 561 748 Item
589 693 711 761 ipse
742 688 811 742 ad
837 685 1072 741 Galatas
1097 700 1110 738 :
1139 706 1165 733 «
1199 683 1512 755 Postquam
1544 686 1740 737 autem
1772 681 1932 737 venit
1953 681 2073 752 ple-

422 781 624 836 nitudo
657 774 961 846 temporis,
997 772 1155 827 misit
1190 777 1337 828 Deus
1373 770 1580 826 Filium
1615 787 1809 837 suum,
1843 787 1911 826 ex
1943 786 2071 825 mu-

420 870 561 924 liere
594 867 838 930 factum,
871 867 927 918 et
957 863 1178 918 factum
1212 861 1323 915 sub
1356 860 1481 932 lege
1511 858 1579 917 7'.
1601 881 1626 908 ι»
1662 861 1728 915 Et
1750 858 1823 914 ad
1855 858 2073 929 Philip-

423 973 672 1031 penses:
711 957 820 1009 «In
845 951 1295 1008 similitudinem
1329 949 1635 1004 hominum
1671 949 1877 1012 factus,
1901 951 1958 1002 et
1979 947 2076 1002 ha-

424 1048 551 1102 bitu
587 1047 857 1100 inventus
891 1045 952 1095 ut
1005 1039 1178 1094 homo
1219 1037 1288 1092 ⁷³.
1321 1060 1342 1089 ι
1399 1037 1466 1092 Et
1495 1037 1554 1091 in
1590 1035 1815 1108 psalmo
1846 1053 1955 1092 xxx
1982 1036 2026 1070 ⁷³
2058 1051 2073 1090 :

428 1161 457 1188 α
488 1137 788 1193 Infirmata
835 1135 923 1188 est
951 1131 1009 1184 in
1061 1133 1403 1202 paupertate
1442 1127 1629 1184 virtus
1680 1143 1829 1194 mea,
1863 1135 1917 1182 et
1947 1143 2079 1182 ossa

424 1245 556 1284 mea
585 1222 929 1281 conturbata
950 1223 1170 1275 suntet
1201 1235 1378 1290 super
1407 1217 1676 1274 inimicos
1700 1233 1861 1272 meos
1895 1217 2078 1272 factus

422 1332 554 1372 sum
586 1311 989 1385 opprobrium.
1027 1328 1054 1357 »
1111 1309 1270 1375 Item,
1303 1307 1384 1362 ibi
1432 1305 1523 1361 7‘:
1565 1305 1857 1362 Oblivioni
1906 1305 2080 1361 datus

423 1421 580 1469 sum,
649 1407 935 1471 tanquam
1000 1401 1267 1452 mortuus
1325 1413 1358 1450 a
1418 1395 1607 1450 corde.
1673 1395 1890 1450 Factus
1949 1409 2082 1449 sum

426 1500 714 1564 tanquam
745 1505 844 1543 vas
877 1485 1241 1557 perditum.»
1268 1484 1338 1538 Et
1367 1483 1426 1538 in
1461 1499 1563 1538 Lxx
1595 1482 1641 1517 ⁷⁸
1668 1499 1680 1537 :
1717 1505 1744 1532 «
1779 1487 2080 1554 Tanquam

432 1580 767 1656 prodigium
839 1576 1029 1631 factus
1099 1589 1230 1629 sum
1290 1571 1536 1640 multis,
1610 1580 1664 1628 et
1716 1577 1780 1628 tu
1850 1572 2084 1642 adjutor

435 1672 624 1729 fortis.
661 1692 688 1720 ››
723 1673 790 1724 Et
821 1668 881 1722 in
916 1683 1061 1721 Lxxu
1091 1664 1174 1720 16:
1212 1688 1239 1716 «
1274 1667 1704 1735 Utjumentum
1739 1664 1923 1720 factus
1952 1679 2082 1720 sum

439 1764 593 1836 apud
626 1766 702 1829 te,
733 1766 782 1815 el
835 1775 936 1829 ego
968 1773 1201 1830 semper
1243 1760 1455 1812 tecum.
1494 1779 1514 1806 ι
1550 1757 1622 1812 Et
1668 1756 1730 1812 in
1759 1772 1960 1811 Lxxxv1
1987 1754 2033 1790 ⁷⁷
2066 1772 2082 1811 :

441 1878 468 1908 α
492 1853 675 1908 Mater
704 1849 840 1904 Sion
869 1848 1023 1902 dicet
1047 1863 1060 1901 :
1091 1846 1297 1913 Homo,
1321 1850 1377 1900 et
1395 1845 1570 1901 homo
1603 1846 1790 1901 factus
1805 1850 1896 1900 est
1917 1845 1974 1900 in
2000 1861 2087 1915 ea,

439 1946 496 1998 et
526 1941 652 2012 ipse
686 1937 954 1993 fundavit
985 1951 1112 1992 eam
1143 1934 1501 1990 Altissimus.
1529 1957 1556 1984 »
1579 1935 1650 1989 Et
1680 1935 1738 1989 in
1771 1938 1990 1989 Lxxxvxi
2011 1934 2089 1991 7':

445 2055 466 2082 ι
493 2032 700 2087 Factus
733 2045 865 2085 sum
897 2027 1048 2083 sicut
1079 2026 1253 2082 homo
1279 2027 1406 2082 sine
1435 2026 1724 2097 adjutorio
1754 2026 1905 2082 inter
1936 2041 2090 2081 mor-

438 2127 574 2177 tuos
605 2119 776 2176 liber.
810 2140 837 2168 ››
870 2118 938 2174 Et
969 2117 1029 2172 in
1059 2133 1194 2172 cvm
1222 2117 1303 2172 ἠε
1340 2138 1368 2167 ‹‹
1403 2116 1472 2172 Et
1501 2131 1606 2188 ego
1639 2116 1828 2171 factus
1858 2131 1990 2171 sum
2023 2114 2094 2169 il-

443 2212 516 2268 lis
545 2208 951 2282 opprobrium,
983 2206 1254 2261 viderunt
1292 2221 1407 2275 me,
1442 2208 1499 2261 et
1548 2209 1856 2260 moverunt
1902 2203 2095 2274 capita

444 2317 574 2356 sua.
599 2301 708 2352 »Εἰ
735 2297 793 2351 in
819 2313 865 2352 CI
896 2295 944 2331 ⁸ο
968 2309 981 2350 :
1002 2316 1031 2344 «
1054 2293 1295 2364 Vigilavi
1326 2301 1382 2349 et
1411 2294 1598 2349 factus
1619 2310 1751 2349 sum
1785 2295 1939 2350 sicut
1961 2309 2094 2365 pas-

449 2405 544 2446 ser
575 2386 871 2443 solitarius
903 2385 962 2440 in
995 2387 1210 2440 tecto.»
1232 2383 1301 2438 Et
1331 2383 1390 2439 in
1421 2383 1730 2456 Evangelio
1757 2398 1770 2437 :
1795 2404 1820 2435 α
1840 2382 2095 2438 Verbum

449 2494 582 2533 caro
613 2476 830 2532 factum
856 2482 962 2543 est,
987 2478 1043 2529 et
1063 2473 1351 2530 habitavit
1375 2474 1432 2528 in
1458 2472 1627 2528 nobis
1643 2471 1710 2529 ⁸⁸.
1729 2494 1756 2522 ››
1781 2471 1962 2528 Filius
1987 2471 2097 2542 igi-

449 2572 550 2623 tur
564 2566 889 2622 secundum
905 2579 1134 2620 carnem
1153 2563 1543 2619 dicitur.Nam
1558 2561 1878 2618 secundum
1895 2560 2102 2618 divini-

455 2663 658 2722 tatem,
687 2672 721 2710 a
749 2659 916 2710 Patre
947 2668 1241 2723 nusquam
1269 2651 1486 2722 legitur
1508 2651 1825 2719 factus,sed
1849 2649 2098 2722 genitus.

456 2746 607 2802 Dum
631 2744 786 2800 enim
813 2743 979 2797 Pater
999 2740 1474 2812 loquitur,Filius
1497 2741 1781 2812 loquitur,
1801 2745 2001 2796 etcum
2019 2739 2105 2795 Fi-

455 2834 574 2889 lius
608 2831 888 2903 loquitur,
912 2835 1138 2886 Patrem
1170 2830 1228 2884 in
1263 2829 1360 2886 illo
1391 2845 1518 2885 esse
1546 2828 1902 2900 loquentem,
1927 2829 2104 2884 docu-

459 2922 675 2978 mentis
697 2920 1028 2975 ccslestibus
1053 2919 1486 2990 comprobatur,
1499 2919 1674 2974 Paulo
1692 2919 1951 2990 apostolo
1969 2923 2108 2973 atte-

457 3009 777 3079 stante,qui
794 3006 1597 3077 ait:«Multifarie,multisque
1609 3007 1788 3062 modis
1802 3006 1940 3062 olim
1957 3006 2108 3061 Deus

455 3098 688 3152 locutus
711 3099 799 3150 est
824 3095 1088 3166 patribus
1119 3095 1177 3148 in
1211 3094 1532 3166 prophetis,
1559 3094 1878 3150 novissime
1909 3098 2107 3149 autem

2181 503 2334 560 nerit
2383 502 2559 570 alius,
2594 503 2760 558 illum
2795 504 3046 560 audietis
3076 503 3144 560 θ’.
3179 527 3208 556 »
3239 511 3308 562 Et
3346 507 3568 564 iterum
3597 526 3612 567 :
3645 531 3675 559 ‹‹
3706 516 3834 569 Hec

2182 590 2412 647 locutus
2455 596 2546 647 est
2602 591 2885 648 Dominus
2930 593 2988 648 in
3042 596 3478 669 gazophylacio,
3513 599 3732 654 docens
3777 604 3831 656 in

2183 679 2439 752 templo:
2471 690 2527 736 et
2559 696 2729 736 nemo
2779 681 3168 753 apprehendit
3196 700 3350 754 eum,
3385 687 3529 758 quia
3579 690 3836 746 nondum

2181 774 2419 826 venerat
2447 769 2591 825 hera
2606 771 2734 842 ejus
2757 769 2824 825 93.
2845 794 2874 822 ››
2898 773 3040 828 Ecce
3063 774 3122 830 in
3148 775 3240 830 his
3264 778 3566 846 omnibus,
3589 793 3718 848 qua:
3741 796 3834 834 su-

2184 857 2383 930 perius
2414 857 2569 913 dicta
2599 864 2756 926 sunt,
2784 877 2896 915 non
2931 863 3171 918 docetur
3199 863 3383 920 Filius
3418 872 3711 938 praecepto
3744 868 3836 922 Pa-

2185 948 2295 1002 tris
2330 947 2512 1003 fuisse
2544 947 2798 1016 locutus,
2823 951 2924 1005 sed
2961 953 3150 1023 magis
3183 954 3485 1025 proprium
3510 958 3836 1013 exercuisse

2184 1034 2243 1090 in
2295 1033 2588 1105 loquendo
2633 1053 2988 1095 sermonem.
3037 1043 3220 1097 Isaias
3269 1059 3504 1114 quoque
3555 1045 3839 1116 propheta

2188 1125 2301 1180 ait:
2336 1147 2364 1175 «
2395 1129 2527 1182 Haec
2557 1125 2699 1180 dicit
2729 1130 3011 1186 Dominus
3039 1146 3052 1184 :
3105 1134 3221 1202 Ego
3253 1133 3362 1188 feci
3415 1139 3637 1190 terram
3671 1152 3838 1192 sensu

2191 1231 2339 1280 meo,
2371 1219 2427 1269 et
2459 1214 2758 1272 hominem
2789 1234 2968 1288 super
2996 1236 3126 1275 eam
3159 1236 3174 1276 :
3205 1223 3322 1294 Ego
3353 1221 3607 1278 solidavi
3638 1226 3842 1280 ccelum

2191 1319 2369 1359 manu
2420 1320 2571 1373 mea,
2611 1321 2716 1377 ego
2765 1309 3043 1364 omnibus
3074 1309 3368 1367 sideribus
3419 1313 3736 1384 mandavi,
3787 1319 3848 1370 ut

2191 1392 2456 1448 lucerent
2486 1393 2544 1448 in
2577 1394 2723 1450 cmlo
2754 1394 2821 1451 9‘.
2843 1419 2872 1446 ››
2904 1403 3048 1454 Item
3081 1399 3161 1455 ibi
3193 1417 3207 1457 :
3243 1422 3271 1450 «
3304 1402 3425 1474 Ego
3449 1419 3629 1458 omne
3661 1405 3848 1460 consi-

2193 1481 2338 1537 lium
2386 1497 2582 1538 meum
2614 1483 2816 1551 statui,
2848 1490 2906 1541 et
2935 1488 3130 1542 omnia
3161 1505 3530 1562 quiscunque
3575 1493 3846 1562 cOgitavi,

2191 1584 2297 1642 ego
2329 1569 2434 1625 feci
2466 1570 2532 1627 ⁸⁵.
2563 1593 2592 1621 ››
2630 1571 2774 1627 Item
2809 1573 2889 1628 ibi
2918 1590 2930 1630 :
2965 1597 2994 1625 ‹‹
3048 1575 3141 1631 Sic
3188 1578 3330 1633 dicit
3358 1580 3695 1635 Dominus:
3745 1583 3847 1647 Qui

2194 1659 2496 1715 constituit
2543 1660 2752 1716 ccslum
2785 1667 2843 1717 et
2871 1668 3109 1734 terram,
3162 1670 3221 1722 et
3252 1667 3386 1722 fecit
3429 1685 3586 1740 eam,
3624 1675 3683 1725 et
3725 1672 3851 1725 fun-

2193 1748 2421 1804 davit”
2451 1765 2579 1805 eam
2610 1751 2677 1806 '7.
2713 1773 2740 1799 ››
2775 1751 2917 1808 Item
2954 1753 3073 1810 ibi:
3120 1776 3149 1805 α
3183 1756 3298 1828 Ego
3351 1756 3602 1828 primus,
3649 1764 3708 1814 et
3751 1775 3853 1831 ego

2200 1839 2259 1894 in
2289 1843 2566 1895 aeternum
2599 1857 2613 1894 :
2648 1856 2857 1896 manus
2889 1857 3019 1898 mea
3051 1844 3314 1900 fundavit
3343 1851 3584 1916 terram,
3619 1850 3857 1906 dextera

2203 1944 2330 1984 mea
2360 1927 2630 1985 solidavit
2659 1930 2869 1987 coelum
2900 1930 2964 1987 οδ.
2999 1955 3018 1981 ιι
3047 1934 3117 1988 Et
3143 1935 3200 1990 in
3231 1935 3523 1992 Jeremia:
3555 1962 3584 1989 α
3610 1939 3733 2010 Ego
3755 1939 3860 1994 feci

2203 2021 2417 2073 terram
2442 2018 2501 2073 in
2526 2018 2870 2078 fortitudine
2892 2037 3023 2078 mea
3047 2030 3357 2095 magna,et
3378 2025 3436 2080 in
3462 2026 3708 2083 brachio
3733 2044 3861 2084 meo

2202 2105 2427 2162 excelso
2449 2107 2511 2161 θ’.
2539 2129 2569 2157 ››
2593 2110 2736 2164 Item
2761 2109 2871 2165 ibi:
2897 2129 2923 2163 α
2946 2111 3236 2168 Dominus
3267 2114 3402 2169 fecit
3426 2118 3644 2172 terram
3682 2117 3740 2172 in
3762 2118 3866 2173 vir-

2203 2198 2330 2250 tute
2360 2211 2466 2251 sua
2498 2211 2732 2268 magna,
2755 2202 2813 2254 et
2841 2199 3021 2255 erexit
3053 2201 3252 2256 orbem
3273 2205 3439 2258 terra
3471 2205 3528 2258 in
3550 2206 3868 2276 sapientia,

2204 2288 2263 2339 et
2293 2284 2607 2355 prudentia
2636 2303 2745 2343 sua
2766 2289 3028 2344 extendit
3055 2289 3289 2359 ccslum,
3311 2295 3369 2347 et
3428 2293 3626 2363 posuit
3655 2311 3868 2351 sonum

2207 2389 2370 2444 aquae
2420 2373 2481 2430 in
2530 2376 2674 2431 cmlo
2715 2375 2759 2436 ί,
2792 2398 2821 2428 ››
2868 2378 2890 2413 ²
2943 2377 3265 2447 Defendite,
3314 2379 3674 2449 charissimi,
3730 2401 3870 2456 rogo

2207 2479 2334 2530 vos,
2359 2467 2569 2520 contra
2593 2467 2914 2524 malevolos
2931 2467 3203 2526 homines
3231 2469 3651 2529 inconcussum
3676 2473 3877 2530 Eccle—

2209 2550 2307 2608 size
2359 2558 2608 2621 statum,
2662 2560 2726 2612 ut
2769 2573 2872 2613 vos
2926 2557 3144 2614 Christi
3192 2559 3425 2616 dextera
3481 2561 3768 2618 defendat
3813 2563 3872 2618 in

2211 2656 2418 2697 avum.

2293 2734 2439 2790 Data
2469 2734 2650 2790 Nonis
2681 2733 2838 2800 Maii,
2859 2736 3099 2792 Rustico
3129 2741 3186 2793 et
3213 2738 3482 2809 Aquilino
3513 2741 3658 2796 viris
3681 2741 3878 2797 claris-

2215 2827 2382 2884 simis
2413 2824 2756 2883 consulibus
2786 2824 2831 2878 ³.

2814 2941 3152 2998 EPISTOLA
3195 2941 3271 2999 ΙΙ.

2705 3074 2778 3114 AD
2818 3074 2906 3113 ΕΡ]
2915 3073 3120 3114 SCOPOS
3158 3075 3376 3114 ITALIE.

459 3185 695 3241 locutus
725 3187 812 3239 est
833 3165 1012 3238 nobis
1035 3182 1092 3236 in
1121 3181 1264 3236 Filio
1287 3165 1389 3236 δέ.»
1416 3183 1560 3237 Etut
1581 3183 1854 3238 eumdem
1878 3181 2111 3247 Filium,
2145 3165 2189 3232 C
2226 3176 2302 3232 Ne
2347 3176 2576 3245 femina
2603 3188 2779 3247 sacra
2799 3189 2932 3247 vasa
2979 3173 3073 3247 vel
3111 3189 3297 3247 sacras
3325 3174 3504 3247 pallas
3553 3178 3888 3245 contingant

459 3279 700 3345 excepto
752 3273 933 3328 Patris
985 3275 1290 3344 praecepto,
1325 3273 1561 3327 doceam
1612 3271 1790 3327 fuisse
1831 3271 2113 3341 locutum,

463 3381 532 3420 ex
563 3362 728 3417 Isaiae
762 3360 1056 3432 prophetis
1087 3359 1383 3414 volumine
1417 3360 1767 3430 proferimus
1805 3360 2118 3416 documen-

461 3459 594 3509 tum
621 3470 633 3516 ;
671 3473 695 3503 α
720 3451 848 3506 Haec
880 3450 1022 3505 dicit
1045 3450 1440 3505 Dominuszln
1465 3449 1566 3504 illa
1596 3449 1688 3504 die
1706 3451 1846 3508 sciet
1864 3450 2116 3523 p0pulus

471 3559 657 3610 meus,
690 3540 966 3611 quoniam
1000 3555 1106 3611 ego
1137 3555 1270 3594 sum
1306 3538 1451 3610 ipse,
1477 3539 1576 3610 qui
1608 3538 1888 3612 loquebar
1913 3541 1971 3596 in
1995 3557 2119 3598 ser-

469 3633 558 3687 vis
591 3633 739 3686 meis
771 3629 1092 3700 prophetis,
1120 3627 1526 3700 evangelizans
1559 3629 1823 3685 auditum
1861 3631 2042 3702 pacis,
2066 3635 2122 3686 et

470 3736 602 3777 ecce
637 3722 848 3776 adsum
889 3717 956 3774 ⁸³.
993 3741 1020 3769 ››
1071 3720 1216 3774 Item
1250 3718 1368 3774 ibi:
1403 3741 1430 3768 «
1476 3720 1592 3791 Ego
1626 3735 1756 3775 sum
1805 3721 2081 3776 Dominus
2106 3765 2119 3792 ,

469 3811 570 3882 qui
625 3810 834 3880 loquor
873 3809 1194 3880 justitiam,
1227 3813 1284 3864 et
1329 3809 1614 3865 annuntio
1645 3810 1945 3866 veritatem
1993 3811 2055 3864 “.
2093 3832 2122 3860 »

465 3900 611 3954 Item
663 3899 765 3954 ibi.
828 3921 854 3948 «
892 3899 1006 3970 Ego
1060 3898 1325 3970 cogitavi,
1373 3905 1427 3953 et
1457 3897 1689 3955 locutus
1734 3917 1887 3971 sum,
1920 3903 1976 3955 et
2020 3901 2126 3956 ad-

471 3990 631 4056 duxi,
679 3998 736 4044 et
767 3988 974 4058 creavi,
1028 3994 1085 4044 et
1135 3990 1242 4045 feci
1276 3988 1344 4045 ⁸⁵.
1380 4011 1407 4038 ››
1466 3991 1535 4045 Et
1580 3991 1926 4062 Apostolus:
1981 4015 2006 4041 ‹‹
2040 3995 2125 4047 An

469 4078 933 4148 experimentum
953 4077 1212 4148 quaeritis
1225 4078 1484 4150 ejus,qui
1503 4078 1560 4132 in
1583 4079 2128 4150 meloquiturChri-

469 4171 594 4220 stus
628 4165 696 4219 ⁸⁸.
732 4185 756 4210 η
793 4168 862 4219 Et
887 4165 947 4220 in
980 4165 1105 4236 psal
1136 4183 1308 4221 cxvm
1340 4165 1387 4199 8⁷
1416 4183 1429 4221 :
1463 4189 1490 4216 ‹‹
1529 4168 1823 4239 Loquebar
1862 4170 1931 4224 de
1961 4169 2124 4226 testi-

475 4251 689 4306 moniis
720 4252 838 4306 tuis
870 4253 928 4306 in
963 4258 1272 4324 conspectu
1306 4269 1534 4325 regum,
1568 4262 1622 4309 et
1653 4273 1768 4311 non
1801 4258 2127 4314 confunde-

477 4342 600 4395 bar.
633 4362 659 4389 ››
693 4341 760 4396 Et
789 4341 914 4412 ipse
937 4340 1219 4396 Dominus
1252 4343 1310 4396 in
1336 4342 1648 4414 Evangelio
1682 4361 1829 4402 casco
1851 4364 1886 4401 a
1915 4363 1977 4403 se
2000 4347 2133 4404 illu-

476 4430 694 4486 minato
748 4430 925 4484 dicit:
979 4452 1007 4479 «
1043 4430 1110 4484 Et
1159 4431 1354 4487 vidisti
1410 4448 1566 4501 eum,
1618 4438 1675 4489 et
1722 4437 1822 4506 qui
1873 4435 2134 4508 loquitur

2694 3245 2780 3301 vel
2808 3245 3018 3301 altaria
3047 3245 3345 3302 incendant
3373 3246 3415 3301 ⁴.

2300 3361 2710 3418 Dilectissimis
2741 3361 3022 3417 fratribus
3056 3377 3157 3433 per
3181 3361 3359 3416 Italia:
3393 3363 3730 3434 provincias
3761 3381 3863 3420 san

2231 3452 2337 3507 clis
2369 3449 2704 3507 constitutis
2734 3450 3049 3522 episcopis,
3081 3451 3250 3506 Soter
3281 3467 3449 3522 papa.

2303 3540 2526 3596 Divinis
2557 3542 2862 3611 preceptis
2891 3541 2912 3574 ⁵
2943 3545 3001 3596 et
3042 3538 3378 3612 apostolicis
3410 3539 3650 3596 monitis
3708 3542 3880 3598 infor-

2235 3646 2484 3697 mamur,
2507 3633 2569 3684 ut
2599 3646 2700 3701 pro
2732 3629 2994 3684 omnium
3015 3629 3403 3684 Ecclesiarum
3436 3634 3616 3700 statu,
3637 3631 3878 3703 impigro

2234 3719 2541 3790 vigilemus
2571 3720 2779 3774 affectu
2801 3737 2815 3788 ;
2834 3735 2899 3774 ac
2932 3719 2981 3772 si
3005 3718 3147 3789 quid
3165 3735 3417 3790 usquam
3439 3720 3878 3791 reprehensioni

2236 3811 2532 3866 invenitur
2557 3809 3073 3880 obnoxium,celeri
3099 3809 3495 3867 sollicitudine
3519 3810 3594 3866 ab
3624 3811 3888 3884 ignoran-

2237 3903 2329 3958 tiis
2359 3899 2650 3973 imperitia
2681 3905 2737 3956 et
2787 3899 3264 3972 praesumptionis
3309 3904 3700 3973 usurpatione
3732 3920 3887 3958 revo-

2238 4006 2463 4045 cemus.

2309 4079 2330 4113 ⁸
2378 4079 2650 4134 Sacratae
2703 4078 2820 4134 Deo
2868 4078 3119 4134 feminas
3179 4077 3265 4134 vel
3323 4078 3672 4148 monachae,
3735 4099 3892 4137 sacra

2241 4182 2380 4222 vasa
2409 4167 2495 4221 vel
2549 4171 2809 4222 sacratas
2860 4167 3047 4236 pallas
3081 4182 3258 4238 penes
3302 4183 3401 4222 vos
3450 4169 3816 4240 contingere,
3845 4175 3893 4224 et

2241 4255 2548 4312 incensum
2573 4257 2730 4314 circa
2760 4256 2970 4313 altaria
2996 4257 3241 4324 deferre,
3260 4256 3549 4329 perlatum
3569 4266 3657 4314 est
3682 4260 3758 4316 ad
3777 4277 3895 4331 apo-

2244 4345 2508 4403 stolicam
2540 4345 2738 4401 sedem
2766 4363 2780 4413 ;
2808 4363 2935 4418 quis
2967 4345 3170 4402 omnia
3188 4346 3640 4418 reprehensione
3670 4353 3730 4403 et
3753 4349 3892 4403 vitu-

2247 4436 2726 4507 perationeplena
2757 4451 2906 4504 esse,
2927 4435 3074 4490 nihil
3101 4440 3251 4492 recte
3280 4435 3635 4506 sapientium
3655 4437 3890 4493 dubium

468 4523 684 4588 tecum,
743 4518 869 4591 ipse
902 4523 991 4575 est
1019 4518 1085 4576 ⁸³.
1137 4541 1165 4571 ν
1219 4521 1288 4576 Et
1336 4521 1711 4578 Samaritana:
1753 4524 1985 4580 mulieri
2017 4527 2137 4581 ait:
2174 4535 2220 4599 ι)
2250 4528 2359 4580 est.
2383 4525 2748 4596 Quapropter
2765 4525 2943 4594 hujus
2970 4532 3182 4580 sanctas
3211 4524 3368 4578 sedis
3389 4525 3763 4590 auctoritate,
3786 4527 3892 4582 hac

477 4633 502 4658 ‹‹
543 4611 659 4681 Ego
693 4625 848 4676 sum,
885 4610 983 4680 qui
1029 4610 1234 4680 loquor
1265 4616 1456 4666 tecum
1490 4610 1558 4670 39.
1594 4635 1622 4663 »
1655 4613 1725 4668 Et
1755 4616 1825 4670 ad
1875 4615 2136 4686 discipu-

2248 4613 2449 4668 omnia
2479 4612 2641 4669 vobis
2675 4629 2937 4669 resecare
2967 4613 3257 4678 funditus,
3283 4617 3506 4684 quanto
3537 4614 3716 4670 citius
3749 4620 3892 4687 pote-

471 4698 560 4753 los
590 4715 603 4752 :
643 4719 669 4746 «
703 4697 894 4753 Verba
926 4715 1056 4769 qua:
1092 4715 1198 4770 ego
1231 4700 1466 4756 locutus
1497 4717 1626 4758 sum
1659 4705 1843 4774 vobis,
1889 4703 2136 4776 spiritus
2247 4703 2400 4772 ritis,
2422 4718 2733 4759 censemus
2759 4723 2773 4768 ς
2797 4707 2858 4758 et
2889 4719 2960 4758 ne
2991 4701 3175 4774 pestis
3208 4703 3330 4757 haec
3363 4701 3545 4758 latius
3576 4703 3897 4776 divulgetur

471 4792 528 4842 et
555 4787 674 4842 vita
704 4794 840 4842 sunt
869 4787 938 4842 9°.
976 4811 1004 4837 »
1040 4789 1103 4843 Et
1137 4790 1207 4844 ad
1242 4790 1503 4845 Patrem:
1540 4815 1567 4842 «
1605 4794 1719 4866 Ego
1752 4796 1832 4850 ad.
1857 4799 1912 4850 te
1943 4793 2134 4862 venio,

471 4881 542 4946 et
570 4876 693 4932 haec
720 4875 924 4946 loquor
957 4877 1014 4931 in
1049 4878 1268 4934 mundo
1303 4878 1368 4932 9‘.
1405 4901 1433 4928 »
1468 4884 1533 4935 Et
1563 4881 1776 4938 iterum
1809 4883 2028 4940 Judaeis
2057 4883 2139 4938 di-

541 5077 588 5110 "°
619 5077 853 5153 Domini.
896 5075 1037 5153 2L3.
1098 5076 1159 5153 _'”
1189 5076 1312 5153 Gal.
1346 5095 1419 5153 iv,
1453 5081 1505 5153 4.
1584 5078 1630 5114 ’³³
1663 5079 1890 5153 Philipp

1900 5124 1913 5138 .
1949 5099 2008 5146 ιι,
2041 5083 2096 5138 7.
2171 5084 2217 5120 ⁷³
2249 5101 2300 5140 v.
2339 5083 2426 5148 11,
2461 5083 2548 5138 12.
2625 5080 2672 5116 7‘
2700 5097 2753 5135 ν.
2789 5081 2876 5148 13,
2911 5081 2996 5136 14.
3073 5080 3118 5114 ⁷⁵
3149 5098 3202 5138 v.
3237 5081 3293 5138 7.
3371 5080 3417 5116 ⁷⁸
3445 5097 3495 5136 ν.
3521 5083 3612 5139 23.

2249 4808 2348 4864 per
2381 4808 2585 4848 omnes
2635 4791 2985 4864 provincias,
3037 4791 3296 4862 abstergi
3329 4790 3616 4848 citissime
3666 4795 3892 4850 manda-

2253 4898 2406 4938 mus.
2427 4883 2523 4937 Ait
2552 4882 2709 4938 enim
2741 4880 3092 4954 Apostolus:
3117 4901 3144 4929 κ
3169 4879 3214 4935 D
3233 4881 3473 4951 espondi
3496 4882 3654 4939 enim
3678 4901 3781 4941 vos
3805 4883 3889 4939 uni

3691 5080 3738 5116 77
3766 5097 3809 5134 v.
3837 5080 3886 5135 5.

471 5149 516 5223 ’ξε
547 5165 598 5202 v.
630 5150 685 5223 6,
719 5144 897 5223 __"°_Av.
929 5147 1016 5200 25.
1097 5148 1224 5223 “Av.
1264 5149 1316 5223 _8_.
1393 5149 1438 5186 δι
1472 5151 1638 5223 Joan.
1673 5167 1712 5217 ι,
1748 5144 1873 5208 142'
1911 5152 1958 5186 ⁸³
1989 5144 2102 5211 Hch

2221 5198 2235 5223 ,
2271 5157 2320 5223 1,
2351 5144 2422 5211 2.⁷
2483 5152 2532 5187 ⁸³
2571 5154 2680 5207 Isa.
2718 5169 2816 5216 LII,
2847 5144 2901 5207 6.
2977 5152 3023 5187 3‘
3054 5153 3166 5207 Isa.
3202 5153 3458 5223 xr.v,i19.
3536 5153 3721 5216 8513a,
3752 5168 3885 5216 xm,

472 5220 570 5293 11.
639 5218 684 5253 ⁸⁸
718 5217 765 5274 II
798 5221 931 5293 Cor.
980 5234 1103 5293 xu},
1134 5220 1188 5274 3.
1266 5221 1310 5254 ⁸⁷
1342 5237 1392 5275 v.
1428 5223 1516 5276 46.
1594 5221 1644 5256 ⁸⁸
1697 5223 1866 5278 Joan.
1902 5242 1979 5292 Ix,
2009 5227 2096 5281 37.

2218 5217 2417 5282 "Joan.
2454 5242 2525 5289 1v,
2557 5225 2646 5278 26.
2725 5223 2773 5258 9°
2800 5223 2970 5278 Joan.
3028 5239 3106 5293 vr,
3167 5224 3257 5278 64.
3317 5217 3572 5280 ’91]οεῠ.
3646 5241 3778 5293 xvn,
3815 5223 3882 5276 13.

472 5291 742 5364 ?’_Joan._
776 5307 833 5355 x,
864 5290 956 5345 25.
1034 5289 1078 5324 ⁸³
1123 5295 1297 5364 Joan.
1352 5309 1471 5362 vni,
1501 5293 1592 5348 20.
1669 5293 1714 5328 ⁹⁴
1747 5299 1838 5350 Isa
1880 5289 2005 5364 ω,
2052 5299 2136 5352 12.

2212 5297 2261 5331 95
2314 5299 2426 5365 Isa,
2459 5312 2610 5361 τινι,
2648 5295 2731 5350 10.
2811 5295 2856 5330 ⁹⁶
2888 5295 3098 5363 divisit,
3131 5295 3218 5350 vel
3278 5296 3483 5365 ﬁnivit.
3562 5297 3608 5331 '7
3640 5297 3748 5352 Isa.
3779 5309 3888 5363 κιρ,

474 5362 596 5438 18._
641 5361 690 5394 93
723 5361 832 5417 Isa.
868 5378 1062 5438 xnvil},
1102 5363 1184 5418 13.
1261 5363 1306 5398 ’9
1333 5361 1656 5438 Jer.'xxvn,
1681 5367 1736 5422 5.
1817 5371 1832 5404 ¹
1870 5361 2078 5434 Jer.x,
2117 5369 2204 5438 12,
2238 5369 2326 5424 13.
2405 5361 2426 5403 ί
2455 5369 2514 5424 S.
2550 5368 2658 5423 Leo
2700 5381 2793 5436 ep.
2826 5367 2916 5421 25.
2997 5365 3018 5400 ³
3049 5361 3180 5422 Haec
3238 5361 3468 5438 quoque
3527 5366 3731 5424 delirat
3762 5361 3887 5419 tem4

471 5433 633 5508 poris
669 5438 803 5489 nota
833 5449 926 5487 an.
960 5433 1067 5508 162
1098 5451 1447 5508 congruens.
1525 5436 1547 5470 ⁴
1582 5438 1643 5493 Ut
1699 5440 1877 5496 nullae
1904 5433 2427 5496 sanctimonialium
2481 5455 2640 5496 sacra
2697 5433 2830 5494 vasa
2860 5448 3200 5508 sacrataque
3228 5433 3561 5494 linteamina
3589 5440 3887 5506 contingere

472 5514 570 5586 aut
599 5506 1062 5586 incensum-circa
1082 5507 1281 5586 illam
1295 5508 1874 5580 deferreprzsumant.
1951 5512 1971 5546 ⁵
2000 5513 2178 5568 S.Leo
2209 5529 2300 5586 ep.
2335 5514 2387 5567 4.
2467 5512 2572 5566 ⁸23
2601 5511 2739 5566 dist.
2784 5529 2797 5565 :
2831 5506 3240 5567 Sacratae—Deo
3267 5512 3524 5581 feminas.
3545 5508 3883 5567 Conc.l.aod.

475 5575 564 5642 Η,
595 5575 722 5630 Gel.
755 5592 847 5647 ep.
885 5576 968 5641 10,
1003 5593 1052 5631 c.
1081 5576 1172 5632 27.
