4000 6220
179 405 312 465 H37
1654 412 1809 473 EPIE

1925 412 2081 470 tL/E.
3408 422 3563 481 1138

175 537 303 602 viro,
332 536 605 609 virginem
641 542 864 595 castam
893 540 1166 597 exhibere
1215 540 1440 597 Christo
1488 541 1530 599 ⁷.
1565 564 1594 592 ››
1624 540 1649 575 ⁸
1695 543 1801 597 Illa
1830 545 1884 611 Α
1912 544 2038 613 ipse
2069 542 2311 597 Satanas
2341 544 2721 615 transﬁgurat
2752 562 2812 602 se
2842 546 2902 603 in
2958 548 3234 619 angelum
3284 550 3455 620 lucis,
3515 556 3565 610 si

174 631 257 682 est
284 626 426 682 enim
459 627 617 701 virgo
649 628 938 698 Ecclesia,
974 648 1191 702 sponsa
1224 630 1400 686 unius
1424 631 1531 686 viri
1564 632 1801 701 Christi,
1915 630 2165 687 ministri
2185 633 2313 703 eius
2339 634 2995 705 transﬁguranturvelut
3018 640 3266 694 ministri
3300 642 3568 711 justitiae,

180 733 299 786 qua
325 716 484 773 nullo
517 734 581 773 se
604 718 825 789 patitur
847 734 1039 776 errore
1056 720 1144 775 vel
1167 720 1475 776 inhonesta
1493 720 1803 791 reprehen-
1914 737 2165 791 quorum
2199 721 2332 775 ﬁnis
2365 727 2452 775 est
2484 725 2809 779 secundum
2842 742 3015 797 opera
3058 744 3259 783 eorum
3281 728 3347 783 “.
3377 752 3404 778 »
3452 731 3564 786 Sed

176 806 324 861 sione
349 806 564 874 vitiari,
600 812 664 862 ut
690 825 793 879 per
824 817 1001 865 totum
1033 810 1314 865 mundum
1357 826 1475 865 una
1514 810 1591 865 sit
1636 810 1805 865 nobis
1914 813 1969 865 et
2004 810 2282 865 Dominus
2312 810 2368 863 in
2405 812 2511 866 hoc
2544 815 2937 883 praemuniens
2972 833 3100 884 nos,
3143 817 3223 871 ait
3260 834 3273 873 :
3307 839 3332 871 α
3364 823 3565 874 Atten-

178 899 335 955 unius
361 910 529 954 castae
559 902 994 957 communionis
1026 902 1350 974 integritas.
1382 901 1405 935 9
1455 901 1617 957 Unde
1667 919 1803 957 con-
1915 898 2032 953 dite
2063 916 2096 953 a
2126 898 2291 954 falsis
2322 900 2639 971 prophetis,
2673 902 2772 971 qui
2802 902 3041 959 veniunt
3075 906 3144 959 ad
3179 923 3278 961 vos
3309 906 3369 961 in
3397 910 3566 966 vesti-

174 992 401 1058 surgite,
421 988 930 1058 charissimi,cum
958 995 1092 1057 Deo,
1121 996 1178 1047 et
1198 991 1806 1058 assistite,induentes
1917 990 2131 1044 mentis
2163 989 2381 1056 ovium,
2416 990 2771 1046 intrinsecus
2795 1000 2989 1049 autem
3016 1004 3149 1050 sunt
3179 997 3301 1069 lupi
3326 1015 3567 1070 rapaces

176 1093 327 1131 arma
354 1078 598 1149 spiritus
631 1080 909 1136 adversus
943 1081 1332 1151 malignantes
1379 1085 1585 1135 contra
1631 1081 1805 1134 ﬁdem
1916 1080 1960 1131 A
1993 1077 2279 1133 fructibus
2310 1095 2511 1133 eorum
2558 1082 2925 1151 cognoscetis
2976 1099 3075 1139 eos
3124 1084 3190 1139 ".
3225 1106 3247 1134 »ι
3301 1088 3447 1158 Ergo
3498 1089 3561 1145 in

178 1166 316 1235 ejus,
337 1172 391 1221 et
416 1169 696 1238 probetur
718 1169 961 1239 spiritus
992 1172 1307 1240 sapienter,
1332 1170 1389 1224 id
1412 1175 1520 1236 est,
1544 1169 1718 1224 verba
1738 1167 1806 1221 il-
1917 1166 2174 1238 idipsum
2211 1184 2276 1223 ex
2309 1173 2428 1223 toto
2462 1170 2631 1224 corde
2658 1175 2851 1227 vestro
2884 1173 3140 1230 referetis
3182 1181 3317 1231 ante
3367 1181 3567 1234 omnia

174 1253 374 1322 lorum,
406 1255 454 1311 si
485 1274 553 1311 ex
584 1264 697 1313 Deo
730 1263 889 1314 sunt.
925 1259 1223 1330 Scriptum
1255 1264 1345 1314 est
1375 1259 1531 1315 enim
1566 1259 1624 1312 in
1646 1261 1808 1313 Jere-
1918 1273 2094 1327 super
2123 1257 2225 1313 tali
2260 1260 2582 1329 quaestione
2610 1262 3099 1332 deprecationem,
3123 1270 3178 1320 et
3204 1266 3410 1323 dicetis
3430 1284 3564 1324 cum

176 1344 287 1400 mia
316 1360 328 1401 :
357 1367 383 1394 ‹‹
412 1345 783 1403 Probatorem
816 1348 947 1403 dedi
980 1352 1034 1403 te
1063 1348 1124 1402 in
1181 1346 1393 1419 populo
1447 1364 1573 1403 meo
1623 1348 1806 1403 robu-
1918 1346 2094 1403 David
2122 1364 2134 1403 :
2169 1370 2197 1397 «
2230 1347 2437 1403 Revela
2466 1348 2665 1405 oculos
2698 1366 2879 1416 meos,
2902 1356 2959 1407 et
2986 1353 3366 1412 considerabo
3390 1358 3566 1412 mira-

1918 1436 2058 1494 bilia
2088 1437 2157 1492 de
2188 1436 2313 1509 lege
2342 1444 2461 1494 tua.
2503 1440 2762 1496 Lucerna
2815 1442 3061 1511 pedibus
3120 1445 3267 1501 meis
3322 1447 3566 1502 verbum

1918 1532 2109 1591 tuum,
2151 1530 2208 1581 et
2237 1526 2435 1582 lumen
2478 1529 2705 1584 semitis
2738 1530 2881 1585 meis
2916 1531 2980 1587 ¹³.
3009 1552 3035 1582 »
3069 1533 3376 1604 Quoniam,
3402 1540 3467 1590 ut
3488 1536 3570 1590 ait

1918 1615 2121 1669 beatus
2150 1615 2349 1670 Daniel
2384 1617 2702 1687 propheta:
2750 1641 2777 1668 «
2838 1619 3131 1691 Sapientia
3182 1627 3238 1678 et
3286 1624 3566 1680 fortitudo

1920 1706 2050 1775 ejus
2079 1708 2235 1759 sunt.
2270 1704 2380 1759 Dat
2401 1705 2742 1776 sapientiam
2769 1695 3154 1779 sapientih‘ns,
3173 1716 3230 1765 et
3253 1712 3563 1767 scientiam

1921 1794 2380 1866 intelligentibus
2411 1794 2805 1866 disciplinam.
2839 1798 2968 1869 Ipse
3010 1800 3224 1855 revelat
3276 1803 3568 1870 profunda

171 1889 454 1957 conditur,
486 1888 691 1958 vixque
723 1887 1240 1958 comprehenditur
1279 1886 1479 1942 dolosa
1527 1885 1811 1941 exsistens
1839 1917 1887 1982 Β
1920 1887 1976 1937 et
2007 1882 2367 1951 abscondita,
2403 1887 2459 1938 et;
2491 1884 2648 1939 novit
2669 1884 2727 1939 in
2751 1886 3007 1942 tenebris
3033 1888 3447 1955 constituta,et
3469 1889 3568 1943 lux

170 1978 408 2047 malitia,
434 1992 534 2048 pro
561 1991 627 2032 eo
658 1977 816 2048 quod
845 1976 959 2031 sibi
992 1975 1265 2047 pietatem
1298 1974 1507 2032 callide
1539 1972 1804 2029 blandia-
1844 1970 1886 1982 “’
1918 1988 2052 2027 cum
2080 1987 2146 2027 eo
2187 1974 2293 2026 est.
2318 1970 2465 2036 Quia
2485 1972 2830 2043 sapientiam
2854 1979 2911 2030 et
2933 1976 3331 2032 fortitudinem
3355 1977 3568 2033 dedisti

162 2072 281 2136 tur,
315 2071 375 2122 ut
403 2064 592 2121 valeat
621 2064 1012 2120 scrutantium
1072 2072 1326 2120 mentem
1385 2064 1586 2118 latere.
1638 2060 1803 2125 Quod
1914 2060 2083 2126 mihi,
2114 2064 2170 2116 et
2198 2061 2509 2116 ostendisti
2542 2061 2686 2116 mihi
2714 2079 2840 2133 quas
2883 2065 3079 2135 rogavi
3112 2069 3167 2121 te
3198 2065 3265 2120 “.
3302 2088 3331 2115 »

160 2157 359 2227 utique
389 2154 585 2210 sciens
616 2154 824 2209 beatus
854 2154 1191 2226 Apostolus,
1224 2154 1340 2210 ait:
1366 2177 1394 2205 «
1415 2154 1560 2212 Nam
1594 2157 1804 2227 hujus-
1988 2154 2133 2206 Data
2157 2167 2194 2205 ι
2226 2148 2512 2205 Kalendae
2544 2150 2725 2218 Junii,
2758 2152 3007 2225 Cethego
3038 2159 3097 2210 et
3133 2155 3297 2211 Claro
3332 2156 3376 2191 1⁵
3428 2156 3569 2213 viris

156 2244 317 2301 modi
348 2242 875 2315 pseudo-apostoli,
908 2243 1159 2314 operarii
1191 2242 1443 2315 subdoli,
1487 2246 1805 2317 transﬁgu-
1916 2239 2268 2296 clarissimis
2299 2238 2644 2296 consulibus
2686 2240 2752 2298 “.

148 2338 289 2390 rant
309 2349 369 2390 se
390 2333 449 2389 in
478 2331 772 2404 apostolos
792 2331 1025 2390 Christi.
1046 2332 1160 2388 Sed
1177 2348 1293 2388 non
1316 2332 1552 2404 mirum,
1571 2336 1807 2406 quando

172 1439 403 1503 stum,et
418 1436 590 1507 scies,
612 1443 668 1493 et
689 1438 962 1510 probabis
985 1439 1134 1494 viam
1158 1438 1395 1493 illorum
1421 1437 1488 1495 ίο.
1514 1460 1542 1487 ››
1564 1438 1808 1494 Multum

170 1541 412 1595 namque
444 1527 611 1582 nobis
645 1528 972 1583 necessaria
1001 1532 1090 1583 est
1112 1527 1415 1599 vigilantia
1438 1527 1584 1583 tanti
1610 1544 1809 1582 sacra-

164 1616 345 1671 menti
399 1617 698 1689 sapientizs
739 1617 1273 1689 discretionis,quts
1297 1616 1525 1673 occulta
1548 1618 1810 1671 tenebra-

171 1724 299 1763 rum
330 1708 559 1776 revelat,
593 1709 663 1763 ad
724 1707 1163 1778 requisitionem
1225 1707 1563 1777 bujusmodi
1621 1706 1701 1761 rei
1757 1712 1811 1761 et

169 1797 602 1865 scrutationem,
638 1797 916 1869 quoniam
949 1796 1094 1853 latet
1124 1796 1560 1868 quodammodo
1590 1799 1646 1851 et
1676 1795 1809 1851 abs-

146 2695 417 2754 Decreta
473 2688 709 2753 Soteris
766 2706 971 2769 papae,
1033 2688 1374 2748 secundum
1436 2686 2023 2826 Gratianum.,tqluae
2073 2705 2196 2748 non
2255 2687 2567 2749 habentur
2636 2688 2700 2750 in
2765 2690 3079 2769 prioribus
3148 2693 3577 2756 decretalibus

1714 2784 2016 2826 emsom.

1714 2784 2016 2846 epistous.

145 2984 541 3038 Juramentum
586 2982 798 3038 malum
854 2979 993 3051 quod
1040 2979 1260 3036 incaute
1296 2979 1648 3052 promittitur
1696 2995 1805 3035 non

753 3053 832 3108 est
863 3068 1055 3108 servon
1064 3053 1224 3109 dum.

232 3159 277 3193 ¹⁷
308 3158 367 3213 Si
398 3157 617 3229 aliquid
662 3158 805 3212 forte
835 3157 1127 3212 incautius
1160 3173 1264 3212 nos
1287 3156 1523 3227 jurasse
1553 3155 1809 3226 contige-

147 3248 256 3315 rit,
290 3248 445 3318 quod
473 3248 844 3302 observatum
877 3246 932 3300 in
968 3247 1223 3317 peiorem
1255 3253 1450 3318 vergat
1472 3246 1713 3308 exitum,
1749 3244 1813 3299 i1-

140 3336 261 3391 lud
305 3337 523 3392 salubri
547 3336 792 3392 consilio
808 3336 1157 3391 mutandum
1183 3336 1604 3403 noverimus,et
1626 3334 1813 3405 magis

1921 2986 2203 3053 sequatur
2232 2983 2583 3057 intrepidus,
2632 2991 2687 3042 et
2734 2988 2989 3044 ofﬁcium
3037 2988 3327 3060 inceptum
3381 2989 3571 3045 adim-

1923 3070 2079 3141 pleat
2109 3071 2175 3125 ²⁰.
2205 3073 2555 3130 Censuimus
2587 3092 2721 3146 ergo
2752 3078 3081 3144 convenire,
3115 3083 3180 3134 ut
3210 3094 3342 3134 cum
3390 3096 3421 3133 a
3470 3095 3570 3135 sa-

1924 3162 2257 3220 cerdotibus
2291 3165 2606 3224 missarum
2641 3177 2898 3242 tempore
2934 3187 3100 3226 sacra
3130 3170 3408 3243 mysteria
3438 3187 3573 3227 con-

1924 3261 2247 3323 secrantur,
2279 3256 2329 3311 si
2360 3260 2727 3328 egritudinis
2756 3260 2980 3316 accidat
3010 3260 3253 3332 quilibet
3310 3264 3573 3331 eventus,

1924 3361 2036 3415 quo
2068 3351 2321 3418 coeptum
2355 3354 2608 3419 nequeat
2635 3349 2853 3419 expleri
2904 3350 3272 3422 mysterium,
3298 3349 3379 3405 sit
3425 3349 3575 3405 libe-

142 3425 417 3480 instante
451 3426 792 3482 necessitate
825 3426 1245 3496 periurandum
1279 3425 1465 3491 nobis,
1509 3441 1686 3496 quam
1708 3440 1808 3493 pro

1925 3454 2054 3493 rum
2087 3439 2359 3509 episcopo
2389 3437 2476 3492 vel
2512 3439 2847 3510 presbytero
2877 3440 2967 3494 vel
3000 3439 3119 3503 alii,
3152 3444 3217 3493 ut
3267 3455 3574 3494 consecra-

140 3515 339 3584 factoj
352 3533 381 3569 u
394 3520 672 3585 ramento,
688 3515 745 3570 in
762 3514 917 3569 aliud
934 3514 1149 3569 crimen
1173 3514 1364 3584 majus
1378 3513 1806 3572 divertendum.

141 3630 401 3701 Quisque
456 3632 775 3700 sacriﬁcans
830 3630 1162 3685 sacerdotem
1220 3628 1436 3695 habeat,
1494 3630 1592 3700 qui
1640 3634 1810 3700 empta

304 3708 660 3759 sacramenta
689 3702 930 3773 empleat,
962 3703 1012 3756 si
1040 3702 1335 3755 necessitas
1369 3701 1666 3771 ingruerit.

232 3819 279 3853 ¹⁶
313 3818 385 3873 Ut
415 3818 560 3874 illud
595 3818 775 3873 divini
808 3816 1025 3873 oraculi
1062 3815 1353 3872 monentis
1403 3814 1618 3888 singuli
1671 3831 1813 3887 prae-

135 3914 429 3976 caveant,
464 3926 578 3979 quo
608 3908 921 3964 scribitur:
961 3930 988 3957 ‹‹
1023 3906 1117 3960 Vas
1151 3906 1282 3973 soli,
1314 3904 1453 3976 quia
1483 3922 1615 3960 cum
1665 3906 1814 3960 ceci.

136 3999 339 4062 derit,
374 4015 487 4053 non
522 3998 695 4054 habet
727 3996 1128 4051 sublevantem
1160 3994 1297 4062 19;»
1330 4009 1699 4064 summopere
1723 4011 1820 4049 ve-

134 4087 415 4143 rendum
448 4092 536 4142 est
568 4088 735 4142 nobis
766 4090 937 4157 atque
981 4085 1327 4151 cavendum,
1380 4100 1451 4138 ne
1496 4084 1655 4139 horis
1701 4083 1819 4139 illis

135 4182 347 4247 atque
376 4176 763 4248 temporibus,
798 4176 1011 4245 quibus
1044 4179 1160 4230 Deo
1193 4173 1463 4245 psallitur
1494 4172 1581 4228 vel
1605 4173 1823 4228 sacriﬁ-

1916 3527 2133 3582 tionem
2168 3526 2396 3595 expleat
2425 3526 2599 3581 ofﬁcii
2650 3527 2844 3598 cmpti.
2903 3527 3027 3582 Non
3078 3528 3234 3582 enim
3288 3526 3445 3581 aliud
3498 3528 3569 3580 ad

1920 3615 2393 3687 supplementum
2429 3616 2675 3672 initiatis
2708 3617 2998 3689 mysteriis
3038 3617 3339 3688 competit,
3391 3632 3568 3685 quam

1923 3711 2025 3762 aut
2055 3706 2389 3777 incipientis
2422 3711 2523 3761 aut
2549 3707 2965 3777 subsequentis
2997 3706 3278 3776 explenda
3328 3704 3569 3761 benedi-

1924 3797 2037 3852 ctio
2068 3794 2427 3851 sacerdotis:
2466 3796 2604 3867 quia
2632 3812 2736 3850 nec
2780 3796 3031 3866 perfecta
3080 3795 3261 3850 videri
3308 3798 3576 3865 possunt,

1925 3885 2039 3941 nisi
2074 3885 2445 3956 perfectionis
2477 3884 2681 3939 ordine
2734 3884 3173 3956 compleantur;
3231 3898 3360 3939 cum
3417 3882 3575 3937 enim

1926 3994 2110 4032 unum
2141 3992 2345 4031 sumus
2379 3992 2580 4031 omnes
2611 3976 2667 4029 in
2721 3974 2974 4044 Christo,
3023 3973 3169 4029 nihil
3218 3971 3574 4027 contrarium

1927 4067 2233 4123 diversitas
2265 4066 2499 4136 format,
2532 4066 2630 4121 ubi
2653 4064 2907 4120 efﬁcscia
2938 4062 3340 4136 prosperitatis
3383 4061 3581 4117 unitas

1930 4158 2065 4214 ﬁdei
2097 4160 2492 4230 repraesentat.
2537 4156 2699 4220 Quod
2751 4154 2925 4211 etiam
2975 4154 3333 4216 consultum,
3385 4152 3583 4207 cuncti

1931 4248 2154 4305 ordinis
2186 4247 2376 4303 clerici
2409 4246 2696 4301 indictum
2729 4242 3126 4300 velindultum
3147 4257 3276 4297 esse
3307 4240 3420 4296 sibi
3467 4255 3582 4294 non

1933 4338 2257 4409 ambigant,
2283 4337 2405 4406 sed,
2424 4341 2489 4392 ut
2511 4333 2875 4407 praemissum
2900 4338 2990 4389 est
3007 4333 3066 4387 in
3094 4329 3581 4403 praecedentibus,

1935 4428 2136 4485 statim
2165 4426 2266 4482 alii
2298 4442 2401 4498 pro
2433 4425 2862 4496 complemento
2890 4422 3223 4478 succedant.
3253 4420 3333 4474 Ne
3383 4422 3581 4472 tamen

1936 4519 2089 4591 quod
2119 4522 2337 4573 natura:
2369 4514 2665 4586 languoris
2706 4529 2882 4568 causa
2930 4509 3275 4573 consulitur,
3325 4506 3383 4560 in
3439 4522 3582 4575 pree-

1938 4606 2294 4679 sumptionis
2351 4603 2662 4674 perniciem
2723 4603 3112 4668 convertatur,
3191 4595 3389 4651 nullus
3458 4598 3587 4665 post

126 4714 503 4772 cessarium
538 4711 815 4767 duximus
848 4687 1173 4776 instituere,
1209 4687 1399 4764 ut-ubi
1429 4708 1710 4779 temporis
1738 4707 1827 4763 vel
1860 4778 1892 4781 _
1939 4698 2135 4753 cibum
2171 4699 2513 4767 potumque,
2548 4691 2669 4747 sive
2708 4689 3010 4781 quodlibet
3062 4687 3372 4781 minimum
3414 4699 3585 4781 sum-

124 4802 280 4859 loci
316 4803 442 4858 sive
474 4801 611 4856 cleri
643 4799 808 4871 c0pia
846 4774 1219 4870 suffragatur,
1270 4797 1483 4854 habeat
1539 4774 1828 4869 (quisquis
1860 4778 1907 4842 D
1940 4790 2131 4859 ptum.
2174 4782 2385 4838 missas
2445 4782 2653 4871 facere,
2692 4777 3023 4871 nullusque
3066 4774 3287 4871 absque
3333 4774 3588 4841 patentis

119 4892 287 4963 ille)
324 4907 541 4946 canens
568 4890 683 4946 Deo
714 4894 770 4944 et
800 4888 1161 4953 sacrificans,
1197 4891 1329 4958 post
1358 4904 1420 4942 se
1449 4886 1622 4942 vicini
1671 4886 1809 4942 sola-

1938 4872 2214 4930 molestiss
2249 4875 2528 4942 proventu
2563 4867 2830 4922 minister
2860 4865 2943 4919 vel
2980 4860 3274 4923 sacerdos,
3306 4873 3438 4912 cum
3470 4873 3585 4911 cm-

118 4945 353 5039 minis
380 4980 732 5050 adjutorem,
768 4982 830 5032 ut
861 4977 908 5031 si
940 4975 1135 5046 aliquo
1166 4992 1305 5031 casu
1339 4975 1457 5042 ille,
1492 4976 1592 5046 qui
1634 4975 1809 5029 ofﬁcit

1940 4966 2108 5037 perit,
2143 4960 2483 5031 imperfecta
2525 4956 2713 5011 ofﬁcia
2764 4955 3080 5025 praesumat
3128 4949 3364 5004 omnino
3409 4945 3585 5000 relin-

107 5038 528 5142 impleturus
561 5038 804 5138 accedit,
836 5038 1103 5120 turbatus
1136 5065 1331 5133 fuerit,
1365 5038 1453 5119 vel
1485 5038 1555 5119 ad
1609 5067 1827 5118 terram
1941 5070 2136 5128 quere.
2170 5052 2228 5107 Si
2258 5049 2391 5142 quis
2442 5048 2569 5142 hmo
2619 5043 2926 5142 temerarie
2978 5038 3438 5142 presumpserit,
3490 5049 3590 5088 ex-

102 5130 377 5229 elisus,
412 5176 446 5213 a
472 5162 636 5229 tergo
670 5130 899 5226 semper
930 5154 1162 5220 habeat,
1190 5154 1290 5224 qui
1322 5155 1449 5224 ejus
1482 5153 1671 5207 vicem
1723 5167 1826 5206 ex-
1943 5138 2494 5203 communicationis
2525 5134 2876 5193 sententiam
2909 5130 3242 5188 sustinebit.

130 4270 355 4328 catur,
390 4265 709 4334 unicuique
740 4264 954 4319 divinis
1007 4262 1385 4335 singulariter
1432 4262 1637 4318 ofﬁciis
1676 4261 1824 4317 insi-

130 4354 371 4423 stenti,
406 4354 733 4426 perniciosa
764 4353 983 4426 passio,
1014 4352 1100 4408 vel
1135 4351 1409 4423 quaslibet
1439 4352 1698 4423 corporis
1730 4354 1823 4407 in-

126 4444 441 4501 valetudo
473 4452 755 4509 occurrat,
789 4460 915 4513 qua:
961 4447 1057 4497 aut
1113 4458 1327 4513 corpus
1375 4441 1567 4496 subito
1618 4440 1826 4496 subrui

126 4534 371 4601 faciat,
403 4538 507 4588 aut
540 4541 791 4588 mentem
826 4531 1173 4587 alienatione
1204 4530 1295 4586 vel
1328 4535 1547 4585 terrore
1577 4529 1826 4586 confun-

130 4627 284 4681 dat.
324 4623 437 4678 Pro
470 4622 809 4692 hujusmodi
843 4637 976 4690 ergo
1008 4621 1247 4675 casibus
1279 4624 1690 4691 praecaventes,
1725 4634 1826 4674 ne-

222 5393 249 5427 π
284 5394 342 5449 u
376 5394 506 5450 eor.
646 5394 701 5447 2.
777 5385 1226 5463 εε-,μεοθρίει-
1260 5380 1851 5463 40-._°.Mart.i.n2si.n
1910 5394 2040 5449 εγο-
2105 5352 3592 5463 essenec}“anuli-M35.‘°.3°:‘3m.;."5:.,?3;

100 5467 194 5505 ιι
240 5430 1418 5530 If‘c‘é‘éf'32’43'45.“iriiaiiiiﬁni'is,
1454 5430 1809 5530 1.6—.“-

1925 5430 2349 5530 iiiin,18n,105.
2404 5442 2474 5530 λθ
2494 5442 2649 5530 Rau.
2684 5457 2752 5530 ιιι
2796 5436 2977 5530 τεο-ἓξ»
3033 5433 3103 5530 ,ξε
3154 5434 3211 5530 in
3259 5447 3368 5530 m‘s.
3405 5430 3595 5530 Getigo

92 5501 199 5598 ἐι
240 5501 1310 5599 5153f'HTéo'f'ii'AberE-Zi'élﬁ'oéﬁé
1456 5501 2322 5599 consulatus-annm,afﬁsus.
2403 5514 2445 5599 ξτ
2494 5515 2603 5599 2‘23,

106 5575 197 5598 Do
241 5575 366 5592 νυνι
386 5575 436 5593 υ.
474 5575 653 5592 unnu.
807 5575 1047 5587 ι-υνιι-ν
1079 5575 1308 5599 -ι-ν-ι-ν
1340 5575 1432 5581 ---
1466 5575 1794 5580 ν---ν--κηη
1832 5575 1880 5604 η.
1910 5575 1917 5577 .
2659 5575 2672 5583 _
3118 5578 3127 5587 ι
3589 5575 3598 5583 .

106 5611 375 5670 caeteri
409 5609 767 5664 coltectores.
804 5605 913 5660 Sed
946 5602 1137 5658 eadem
1168 5616 1347 5654 causa
1378 5602 1435 5653 et
1465 5598 1783 5670 quaestione
1833 5596 2070 5670 citatur_
2097 5588 2361 5670 exﬂﬁedas.
2377 5658 2387 5667 '
2407 5582 2807 5670 honnlianlnli,’
2835 5575 3598 5670 1η*Λῃρξαιξᾷιάςιριιζὲίίζιίιξ

101 5646 1436 5745 23.133.333ii36tj'2
1468 5646 2019 5745 ἶιῖιλξλζξιῖκᾳυφει
2054 5663 2076 5714 1
2107 5659 2300 5745 :_Illud
2329 5658 2502 5714 divin.
2530 5686 2625 5745 ‘—;
2649 5652 2818 5745 Quod
2832 5650 3051 5745 verius
3096 5657 3181 5703 est
3224 5663 3294 5701 ex
3351 5646 3597 5701 concilio

102 5725 471 5813 'vi‘SiZiKB’o
502 5769 578 5819 xx,
597 5725 1202 5823 'iZ-"iiiiﬁlmiv
1232 5725 1416 5798 Eccle.
1446 5757 1525 5805 1v,
1562 5725 1646 5795 10.
1726 5737 1772 5771 ²⁰
1801 5741 1809 5791 l

1925 5738 2097 5797 tenus
2133 5736 2360 5788 tantum
2392 5730 2544 5801 apud
2586 5725 2952 5783 Gratianum.
