4000 6220
1286 735 1474 923 S.
1622 733 2571 923 MELITO

466 1081 1379 1248 SARDIUM
1456 1087 1664 1249 IN
1744 1086 2216 1249 ASIA
2294 1080 3398 1248 EPISCOPUS

1128 1485 1647 1581 NOTITIA
1714 1487 1877 1580 ET
1943 1485 2752 1581 FRAGMENTA

223 1672 492 1746 (Carolus
516 1672 882 1746 Christianus
907 1674 1100 1744 W006,
1125 1676 1198 1730 De
1217 1675 1774 1744 Medilone,Sardium
1806 1677 1863 1731 in
1897 1658 2023 1730 A‘sia
2045 1679 2292 1746 episcopo
2316 1693 2330 1743 ;
2351 1674 2685 1731 Dissertatio
2704 1672 2747 1739 Ι,
2770 1679 2845 1728 De
2865 1673 2979 1729 vita
3001 1679 3053 1746 ct
3072 1670 3295 1746 meritis
3318 1671 3392 1746 AS.
3420 1670 3648 1746 Melito-

325 1745 415 1799 nis
441 1744 638 1815 Lipsiae
670 1744 845 1813 1744;
880 1747 1221 1801 Dissertatio
1261 1749 1327 1812 Il,
1362 1749 1662 1816 Descriptis
1681 1751 1737 1803 S.
1759 1743 2193 1815 Melitonis,cum
2214 1743 2557 1819 fragmentis
2577 1744 3165 1814 eorumdem,Lipsias
3198 1743 3549 1811 175l,in-4°).

1284 2201 1374 2256 DE
1406 2204 1462 2257 S.
1498 2200 1911 2257 MELITIONIS
1944 2201 2119 2257 VITA
2148 2200 2237 2257 ET
2259 2197 2583 2257 MERITIS.

1770 2347 2109 2402 lnstitutum.

298 2518 458 2573 Inter
488 2516 782 2589 praecipua
810 2515 1004 2571 saeculi
1038 2519 1166 2586 post
1194 2515 1491 2571 Christum
1529 2519 1733 2571 natum
1757 2516 1999 2572 secundi
2022 2516 2291 2573 Ecclesiae
2311 2518 2658 2572 ornamenta
2679 2516 2830 2571 haud
2856 2515 3129 2572 ultimum
3151 2515 3345 2572 locum
3380 2521 3638 2571 meretur

230 2612 474 2663 sanctus
507 2604 724 2668 Melite,
758 2605 1023 2660 Sardium
1058 2605 1113 2659 in
1148 2605 1285 2660 Asia
1314 2606 1646 2677 episcopus,
1687 2607 1775 2661 vir
1803 2606 1930 2661 vita
1962 2604 2586 2677 sanctitatemmclara
2614 2605 2959 2672 eruditione,
2984 2605 3245 2662 mascula
3298 2605 3637 2661 Christianae

222 2694 533 2768 religionis
563 2694 919 2764 defensione,
955 2694 1204 2765 aliisque
1232 2693 1290 2749 in
1323 2694 1639 2751 Ecclesiam
1666 2696 1891 2751 meritis
1921 2695 2092 2767 longe
2123 2694 2627 2752 celebratissimus
2653 2712 2666 2762 ;
2703 2700 2896 2766 utpote
2920 2711 3095 2765 quem
3129 2694 3309 2750 Graeci
3338 2695 3643 2765 Latinique

222 2785 453 2853 Patres,
486 2785 683 2856 primi,
718 2784 914 2852 medii,
949 2786 1248 2855 postremi,
1272 2785 1459 2841 amice
1486 2784 1967 2857 conspirantes,et
1991 2786 2085 2856 pia
2113 2785 2366 2856 quadam
2390 2784 2570 2840 veluti
2595 2784 2966 2840 aemulatione
2986 2784 3263 2839 laudibus
3287 2783 3641 2851 extulerunt,

221 2873 680 2946 posteritatique
708 2871 1097 2928 venerabilem
1132 2873 1531 2929 reddiderunt.
1566 2873 1839 2945 Cogitans
1870 2873 2072 2945 itaque
2104 2874 2394 2944 quodnam
2431 2873 2807 2945 potissimum
2828 2878 3243 2944 argumentum
3270 2872 3375 2928 hoc
3407 2872 3639 2928 melete-

220 2969 381 3020 mate
410 2963 785 3019 tractandum
819 2961 1160 3033 deligerem,
1193 2978 1325 3017 cum
1359 2962 1510 3018 inter
1539 2964 1655 3018 alia
1684 2968 1744 3018 et
1773 2963 1952 3019 menti
1976 2979 2117 3018 mete
2136 2978 2263 3017 sese
2295 2963 2525 3018 offerret
2554 2962 2772 3029 Melito,
2807 2961 2879 3018 de
2908 2978 2975 3017 eo
2997 2962 3170 3018 etiam
3204 2978 3489 3033 exponere
3512 2977 3632 3018 non

219 3052 476 3107 multum
510 3050 795 3120 haesitavi,
830 3051 930 3106 sed
963 3066 1029 3105 eo
1078 3051 1251 3107 citius
1280 3050 1386 3106 inii
1418 3051 1752 3119 consilium,
1785 3056 1911 3108 tum
1954 3053 2106 3125 quod
2152 3067 2367 3123 magna
2413 3052 2618 3123 utique
2647 3052 2754 3108 viri
2794 3051 2973 3123 hujus
3004 3052 3062 3107 in
3096 3068 3218 3107 rem
3242 3051 3628 3107 Christianam

212 3142 430 3199 merita
459 3156 587 3196 esse
621 3140 1065 3211 cognoscebam,
1099 3158 1133 3195 a
1154 3140 1408 3208 nemine,
1428 3146 1712 3212 quantum
1748 3142 1928 3197 sciam
1960 3157 2087 3214 ego,
2123 3141 2403 3213 peculiari
2422 3142 2850 3198 schediasmate
2882 3146 3190 3211 enarrata;
3222 3146 3343 3196 tum
3369 3141 3527 3213 quod
3549 3140 3631 3195 sic

219 3232 452 3289 occasio
484 3229 627 3285 mihi
680 3229 990 3285 etﬂorescit
1033 3231 1450 3286 anecdotorum
1476 3232 1918 3299 nonnullorum,
1971 3247 2217 3303 quorum
2252 3231 2308 3286 in
2361 3231 2570 3288 itinere
2602 3248 2730 3288 meo
2771 3233 2995 3289 condus
3030 3232 3131 3301 fui,
3176 3248 3445 3304 promum
3479 3247 3634 3286 nunc

215 3321 635 3394 agendi,atque
666 3321 818 3377 beati
851 3320 1031 3392 hujus
1063 3321 1249 3377 Patris
1275 3322 1600 3394 fragmenta
1617 3324 1880 3395 quaedam
1902 3322 2169 3379 inlucem
2196 3322 2598 3394 protrahendi,
2622 3323 2681 3378 in
2705 3340 2836 3395 qum
2852 3323 3086 3379 volvens
3118 3322 3635 3394 praestantissimos

220 3413 545 3471 Bodleianaa
579 3412 953 3485 potissimum
987 3412 1351 3469 bibliothecas
1374 3415 1603 3470 codices
1636 3416 1780 3471 forte
1802 3415 2000 3470 incidi.
2021 3414 2217 3486 Operaa
2241 3415 2377 3471 hinc
2399 3414 2649 3485 pretium
2675 3431 2767 3472 me
2795 3417 3083 3471 facturum
3128 3416 3319 3482 credo,
3353 3415 3402 3470 si
3440 3414 3637 3470 omnia

219 3522 351 3576 qua
374 3505 445 3559 de
473 3503 762 3558 Melitonis
794 3504 931 3571 vita,
968 3504 1202 3575 scriptis
1232 3509 1289 3559 et
1316 3505 1541 3559 meritis
1574 3506 1823 3575 reperire
1856 3506 2054 3560 datum
2092 3505 2219 3568 fuit,
2256 3507 2309 3559 in
2346 3521 2527 3559 unum
2554 3522 2919 3575 congessero.
2957 3504 3028 3559 Ut
3050 3510 3244 3559 autem
3278 3505 3481 3559 ordine
3513 3520 3636 3574 per-

215 3582 543 3648 tractentur
572 3593 790 3662 omnia,
824 3595 894 3647 de
915 3592 1172 3659 nomine,
1202 3592 1411 3663 patria,
1446 3608 1656 3664 genere
1684 3598 1739 3647 et
1768 3598 1931 3648 aelate
1961 3594 2108 3663 ejus,
2135 3609 2251 3663 qua
2277 3592 2509 3661 claruit,
2543 3596 2803 3664 quasdam
2828 3594 3018 3664 primo
3046 3594 3243 3648 statim
3276 3593 3402 3646 loco
3425 3591 3482 3644 in
3511 3605 3631 3645 me-

216 3683 381 3739 dium
414 3682 734 3754 proferam;
770 3682 979 3738 deinde
1036 3683 1107 3738 dc
1138 3683 1265 3753 ejus
1298 3682 1554 3754 ingenio,
1586 3683 1932 3747 eruditione,
1993 3682 2359 3752 castimonia,
2394 3684 2643 3754 aliisque
2702 3683 3041 3749 virtutibus,
3092 3685 3346 3754 itemque
3377 3684 3445 3737 de
3476 3684 3627 3752 ejus,

220 3790 343 3844 quo
372 3772 652 3828 divinitus
696 3776 1009 3827 exornatus
1062 3772 1172 3827 fuit
1202 3771 1518 3843 prophetia:
1536 3772 1687 3827 dono
1711 3772 2087 3843 agam.Porro
2114 3773 2184 3827 de
2198 3773 2400 3827 sedata
2422 3788 2523 3841 per
2543 3773 2671 3842 ejus
2704 3772 3027 3843 apologiam
3052 3771 3161 3826 sub
3186 3772 3378 3825 Marco
3395 3769 3625 3825 Aurelio

217 3868 277 3918 et
309 3862 487 3917 Lucio
516 3861 668 3916 Vero
697 3861 1148 3932 imperatoribus
1178 3860 1646 3917 Christianorum
1677 3862 1999 3929 vexatione,
2035 3862 2104 3915 de
2138 3860 2402 3915 Ecclesiae
2419 3862 2754 3916 Laodicenis
2781 3861 3006 3915 reddita
3038 3877 3194 3931 pace,
3228 3858 3628 3915 deitineribus

215 3952 419 4017 variis,
448 3952 694 4022 ejusque
733 3951 886 4006 circa
934 3950 1249 4019 Canonem,
1305 3952 1527 4007 Veteris
1560 3951 1929 4022 potissimum
1960 3951 2345 4018 Testamenti,
2396 3966 2559 4015 cura,
2594 3966 2707 4005 uno
2738 3951 2912 4005 verbo
2952 3951 3022 4005 de
3053 3952 3181 4020 ejus
3215 3950 3272 4004 in
3307 3948 3623 4004 Ecclesiam

218 4041 449 4097 meritis
478 4041 679 4113 largus
702 4039 1081 4097 dicendorum
1114 4057 1347 4112 campus
1377 4057 1502 4097 sese
1528 4040 1667 4095 mihi
1692 4042 1879 4097 oti‘ert.
1913 4041 2145 4113 Longus
2177 4040 2529 4111 scriptorum
2555 4056 2588 4095 a
2621 4038 2892 4095 Melitone
2913 4043 3278 4095 exaratorum
3309 4038 3627 4109 catalogus,

216 4147 395 4202 quem
429 4129 831 4200 Hieronymus,
866 4128 1169 4195 Eusebius,
1195 4129 1462 4195 Ruﬁnus,
1495 4130 1855 4201 Nicephorus
1885 4129 2299 4196 exhibuerunt,
2336 4134 2594 4185 nostram
2627 4145 2863 4201 quoque
2895 4128 3215 4185 merebitur
3245 4127 3629 4198 diligentiam.

216 4220 281 4276 In
320 4220 524 4290 primis
556 4224 749 4274 autem
774 4218 833 4273 in
857 4218 1317 4288 colligendisviri
1342 4219 1518 4289 hujus
1539 4221 1895 4275 sanctissimi
1928 4220 2272 4292 fragmentis
2292 4219 2534 4274 sedulus
2555 4236 2931 4290 ero,quorum
2954 4218 3128 4274 etiam
3145 4218 3414 4289 quaedam
3434 4216 3631 4273 hacte-

216 4325 333 4363 nus
355 4308 509 4380 typis
540 4307 800 4362 nondum
835 4306 1124 4374 exscripta
1153 4307 1447 4377 adjiciam.
1470 4308 1855 4379 Tandemque
1873 4308 1943 4363 de
1973 4308 2203 4374 haeresi,
2224 4324 2353 4378 quae
2373 4308 2444 4363 ab
2467 4323 2533 4362 eo
2560 4323 2796 4374 nomen,
2822 4314 2885 4361 ut
2906 4308 2963 4361 in
2980 4308 3187 4377 vulgus
3218 4306 3629 4374 creditur,sor-

214 4399 328 4455 tita
358 4403 469 4463 est,
503 4397 714 4464 dicam,
747 4411 998 4468 eumque
1029 4412 1095 4452 ex
1128 4396 1532 4453 hereticorum
1594 4397 1783 4453 indice
1812 4397 2061 4453 eximere
2093 4397 2448 4453 allaborabo.
2487 4396 2554 4453 Ut
2590 4397 2647 4450 in
2684 4413 2867 4468 pauca
2899 4412 2990 4451 me
3022 4395 3388 4464 contraham,
3422 4397 3488 4450 ad
3516 4396 3627 4450 tria

215 4488 341 4543 haec
373 4486 564 4558 capita
596 4502 829 4542 omnem
862 4486 1270 4542 tractationem
1304 4488 1615 4544 revocabo:
1641 4487 1901 4542 Primum
1924 4487 2207 4542 Melitonis
2230 4487 2407 4542 vitam
2432 4486 2759 4556 meritaque
2780 4485 3169 4542 enarrabitJn
3202 4484 3375 4539 altero
3408 4486 3627 4553 scripta

210 4579 343 4649 ejus
374 4576 835 4631 recensebantur
856 4579 1029 4646 atque
1050 4574 1510 4645 fragmentorum
1539 4577 1674 4632 hinc
1694 4578 1828 4631 inde
1846 4576 2202 4632 exstantium
2219 4576 2469 4645 diligens
2491 4575 2827 4630 instituetur
2854 4573 3628 4645 spicilegium.Tandemque

210 4666 420 4723 ultimo
452 4664 575 4720 loco
608 4665 677 4719 de
711 4664 1219 4719 Melitonianorum
1253 4664 1454 4719 haeresi
1489 4670 1713 4735 agetur.
1746 4665 1888 4720 Cum
1922 4666 2029 4720 sub
2077 4666 2351 4718 manibus
2384 4670 2440 4717 et
2471 4668 2677 4734 praeter
2706 4680 2867 4734 spem
2906 4664 3155 4717 creverit
3184 4661 3525 4734 elaboratio,
3558 4680 3631 4719 ne

211 4755 463 4812 lecturis
498 4754 674 4809 nimis
707 4753 877 4822 longa
907 4754 1175 4809 tractatio
1205 4771 1485 4810 nauseam
1526 4763 1771 4826 moveat,
1832 4754 2101 4825 moleque
2134 4771 2237 4809 sua
2268 4752 2532 4809 laborare
2564 4754 2827 4809 videatur
2877 4752 3216 4808 dissertatio
3240 4760 3459 4821 nostra,
3494 4769 3627 4824 per-

213 4846 574 4903 currendum
607 4859 879 4915 campum
912 4842 970 4897 in
1003 4844 1193 4898 stadia
1252 4844 1582 4915 dispescere
1615 4844 1806 4913 liceat,
1837 4851 1895 4900 et
1948 4844 2053 4900 hac
2080 4843 2203 4899 vice
2260 4844 2331 4898 de
2358 4842 2649 4899 Melitonis
2700 4842 3109 4898 tantummodo
3152 4841 3271 4897 vita
3317 4858 3623 4913 exponere,

209 4951 467 5008 eumque
498 4939 561 4989 ut
607 4935 872 5005 apprime
902 4934 1162 5002 doctum,
1210 4932 1527 4990 virtutibus
1577 4951 1755 4989 unum
1784 4934 2048 4990 omnium
2107 4933 2198 4989 sui
2228 4933 2508 5003 temporis
2542 4932 2794 4987 maxime
2825 4932 3148 4999 ﬂorentem,
3193 4941 3243 4986 et
3266 4933 3337 4987 de
3369 4931 3623 4988 Ecclesia

207 5026 313 5083 Dei
348 5023 568 5093 egregie
611 5026 929 5077 merentem
962 5021 1204 5087 sistere;
1239 5022 1463 5093 reliqua
1481 5028 1674 5077 autem
1708 5023 1805 5078 alii
1838 5023 2177 5095 propediem
2211 5022 2558 5077 insecutum
2591 5022 2987 5077 dissertationi
3021 5036 3332 5077 reservare.
3368 5022 3622 5075 Benevo-

208 5116 337 5171 lum
366 5117 563 5169 autem
598 5112 899 5167 Lectorem
930 5112 1209 5183 majorem
1242 5110 1299 5165 in
1328 5112 1562 5168 modum
1590 5128 1725 5184 rogo
1774 5119 1949 5184 atque
1975 5113 2253 5183 obtestor,
2317 5115 2381 5166 ut
2411 5111 2821 5167 conaminibus
2852 5110 2997 5166 meis
3029 5110 3237 5179 faveat,
3270 5114 3622 5181 tenuemque

208 5206 440 5261 huncce
468 5202 726 5258 laborem
754 5201 904 5273 ρειαί
930 5200 1185 5273 bonique
1215 5201 1504 5259 consulat.

1357 5343 1389 5415 §
1417 5343 1462 5397 Ι.
1495 5344 1571 5399 De
1602 5343 1867 5399 Melitonis
1898 5344 2123 5400 nomine
2152 5344 2475 5401 observatio.

283 5494 451 5549 Circa
474 5489 671 5562 ipsum
703 5485 995 5543 Melitonis
1027 5500 1236 5541 nomen
1270 5484 1471 5541 statim
1496 5485 1557 5541 in
1588 5485 1791 5542 limine
1823 5487 2186 5543 tractationis
2220 5491 2435 5543 nostra:
2467 5484 2749 5543 nonnulla
2778 5490 2945 5542 erunt
2974 5487 3304 5543 adnotanda
3335 5491 3391 5543 et
3420 5487 3620 5544 obser-

207 5586 365 5643 vatio
398 5581 663 5655 quaedam
685 5575 1072 5650 grammatica
1093 5575 1497 5647 premittenda
1530 5576 1660 5640 erit.
1698 5592 1847 5647 qua,
1909 5581 2038 5632 utut
2067 5576 2209 5633 levis
2244 5576 2526 5632 momenti
2558 5592 2650 5632 res
2693 5576 2893 5633 multis
2946 5576 3124 5633 videri
3150 5578 3344 5650 possit,
3379 5579 3614 5635 silentio

206 5685 407 5736 tamen
436 5674 523 5730 vel
555 5672 686 5728 ideo
708 5686 820 5725 non
844 5669 1246 5740 pratereunda
1278 5667 1421 5723 mihi
1452 5667 1703 5733 videtur,
1760 5669 1939 5740 quod,
1968 5684 2103 5724 cum
2136 5685 2168 5723 a
2212 5667 2564 5739 quibusdam
2597 5669 2772 5723 fuerit
2800 5667 3359 5741 neglecta,'errorem
3391 5671 3616 5743 peperit

204 5769 271 5829 in
294 5780 469 5839 quem
491 5760 854 5821 eruditorum
879 5756 1149 5816 nonnulli
1178 5771 1305 5815 sese
1325 5756 1524 5814 induci
1556 5757 1717 5830 passi
1742 5756 2001 5831 fuerunt,
2034 5762 2090 5814 et
2110 5758 2211 5830 qui
2234 5756 2593 5814 confusionis
2624 5756 3057 5830 multarumque
3090 5759 3366 5818 tricarum
3400 5777 3612 5833 parens
