4000 6220
437 377 591 439 1147
1469 379 1535 439 S.
1581 376 1881 440 MELITO
1926 379 2016 440 SA

2173 378 2277 441 ΗΜ
2326 375 2774 440 EPISCOPUS.
3637 378 3753 438 1148

434 509 605 568 facile
634 509 911 566 exsistere
944 510 1156 581 potest.
1188 507 1417 563 Scilicet
1443 508 1502 564 in
1540 510 1734 566 Latine
1757 511 2052 568 reddendo
2083 510 2268 568 nostri
2307 509 2658 569 cont‘essoris
2691 506 2951 575 nomine,
3009 507 3166 580 quod
3197 505 3412 579 origine
3439 509 3666 563 Grmcnm
3690 512 3758 562 est

440 609 494 656 et
533 597 768 655 Μελίτον
799 598 980 666 audit,
1006 597 1245 654 diversae
1271 599 1634 655 diversorum
1693 599 2072 656 inveniuntur
2097 601 2418 657 sententias.
2450 598 2592 655 Aliis
2643 599 2796 655 enim
2831 596 3066 666 Melitus,
3098 595 3228 652 aliis
3271 595 3471 652 Miletus
3507 594 3582 651 vel
3602 594 3758 662 litato,

442 690 571 745 aliis
602 689 850 755 Meliton,
881 687 1013 743 aliis
1067 689 1316 760 denique
1359 691 1545 746 Melita
1577 691 1834 746 ell‘ertur.
1881 693 2165 757 Quaeritur
2195 690 2392 763 itaque
2423 706 2688 762 quaenam
2727 687 2995 745 formatio
3026 686 3191 743 alteri
3233 685 3307 742 sit
3361 685 3684 756 praeferenda,
3721 694 3762 744 et

436 797 552 849 qua
585 777 956 849 potissimum
992 780 1396 835 terminatione
1427 797 1638 835 nomen
1670 781 1824 836 istud
1853 781 2054 837 Latine
2076 781 2310 837 veniat?
2337 780 2546 836 Facilis
2578 781 2898 836 admodum
2920 779 2989 834 ad
3017 778 3170 833 hanc
3192 775 3554 849 questionem
3581 774 3671 829 erit
3697 791 3761 830 re-

436 865 692 939 sponsio,
729 867 1042 922 dummodo
1069 872 1125 923 et
1156 867 1250 923 hic
1271 885 1643 925 communem
1677 870 2197 942 grammaticorum
2231 870 2482 942 pharum
2512 869 2699 941 sequi,
2744 885 2847 925 nec
2879 869 2948 923 ab
2980 866 3270 939 analogia,
3323 864 3419 921 seu
3450 863 3763 920 similitudine

439 957 685 1012 aliarum
717 972 921 1010 vocum
957 957 1222 1012 recedere
1254 958 1520 1015 velimus.
1551 958 1760 1014 Omnia
1783 965 1977 1014 autem
2007 961 2245 1015 nomina
2270 959 2502 1032 propria
2531 960 2590 1014 in
2612 959 2899 1030 syllabam
2918 976 3026 1010 των
3048 955 3200 1028 apud
3229 958 3459 1010 Grecae
3487 950 3767 1022 desinentia,

439 1043 721 1100 Latinein
749 1064 812 1097 το
847 1045 1013 1100 {inire
1039 1045 1305 1118 analogia
1339 1048 1538 1103 docet:
1575 1048 1657 1102 sic
1683 1063 1734 1102 v.
1769 1065 1817 1103 c.
1853 1044 2108 1118 Πλάτων,
2142 1045 2402 1102 Πλούτων
2440 1049 2634 1104 Latine
2665 1063 2780 1104 non
2813 1047 3093 1102 dicuntur
3121 1043 3321 1100 Platon
3353 1047 3453 1097 aut
3479 1040 3671 1107 Plutus,
3696 1040 3768 1094 sed

444 1133 638 1205 potius
662 1133 848 1202 Plato,
883 1134 1051 1190 Pluto
1077 1156 1090 1203 ;
1126 1135 1261 1190 hinc
1295 1135 1511 1192 clarum
1538 1153 1771 1210 quoque
1804 1154 1932 1194 esse
1963 1139 2229 1210 arbitror,
2256 1135 2515 1195 Μελίτων
2548 1137 2753 1194 Latine
2780 1151 2909 1193 esse
2931 1136 3140 1194 Melita.
3178 1133 3351 1189 Recte
3383 1132 3565 1202 itaque
3592 1128 3650 1184 ab
3673 1128 3773 1183 llal-

440 1221 614 1278 loixio
640 1224 716 1294 (1)
749 1225 962 1280 erroris
991 1231 1318 1295 arguuntur
1372 1227 1574 1281 Petrus
1605 1227 1915 1298 Equilinus
1937 1233 1994 1284 et
2026 1227 2332 1300 Philippus
2377 1227 2808 1302 Bergomensis,
2841 1241 3088 1298 quorum
3122 1223 3218 1278 ille
3269 1227 3520 1278 nostrum
3562 1219 3772 1285 Melitam,

445 1313 540 1368 hic
571 1330 704 1368 vero
737 1315 1007 1369 eumdem
1033 1315 1297 1383 Miletum,
1329 1314 1416 1372 vel
1456 1315 1760 1373 Miletonen
1789 1318 2031 1374 vocavit.
2065 1317 2208 1374 Hinc
2240 1319 2533 1374 notandus
2563 1333 2798 1389 quoque
2831 1315 3135 1387 Philippus
3165 1312 3430 1368 Labbeus
3459 1309 3555 1381 (2).
3580 1309 3655 1363 cui
3681 1324 3777 1380 per-

439 1403 574 1459 inde
598 1409 704 1473 est,
733 1405 854 1460 sive
877 1405 1169 1474 Melitanis,
1203 1407 1320 1462 sive
1370 1407 1543 1463 Mileti
1568 1409 1802 1463 nomine
1835 1414 2034 1464 noster
2079 1409 2390 1467 salutetur.
2441 1410 2662 1481 Negare
2718 1413 2916 1464 tamen
2977 1423 3091 1462 non
3126 1420 3366 1479 possum
3410 1402 3556 1457 hunc
3582 1415 3776 1455 errorem

443 1492 642 1548 multis
667 1494 915 1564 jamjam
950 1499 1098 1549 retro
1121 1494 1352 1550 saeculis
1381 1501 1662 1567 erratum,
1696 1496 2016 1554 Melitenam
2047 1515 2160 1570 que
2192 1499 2396 1555 Latine
2427 1497 2678 1557 Miletum
2711 1513 2944 1571 quoque
2976 1495 3157 1552 fuisse
3181 1489 3640 1566 appellatum.Sic
3665 1489 3779 1543 enim

442 1583 501 1636 in
535 1581 729 1638 codice
760 1583 1004 1655 antiquo
1028 1584 1192 1653 satis,
1227 1584 1576 1658 optimmque
1603 1591 1775 1655 notae,
1809 1585 1908 1658 qui
1943 1587 2183 1644 Parisiis
2225 1589 2282 1644 in
2317 1588 2559 1661 collegio
2597 1588 2904 1644 Societatis
2923 1587 3055 1642 Iesu
3107 1584 3550 1640 Claromontano
3579 1594 3782 1636 asserva-

443 1674 557 1739 tur,
595 1672 807 1743 quique
830 1672 1121 1729 Melitonis
1151 1672 1391 1740 librum,
1425 1675 1632 1731 Clavim
1657 1677 2192 1746 dictum,continct,
2218 1678 2525 1734 anterioris
2557 1676 2676 1733 folii
2705 1693 2978 1747 suprema
3001 1678 3164 1748 parte
3201 1673 3320 1729 haec
3350 1667 3782 1744 lcguntur,eadem

449 1778 566 1831 qua
597 1762 773 1816 codex
805 1761 1028 1834 integer
1059 1779 1236 1818 manu
1271 1769 1539 1820 exarata:
1568 1765 1800 1830 Miletus,
1834 1767 2067 1822 Asianus
2092 1768 2404 1839 episcopus,
2434 1765 2584 1823 hunc
2615 1767 2819 1822 librum
2839 1765 3035 1836 edidit,
3072 1780 3231 1836 quem
3265 1772 3314 1819 et
3346 1775 3576 1832 congrua
3617 1770 3784 1813 nomine

449 1849 663 1905 Clavim
696 1850 1028 1922 appellavit.
1052 1851 1124 1907 Ut
1145 1853 1343 1923 itaque
1377 1853 1660 1923 Labbeus,
1694 1853 1743 1910 si
1775 1855 2011 1926 quidem
2049 1857 2228 1914 errori
2261 1857 2582 1930 antiquitas
2617 1856 2995 1928 patrocinium
3029 1855 3235 1911 afferre
3255 1855 3465 1926 potest,
3487 1846 3784 1907 excusandus

447 1940 882 2011 quodammodo
916 1941 1012 2010 sit,
1043 1942 1198 2014 quod
1231 1946 1500 2000 nostrum
1533 1959 1766 2018 quoque
1798 1944 2056 2003 Miletum
2085 1947 2396 2004 vocaverit.

1717 2124 1744 2192 ς
1774 2122 1846 2177 Il.
1883 2121 2041 2178 Varii
2065 2120 2164 2176 hoc
2183 2122 2410 2178 nomine
2432 2121 2597 2180 clari.

530 2298 650 2349 Non
679 2293 1021 2364 infrequens
1049 2296 1245 2349 autem
1277 2291 1568 2349 Melitonis
1597 2291 1657 2348 in
1691 2309 1888 2349 rerum
1924 2299 2221 2366 gestarum
2255 2293 2654 2352 monumentis
2671 2298 3120 2363 estnomen,nec
3143 2292 3344 2346 noster
3363 2286 3529 2343 unice
3557 2283 3788 2341 memoris

460 2383 902 2456 posteritatique
932 2383 1074 2439 illud
1101 2383 1362 2452 tradidit,
1397 2384 1499 2439 sed
1533 2384 1592 2438 in
1617 2383 1799 2439 sacris
1827 2400 1991 2456 teque
2019 2401 2084 2441 ac
2109 2386 2375 2459 profanis
2427 2384 2744 2441 annalibus
2774 2385 3092 2440 occurrunt
3129 2385 3186 2436 et
3214 2378 3314 2435 alii
3346 2378 3556 2447 eodem,
3585 2374 3658 2431 vel
3677 2374 3794 2429 haud

458 2473 711 2529 multum
743 2473 971 2530 diverso
997 2473 1228 2529 nomine
1254 2472 1416 2528 clari.
1449 2471 1753 2545 Philippus
1786 2473 2084 2530 Ferrarius
2111 2474 2216 2546 (3),
2248 2473 2472 2531 ordinis
2497 2472 2858 2530 Servitarum
2882 2469 3302 2544 generalis,vir
3331 2465 3489 2524 omni
3517 2461 3796 2520 eruditionis

457 2579 669 2635 genere
691 2563 1205 2628 instructissimus,
1239 2566 1296 2618 et
1327 2562 1399 2618 de
1429 2567 1769 2618 sanctorum
1804 2563 2176 2635 potissimum
2197 2564 2361 2630 Vitis,
2386 2579 2634 2635 quorum
2668 2562 2908 2618 nomina
2936 2562 2996 2616 in
3031 2557 3509 2632 Martyrologium
3533 2554 3796 2610 Romanum

458 2669 571 2707 non
607 2652 842 2708 fuerunt
872 2651 1072 2719 relata,
1104 2651 1331 2722 egregie
1365 2651 1630 2719 meritus,
1657 2650 1945 2708 Melitonis
1976 2654 2285 2723 cujusdam
2307 2652 2611 2721 Sulcitani,
2646 2652 2704 2708 in
2735 2651 3006 2708 Sardinia
3029 2647 3313 2722 episcopi,
3338 2644 3667 2702 mentionem
3685 2639 3797 2700 facit.

460 2742 790 2813 asseritque
823 2758 884 2798 se
915 2758 984 2798 ex
1031 2741 1248 2797 tabulis
1304 2749 1359 2796 et
1398 2742 1794 2797 monumentis
1829 2741 2101 2798 Ecclesiae
2130 2742 2440 2799 Sulcitanaa
2489 2742 2704 2798 habere
2734 2741 3140 2798 testimonium
3172 2735 3514 2809 hujusmodi
3549 2732 3798 2790 Melitonisv

455 2830 630 2896 Sulci,
664 2847 764 2886 seu
798 2830 995 2887 Sulcbi
1025 2831 1100 2903 (4)
1129 2831 1184 2885 in
1218 2830 1488 2886 Sardinia
1514 2830 1771 2903 episcopi
1803 2836 1861 2886 et
1883 2831 2175 2904 martyris,
2209 2849 2460 2902 eumque
2490 2831 2747 2903 primum
2809 2831 2986 2902 hujus
3019 2828 3174 2886 sedis
3208 2826 3518 2900 praesidem
3557 2820 3740 2884 statuit,
3762 2821 3800 2874 et

455 2919 758 2990 Bonifacii,
817 2919 1128 2976 Calaritani
1185 2919 1438 2991 episcopi
1498 2919 1878 2993 discipulum.
1911 2920 1992 2978 Cl.
2049 2921 2102 2976 J.
2165 2923 2224 2977 Α.
2289 2921 2590 2977 Fabricius
2649 2921 2745 2992 (5),
2800 2919 2937 2989 quid
2998 2917 3154 2975 enim
3215 2916 3378 2972 hunc
3419 2913 3586 2969 latere
3622 2907 3802 2983 potuit?

458 3007 634 3079 hujus
665 3024 899 3080 quoque
929 3008 1218 3076 meminit,
1249 3013 1428 3081 atque
1453 3010 1520 3064 ad
1569 3009 1907 3082 Hieronymi
1941 3011 2157 3079 locum,
2181 3010 2282 3065 ubi
2315 3011 2387 3066 de
2409 3015 2604 3066 nostro
2636 3007 2910 3064 Melitone
2943 3007 3151 3078 agitur,
3201 3004 3515 3076 diligenter
3545 2995 3799 3063 adnotavit,

455 3113 588 3153 eum
621 3114 754 3153 cum
785 3097 1084 3154 Sulcitano
1111 3098 1351 3153 minime
1380 3115 1508 3154 esse
1527 3099 2025 3155 confundendum.
2061 3100 2123 3155 In
2154 3100 2305 3156 Actis
2333 3098 2658 3156 Sanctorum
2680 3098 2779 3170 (6),
2805 3115 2928 3169 quae
2960 3095 3164 3152 multis
3186 3092 3584 3150 voluminibus
3603 3094 3800 3143 Antwer-

461 3189 567 3261 pia:
598 3189 881 3261 singulari
905 3189 958 3244 J.
992 3188 1280 3254 Bollandi,
1340 3188 1711 3257 Henschenii,
1741 3190 2120 3261 Papebrochii
2153 3189 2520 3263 aliorumque
2575 3207 2716 3246 cura
2743 3190 2880 3245 inde
2927 3188 3000 3244 ab
3043 3202 3195 3242 anno
3228 3184 3374 3241 1643
3423 3179 3724 3255 prodierunt
3757 3178 3801 3228 et

459 3278 651 3335 adhuc
683 3279 992 3349 prodeunt,
1027 3279 1098 3333 de
1126 3276 1410 3334 Sulcitani
1441 3277 1621 3348 hujus
1649 3278 1766 3334 vita
1792 3279 2055 3349 quaedam
2091 3280 2388 3337 memoriae
2419 3280 2796 3336 mandantur.
2830 3276 3085 3334 Ecclesia
3115 3275 3441 3331 Laodicena
3469 3269 3700 3342 ejusdem
3725 3280 3792 3320 no«

459 3367 635 3422 minis
691 3368 868 3424 etiam
915 3369 1254 3440 episcopum
1289 3367 1515 3435 habuit,
1567 3369 1738 3438 cujus
1761 3368 1957 3440 passio
1989 3371 2177 3426 sancti
2227 3369 2474 3427 Joannis
2505 3368 2873 3442 evangelista;
2906 3367 3256 3433 celebratur,
3282 3380 3417 3436 quae
3446 3361 3660 3418 Oxonia
3683 3358 3794 3413 inter

463 3457 712 3526 codices,
745 3475 890 3529 quos
921 3457 1251 3514 indelebilis
1278 3457 1683 3514 memoriaa‘vir
1709 3458 1962 3514 Thomas
1985 3459 2252 3517 Bodlaaus
2282 3460 2648 3517 bibliothecas
2693 3458 2940 3532 publica
2962 3455 3198 3527 legavit,
3235 3453 3632 3525 manuscripts
3657 3449 3796 3506 exstat

461 3548 563 3620 (7),
596 3552 652 3604 et
681 3564 857 3620 quam
879 3545 910 3603 J
921 3590 934 3604 .
959 3547 1140 3603 Maria
1160 3546 1552 3604 Florentinius
1573 3547 1737 3619 (8),et
1756 3565 1902 3605 exeo
1918 3549 2090 3606 modo
2115 3555 2473 3606 memoratus
2499 3547 2889 3620 Fabricius(9)
2915 3547 3070 3619 typis
3085 3544 3532 3602 exscribendam
3554 3537 3795 3598 curarunt.

459 3642 551 3692 ast
579 3637 777 3694 nescio
808 3654 876 3693 ex
906 3653 1021 3709 quo
1077 3637 1297 3706 codice,
1327 3637 1384 3693 id
1415 3639 1646 3694 tantum
1699 3654 1812 3696 non
1848 3638 2072 3711 ignoro,
2104 3638 2278 3696 Beato
2320 3637 2536 3696 Joanni
2565 3637 2809 3694 Ernesto
2845 3633 3058 3694 Grabio
3110 3632 3427 3692 consilium
3452 3632 3624 3688 fuisse
3656 3628 3796 3683 denuo

460 3726 698 3796 illam,si
729 3727 1166 3799 supervixisset,
1198 3744 1266 3784 ex
1286 3727 1484 3784 codice
1512 3728 1835 3801 Anglicano
1866 3729 2095 3785 edendi.
2121 3731 2207 3785 Ita
2226 3729 2383 3786 enim
2411 3744 2508 3785 me
2538 3728 2864 3785 docuerunt
2882 3725 2987 3781 viri
3020 3724 3201 3796 hujus
3225 3723 3437 3796 optimi
3465 3720 3690 3781 schedia,
3710 3717 3799 3786 post

461 3823 707 3875 mortem
739 3818 865 3890 ejus
906 3818 1058 3875 inter
1087 3818 1313 3874 cimelia
1344 3817 1705 3874 bibliothecae
1734 3819 2083 3886 Bodleianae,
2116 3836 2218 3876 ceu
2269 3819 2422 3876 inter
2447 3819 2638 3875 sidera
2698 3818 2914 3882 relate,
2945 3815 3144 3887 ibique
3185 3813 3498 3887 diligenter
3533 3811 3798 3868 ascensis.

462 3925 609 3981 quas
635 3924 750 3965 non
781 3909 909 3964 sine
932 3908 1150 3980 insigni
1176 3908 1572 3966 emolumento
1595 3909 1854 3966 volutare
1883 3909 2348 3966 clarissimorum
2398 3909 2714 3965 custodum
2744 3906 3087 3963 humanitas
3145 3905 3292 3962 mihi
3315 3902 3616 3961 concessit.
3633 3905 3698 3955 De
3726 3895 3798 3949 hoc

462 3998 732 4057 Melitone
751 3997 1100 4068 Laodiceno,
1129 3998 1376 4054 videnda
1405 3999 1608 4070 utique
1629 4005 1768 4056 sunt
1797 4015 1864 4055 ea
1903 4016 2029 4071 quin
2091 3998 2569 4072 iucomparabilis
2613 3996 2915 4054 Fabricius
2938 3996 3052 4068 (10)
3083 3995 3309 4068 passim
3344 3995 3417 4050 de
3448 4009 3513 4050 eo
3544 3982 3798 4048 annotavit.

464 4091 624 4145 Inter
653 4087 1040 4160 quadraginta
1061 4092 1343 4160 martyres
1372 4087 1622 4145 Sebastm
1654 4089 1714 4144 in
1746 4089 2024 4146 Armenia
2053 4090 2163 4146 sub
2197 4071 2597 4161 persecutione
2630 4086 2838 4144 Licinii
2863 4088 2931 4143 A.
2953 4085 3014 4142 Ο.
3071 4084 3197 4154 320,
3232 4084 3449 4158 frigore
3471 4082 3726 4140 enecatos.
3749 4071 3798 4124 de

467 4176 684 4248 quibus
714 4177 913 4233 Basilii
944 4177 1159 4249 Magni,
1183 4177 1442 4250 Gregorii
1472 4177 1739 4248 Nysseni,
1771 4179 2025 4252 Ephrem
2057 4179 2207 4253 Syri,
2238 4179 2550 4237 Gaudentii
2581 4177 2899 4234 Brixiensis
2949 4175 3318 4248 aliorumque
3349 4173 3602 4247 insignes
3628 4162 3799 4257 exsiliat

459 4266 777 4333 orationes,
801 4267 1124 4324 celebratur
1145 4272 1201 4323 et
1219 4267 1507 4324 Metitonis
1537 4270 1772 4326 nomine
1796 4287 1971 4341 unus,
1997 4274 2245 4341 quartus
2279 4287 2312 4327 a
2331 4269 2640 4342 principio,
2669 4272 2842 4341 prout
2863 4283 2933 4324 ex
2953 4264 3356 4324 Bollandianis
3386 4264 3536 4320 inter
3554 4277 3610 4317 se
3628 4253 3798 4313 collatis

535 4479 612 4560 (1)
644 4480 708 4536 In
733 4480 1049 4560 lllustrium
1087 4480 1360 4560 Ecclesiae
1394 4481 1702 4560 Orientalis
1751 4483 2108 4560 scriptarum,
2142 4491 2195 4560 Α
2226 4481 2514 4560 dinensis,
2547 4487 2910 4560 guamJSam.
2946 4483 3197 4560 Patrick,
3231 4482 3392 4546 1731,
3415 4478 3639 4560 curavit.

465 4554 576 4627 qui,
595 4551 889 4627 sanctitate
933 4554 1090 4622 iuxta
1120 4553 1514 4627 et‘eruditione
1561 4568 1683 4610 saec.
1736 4569 1776 4608 ιι
1803 4551 2114 4625 ﬂoruerunt
2142 4551 2195 4560 ’“
2233 4624 2248 4627 _
2285 4555 2375 4627 (5)
2433 4557 2496 4611 In
2543 4551 2886 4612 Bibliotheca
2960 4557 3292 4627 scriptarum
3345 4551 3794 4610 ecclesiasticarum,

470 4603 1508 4691 iussissetis};fuisse:
1562 4603 1683 4610 ’””
1736 4603 2112 4625 “”’⁷’
2224 4603 2444 4682 (offas:

535 4696 616 4770 (2),
640 4696 748 4770 Qui
779 4697 835 4751 in
896 4698 1041 4753 Nova
1075 4697 1409 4770 Bibliotheca
1463 4713 1594 4770 mss.
1641 4697 1945 4770 librarum,
1981 4700 2109 4770 sive
2289 4697 2366 4770 (6)
2395 4698 2613 4770 Mensis
2645 4697 2827 4770 April.
2862 4702 3007 4770 tom.
3035 4697 3080 4766 Ι,
3111 4696 3208 4752 t'ol.
3247 4697 3333 4752 11.

535 4715 609 4765 (2)
640 4715 748 4762 υυι
779 4715 835 4751 ιη
896 4715 1041 4753 nava
1075 4715 1409 4753 mauomeca
1463 4715 1594 4752 mss.
1655 4715 1945 4765 iturarum,
1986 4715 2109 4755 sive
2289 4715 2366 4770 (ο)
2397 4715 2613 4754 mensus
2645 4715 2688 4752 A
2737 4715 2827 4754 ru.
2862 4715 3007 4754 tom.
3035 4715 3080 4766 1,
3111 4715 3208 4752 ιοι.
3247 4715 3333 4752 ιι.

463 4767 784 4840 specimine
805 4770 1178 4840 antiquarum
1195 4768 1509 4824 lectionum
1530 4768 1870 4825 Latinarum
1886 4775 1940 4825 et
1959 4769 2108 4826 Grte-
2287 4770 2363 4839 (7)
2395 4769 2535 4824 Vide
2558 4715 2862 4840 Catalogos
2879 4769 3168 4826 librorum
3201 4763 3793 4840 manuscriptorutprtn-

462 4830 662 4895 carum
693 4839 751 4893 in
783 4856 866 4913 ινΔ
898 4830 1094 4913 partes
1147 4840 1523 4913 tribularum,
1560 4841 1795 4913 Parisiis
1836 4840 1995 4909 1653,
2025 4843 2105 4912 4°,
2215 4830 2357 4913 gli‘ae'
2378 4845 2435 4896 et
2454 4830 2819 4898 Hibernimin
2852 4857 3038 4896 unum
3090 4839 3370 4913 collectos
3401 4846 3458 4896 et
3486 4830 3790 4913 a'_Th.rHyd.ei

461 4915 626 4983 parte
657 4909 936 4980 secunda,
970 4912 1029 4984 in
1069 4926 1182 4982 qua
1231 4911 1445 4984 biblica
1475 4920 1530 4966 et
1559 4911 1885 4983 theologica
1915 4909 2105 4969 conti;
2215 4909 2582 4968 bibliothecae
2604 4913 2931 4969 Bodleianze
2963 4909 3594 4984 protobibliothecario,
3618 4909 3790 4984 Qsoniﬂ

461 4979 695 5048 nentur,
730 4999 862 5055 pag.
893 4979 983 5046 21,
1016 4979 1102 5036 ita
1122 4997 1136 5036 :
1171 4981 1367 5055 Clanis
1395 4997 1569 5039 sacrae
1597 4979 2105 5054 Scripiuraeﬁileto
2216 4984 2376 5055 1697,
2409 5001 2441 5040 e
2473 4986 2696 5040 theatro
2714 4979 3109 5040 Sheldon‘iauo
3139 4983 3371 5039 duobus
3387 4979 3788 5055 voluminibufip

461 5071 556 5111 seu
585 5045 854 5122 Melitone,
904 5045 1130 5121 Asiana,
1181 5053 1487 5137 utyolunt,
1511 5045 1754 5127 episcopo
1775 5045 2030 5138 auctare.
2214 5056 2314 5111 tot.
2350 5045 2555 5124 editos,
2587 5062 2731 5112 tom.
2794 5057 2836 5122 Ι,
2873 5072 3003 5182 pag.
3037 5056 3160 5123 125,
3220 5055 3418 5139 cpdice
3443 5053 3596 5116 2432,
3626 5045 3787 5105 Bodlei.

534 5127 608 5182 (3i
635 5126 694 5181 In
723 5125 995 5182 Cataloao
1014 5124 1269 5182 generali
1302 5132 1661 5182 sanctorum.
1694 5143 1790 5182 cui
1822 5144 1934 5181 non
1965 5131 2106 5182 sunt
2214 5127 2276 5182 F.
2307 5129 2361 5182 7.
2394 5129 2446 5182 4.
2481 5129 2571 5182 32.
2635 5143 2766 5182 ηερ.
2803 5129 2924 5182 191.
2997 5169 3010 5182 .
3068 5143 3160 5182 sa.
3205 5127 3478 5182 Eiusdem
3527 5120 3787 5182 fragmenta

534 5127 608 5200 (3)
635 5126 694 5181 In
723 5120 995 5200 Catalogo
1013 5120 1269 5195 generali
1302 5120 1661 5200 sanctorum,
1686 5120 1790 5194 "qui
1822 5144 1943 5200 non
1960 5131 2106 5200 sunt
2214 5127 2276 5182 F.
2307 5129 2361 5182 7.
2394 5129 2446 5182 4.
2481 5120 2571 5197 32,
2635 5143 2766 5200 pag.
2803 5120 2924 5198 191,
2948 5120 3010 5195 Β,
3068 5120 3160 5198 sq.
3205 5127 3478 5199 Ejusdem
3504 5120 3788 5200 -ζᾳ-ᾳεᾳξεηξει

461 5197 518 5253 in
543 5191 960 5271 "Martyrologio
1016 5191 1301 5271 Romano,
1362 5198 1615 5252 Venetiis
1648 5191 1822 5254 anno
1853 5198 2012 5266 1525,
2044 5200 2102 5253 in
2215 5201 2481 5271 quaedam
2515 5191 2572 5254 in
2609 5191 2798 5255 (latin.
2833 5191 3060 5254 Patrum
3092 5191 3630 5271 inveniunturﬁfide
3649 5191 3788 5246 Mant-

461 5273 567 5336 Qu.
603 5271 669 5324 ad
704 5267 946 5325 Kalend.
981 5269 1232 5341 Aprilis.
1314 5339 1322 5341 _
1569 5340 1572 5341 ν
2215 5267 2445 5326 faucon.
2468 5272 2734 5327 Biblioth.
2767 5271 3242 5326 Bibliothecarum
3273 5269 3452 5341 p.714,
3487 5267 3598 5323 142.

534 5343 608 5413 (4)
640 5342 788 5398 Urbs
819 5341 1098 5414 Sardiniae
1121 5339 1450 5414 notissima,
1483 5340 1654 5414 cujus
1694 5341 1849 5412 apud
1882 5347 2103 5398 veteres
2285 5343 2359 5413 (8)
2390 5344 2473 5397 Ad
2523 5343 2997 5414 Martyrologium
3029 5347 3193 5397 vetus
3224 5337 3289 5396 Sf
3332 5337 3666 5409 Hieronymi,
3693 5344 3786 5405 p88-

460 5413 726 5481 frequens
757 5413 1011 5470 ocrurrit
1041 5413 1468 5468 meutio.Miror
1493 5413 1646 5467 Frid.
1679 5415 2099 5484 Spanhemium
2217 5414 2337 5470 130.

460 5484 518 5540 in
554 5473 894 5554 Ceoyraphia
925 5503 1033 5540 sua
1059 5501 1223 5540 sacra
1251 5492 1302 5540 et
1339 5473 1953 5558 ecclesiastica'nullam
1974 5487 2102 5558 ejus
2285 5486 2362 5558 (9)
2383 5484 2454 5558 in
2489 5485 2682 5558 codice
2713 5484 3044 5556 apocrypho
3065 5488 3132 5539 N.
3159 5485 3226 5539 T.
3261 5488 3532 5558 parasiti,
3557 5494 3670 5558 pag.

462 5545 818 5630 mentidnem
853 5558 1145 5630 injecisee,
1180 5573 1312 5630 cum
1348 5562 1542 5630 tamen
1579 5561 1752 5630 fuerit
1780 5557 1949 5612 sedes
1979 5545 2101 5628 e'pi-
2225 5628 2232 5630 Α
2285 5545 2399 5630 ζ1ὺ)
2429 5560 2616 5630 Citato
2644 5545 2946 5630 libJparie
2988 5572 3049 5625 ιι,
3083 5572 3214 5630 pag.
3261 5545 3695 5630 '789,A79_0',:et'in

466 5611 1050 5701 scopalis.__Con"ter.,
1072 5611 1144 5701 si,
1185 5627 1398 5701 placet,
1424 5627 1656 5701 Cellarii
1707 5611 2105 5700 Geographie":
2216 5611 2486 5687 btiattieca
2517 5611 2712 5687 Gra'cai
2729 5611 2920 5699 116.»,
2954 5611 3191 5701 cap.'1:
3231 5611 3595 5696 sect.2,§24,
3623 5617 3715 5678 vol.
3739 5611 3786 5678 ν,

463 5700 637 5768 antiq.
670 5714 726 5769 p.
753 5697 1274 5770 51,editionis,quia
1306 5698 1444 5767 mihi
1478 5700 1550 5754 ad
1583 5715 1795 5768 manus
1818 5697 1933 5772 est,
1956 5701 2099 5758 Lon-
2214 5716 2345 5775 pag.
2380 5701 2505 5758 185.
