4000 6220
479 302 634 365 1163
1548 292 1610 352 S.
1654 291 1946 354 MELITO
1993 293 2357 356 SARDIUM
2401 291 2854 358 EPISCOPUS.
3656 306 3764 369 1164

481 435 770 495 exstiterit
802 431 1176 495 architectus,
1211 427 1365 482 unde
1395 427 1608 495 omnia,
1643 444 1773 499 quae
1805 431 1961 483 vasto
1980 427 2087 484 hoc
2104 429 2497 496 continentur,
2521 435 2714 485 ortum
2735 443 2911 485 suum
2937 426 3238 497 traxerint,
3261 427 3386 501 quis
3413 430 3586 500 solem,
3605 434 3765 509 lunam,

488 529 686 585 stellas
719 523 859 581 cmlo
891 518 1170 587 afﬁxerit;
1207 517 1338 590 quis
1365 516 1623 588 primum
1656 517 1953 573 hominem
1986 519 2401 589 eﬁ‘ormaverit,
2433 535 2609 591 quam
2644 519 2697 574 ei
2729 523 3000 575 naturam
3036 517 3395 590 indolemque
3436 520 3676 595 indiderit,
3698 545 3769 584 cu.

475 619 572 687 jus
605 611 890 670 felicitatis
923 608 1262 680 participem
1302 623 1433 662 eum
1468 609 1706 663 reddere
1737 609 2076 676 decreverit,
2111 609 2201 665 cui
2236 609 2335 664 ﬁni
2367 626 2579 681 corpus
2611 626 2939 681 sensusque
2982 609 3374 677 destinaverit,
3419 628 3518 681 qua
3559 619 3768 687 perpetui-

488 712 601 760 tate
634 705 889 757 animum
924 697 1170 766 donarit,
1207 698 1358 768 quod
1395 697 1686 752 vinculum
1721 714 1932 770 corpus
1963 699 2114 754 inter
2142 707 2195 754 et
2225 700 2480 753 animam
2513 699 2981 770 deprehendatur
3013 715 3026 755 :
3070 699 3182 753 nisi
3218 700 3286 753 de
3318 699 3423 768 his,
3446 701 3770 772 inquam,con-

487 793 763 848 stitutum
801 789 898 854 sit,
931 787 1098 859 pauci
1133 787 1202 841 ab
1238 787 1637 842 incredulitate
1669 787 1740 842 ad
1765 788 1939 842 ﬁdem
1973 788 2210 860 perduci
2233 793 2527 860 poterunt,
2550 797 2600 843 et
2623 788 2854 844 inﬁrma
2877 791 2986 843 erit
3004 794 3205 843 contra
3227 806 3388 844 secus
3412 792 3769 854 scntientesdis-

484 882 734 950 putatio.
772 878 1016 932 Animus
1050 877 1241 946 potius
1276 877 1565 931 ﬂuctuans
1596 882 1650 931 et
1682 877 1937 932 incertus
1970 879 2141 933 modo
2183 879 2252 933 ad
2286 879 2585 933 fortuitum
2617 889 2945 934 atomorum
2977 895 3347 946 concursum,
3379 881 3529 935 modo
3545 883 3772 948 ad,nescio

484 986 687 1041 quam,
720 967 922 1023 mundi
954 966 1213 1020 animam
1247 971 1543 1032 (sternam,
1579 967 1749 1021 modo
1781 965 1855 1021 ad
1885 966 2092 1021 animae
2126 972 2334 1022 nostras
2365 983 2498 1022 cum
2535 983 2773 1038 corpore
2803 967 3127 1037 interitum,
3154 969 3325 1023 modo
3349 970 3414 1022 ad
3435 968 3532 1024 alia
3548 977 3682 1044 atque
3699 975 3775 1031 alia

482 1060 574 1114 his
606 1057 950 1112 absurdiora
982 1054 1240 1126 rapietur
1269 1053 1399 1125 ((39).
1434 1054 1784 1109 Amovendis
1813 1055 2008 1126 itaque
2041 1055 2198 1110 hisce
2229 1055 2477 1126 aliisque
2512 1057 2686 1127 hujus
2720 1057 2877 1111 modi
2915 1056 3346 1127 impedimentis
3394 1074 3596 1130 operam
3639 1073 3774 1118 noster

482 1147 730 1203 feliciter
761 1143 1010 1214 navavit,
1044 1143 1271 1214 sibique
1301 1143 1454 1198 inter
1483 1142 1861 1215 philosophos
1893 1144 2049 1201 haud
2090 1144 2212 1200 leve
2241 1143 2568 1201 conciliavit
2596 1161 2827 1202 nomen.

1537 1305 1564 1370 §
1605 1303 1692 1358 IX.
1725 1305 1802 1357 De
1839 1302 2138 1375 theologica
2167 1303 2486 1360 eruditione
2528 1301 2810 1360 Melitonis

536 1457 692 1515 Nihil
726 1463 822 1514 aut
855 1473 1058 1528 parum
1096 1455 1366 1528 praestitit
1395 1453 1602 1510 viatori
1634 1453 1690 1508 in
1723 1454 1890 1510 devia
1917 1455 2154 1526 delapso
2185 1454 2393 1524 ofﬁcii,
2428 1457 2530 1526 qui
2562 1453 2676 1527 ipsi
2709 1453 2920 1511 saltem
2948 1453 3264 1525 signiﬁcat,
3317 1471 3444 1511 eum
3489 1473 3519 1512 δ
3560 1461 3781 1531 proposito

465 1550 723 1606 diversas
756 1548 978 1604 calcare
1006 1548 1267 1614 semitas,
1301 1549 1518 1601 rectam
1551 1553 1745 1600 autem
1768 1545 2002 1618 insuper
2031 1547 2182 1602 viam
2215 1563 2330 1602 non
2363 1545 2540 1601 simul
2573 1549 2877 1601 monstrat.
2913 1544 3007 1602 Sic
3038 1563 3143 1602 nec
3171 1544 3366 1602 Melite
3415 1547 3470 1602 in
3515 1551 3785 1608 amoliendis

473 1639 872 1695 tantummedo
900 1654 1002 1710 per
1035 1637 1253 1707 scripta
1279 1636 1410 1692 ﬁdei
1443 1636 1764 1692 obstaculis
1797 1637 2075 1705 substitit,
2111 1638 2211 1693 sed
2239 1637 2312 1692 ad
2344 1636 2490 1693 olios
2516 1653 2747 1708 quoque
2765 1636 2910 1691 hanc
2932 1637 2992 1691 in
3012 1652 3131 1692 rem
3157 1637 3410 1692 edendos
3435 1645 3677 1694 tractatus
3695 1657 3779 1696 ver-

467 1730 538 1786 tit
568 1730 854 1797 animum,
885 1744 1092 1801 parum
1123 1743 1250 1782 esse
1295 1731 1476 1794 ratus,
1508 1726 1929 1798 impedimenta
1958 1744 2271 1796 removere,
2306 1727 2417 1783 nisi
2450 1731 2506 1782 et
2534 1727 2664 1799 ipsa
2701 1726 2845 1782 ﬁdes
2875 1731 3194 1796 eXponatur
3243 1725 3416 1797 clare,
3463 1731 3514 1782 et
3553 1731 3711 1784 omnia
3742 1746 3784 1785 ex

465 1826 682 1878 rentur.
717 1825 862 1892 Ergo
894 1820 1076 1875 edidit
1104 1817 1437 1889 complures
1467 1817 1649 1873 libros
1679 1819 1750 1873 de
1777 1818 2022 1875 diversis
2052 1823 2108 1874 et
2137 1817 2493 1888 gravissimis
2525 1817 2831 1873 divinioris
2863 1817 3044 1888 hujus
3077 1815 3400 1889 disciplinae
3447 1820 3724 1886 mementis,
3745 1827 3786 1876 et

466 1912 594 1982 ejus
627 1910 982 1983 praescriptis
1029 1908 1101 1963 ad
1131 1908 1308 1963 vitam
1340 1911 1396 1962 et
1427 1906 1668 1962 salutem
1703 1912 1974 1963 aeternam
2009 1908 2339 1963 necessaria
2369 1906 2561 1963 ofﬁcia
2590 1907 2762 1962 claris
2794 1911 2851 1961 et
2895 1905 3218 1977 perspicuis
3263 1906 3608 1963 documentis
3647 1908 3787 1964 decla-

465 2001 622 2056 haud
658 2000 969 2054 obscurum
1003 2014 1130 2053 esse
1161 1996 1314 2066 sivit,
1349 2001 1566 2066 quanta
1596 1997 1840 2053 scientia
1867 2001 1923 2053 et
1955 1997 2218 2052 doctrina
2247 1997 2304 2051 in
2331 1998 2506 2052 rebus
2532 1997 2710 2052 sacris
2736 2000 2794 2052 et
2822 1997 2892 2051 ad
2916 1997 3086 2051 ﬁdem
3112 1997 3511 2067 spectantibus
3531 1997 3785 2054 abundave-

466 2091 562 2146 rit.
596 2091 740 2144 Cum
772 2088 1003 2143 animus
1037 2087 1179 2142 mihi
1211 2087 1286 2142 sit
1315 2087 1384 2142 de
1417 2087 1651 2159 scriptis
1682 2087 1810 2157 ejus
1842 2103 1910 2142 ex
1938 2086 2205 2143 instituto
2237 2086 2507 2159 pluribus
2531 2087 2680 2142 infra
2700 2086 2932 2158 agendi,
2958 2103 3030 2142 ne
3052 2092 3257 2158 postea
3284 2086 3528 2144 dicenda
3545 2087 3790 2144 mihinuno

461 2178 818 2250 praripiam,
851 2194 998 2249 opus
1029 2193 1144 2232 non
1177 2192 1302 2232 esse
1333 2176 1601 2244 arbitror,
1634 2191 1980 2232 enumerare
2011 2175 2235 2244 multis,
2270 2192 2516 2246 quorum
2540 2179 3016 2246 argumentorum
3053 2177 3432 2233 tractationes
3453 2180 3738 2250 susceperit,
3754 2183 3792 2233 et

460 2269 531 2324 de
561 2267 774 2337 quibus
805 2267 862 2321 in
897 2266 1085 2339 specie
1117 2265 1247 2320 ﬁdei
1280 2265 1590 2336 capitibus,
1624 2266 1856 2338 scriptis
1885 2267 2086 2337 egerit.
2124 2265 2319 2320 Fidem
2353 2265 2546 2336 potius
2580 2265 2863 2333 merebor,
2900 2264 2949 2320 si
2992 2265 3062 2320 ad
3098 2267 3463 2336 probandam
3511 2266 3793 2340 singularem

456 2356 748 2415 Melitonis
779 2358 838 2412 in
863 2357 1041 2412 sacris
1074 2357 1245 2412 rebus
1277 2356 1681 2410 dexteritatem
1716 2357 1846 2426 ejus
1877 2356 2048 2410 modo
2082 2355 2238 2410 haud
2274 2371 2492 2426 paucos
2522 2355 2581 2409 in
2633 2359 2756 2408 arte
2806 2353 2993 2410 editos
3046 2355 3271 2426 ingenii
3325 2357 3480 2411 fetus
3531 2362 3683 2412 testes
3724 2374 3793 2428 po-

455 2464 713 2519 poscero,
748 2451 804 2502 et
834 2447 1108 2502 lectorem
1141 2446 1212 2500 ad
1236 2445 1553 2501 Eusebium
1589 2446 1701 2517 (70)
1734 2447 1981 2517 ejusque
2023 2461 2306 2516 sequaces
2337 2445 2546 2500 iterum
2594 2444 2954 2515 ablegavero.
3003 2444 3302 2516 Perplacet
3339 2447 3660 2519 ceteroquin
3698 2445 3796 2502 scri-

454 2542 688 2609 ptorum
722 2537 850 2608 ejus
881 2537 952 2592 de
984 2537 1158 2591 rebus
1189 2534 1529 2606 theologicis
1560 2534 1987 2590 elaboratorum
2021 2534 2253 2600 divisio,
2287 2549 2463 2605 quam
2491 2534 2550 2588 in
2584 2534 2844 2588 medium
2877 2534 3074 2588 attulit
3103 2534 3324 2606 saepius
3367 2535 3595 2607 jamjam
3639 2538 3794 2590 citatus

451 2625 777 2681 Halloixius
808 2626 940 2697 (71),
971 2624 1063 2678 cui
1092 2623 1201 2677 alia
1225 2623 1283 2677 in
1313 2622 1558 2694 gratiam
1584 2622 1914 2694 gentilium,
1949 2621 2063 2678 alia
2087 2623 2144 2676 in
2179 2622 2429 2694 gratiam
2464 2620 2926 2676 Christianorum
2959 2623 3315 2678 concinnata
3345 2624 3618 2679 videntur.
3661 2624 3734 2679 Sic
3757 2625 3795 2677 in

450 2716 711 2786 priorum
745 2716 993 2787 gratiam
1026 2713 1297 2784 inprimis
1328 2713 1514 2767 editos
1545 2713 1727 2768 fuisse
1759 2711 1940 2767 libros
1970 2713 2043 2766 De
2071 2712 2199 2783 ﬁde,
2232 2712 2305 2767 De
2334 2712 2585 2778 veritate,
2619 2711 2691 2766 De
2718 2711 3030 2766 obedientia
3071 2712 3224 2781 ﬁdei,
3256 2714 3390 2786 ipsa
3413 2730 3523 2784 prae
3573 2730 3624 2768 se
3660 2715 3796 2768 ferunt

449 2804 691 2858 nomina
720 2809 776 2858 et
808 2805 1172 2874 argumenta.
1205 2801 1316 2856 Alii
1350 2807 1569 2867 autem,
1602 2819 1747 2871 quos
1777 2802 1951 2856 etiam
1986 2801 2203 2855 multos
2234 2800 2514 2869 exaravit,
2543 2800 2729 2871 magis
2758 2802 2827 2855 ad
2866 2817 2964 2856 eos
3016 2807 3304 2872 spectant,
3357 2803 3457 2874 qui
3506 2804 3589 2860 vel
3626 2804 3723 2875 jam
3756 2801 3796 2856 in

447 2893 659 2948 Christi
693 2894 898 2948 castris
924 2897 1247 2957 versantur,
1283 2889 1369 2945 vel
1401 2892 1534 2946 dato
1567 2891 1693 2960 ejus
1725 2890 1944 2944 militiae
1977 2890 2232 2957 nomine,
2269 2888 2686 2945 admissionem
2719 2893 3075 2959 exspectant,
3115 2899 3170 2946 et
3199 2890 3476 2948 Ecclesiae
3521 2892 3720 2947 interim
3751 2891 3799 2944 li-

448 2999 581 3036 men
616 2985 828 3037 terunt.
861 2981 1028 3035 Tales
1059 2984 1196 3034 sunt
1231 2981 1300 3035 De
1331 2981 1622 3048 baptismo,
1658 2981 1731 3034 De
1762 2980 2023 3045 Ecclesia,
2048 2980 2118 3034 De
2151 2978 2359 3034 Christi
2385 2981 2756 3048 generatione,
2790 2979 2862 3034 De
2901 2979 3060 3035 Verbo
3091 2981 3390 3037 incuruata
3445 2986 3500 3036 et
3547 2980 3654 3047 alii,
3690 2997 3798 3053 quo-

452 3088 583 3126 rum
615 3070 766 3124 infra
789 3070 936 3124 dabo
969 3069 1316 3140 catalogum.
1351 3072 1578 3135 Quanta
1607 3069 1910 3141 diligentia
1941 3070 2150 3124 diurna
2181 3074 2581 3139 nocturnaque
2620 3085 2798 3123 manu
2831 3069 3162 3141 Scripturas
3207 3087 3410 3127 sacras
3439 3071 3742 3136 tractaverit,
3764 3076 3800 3124 et

451 3176 626 3233 quam
661 3159 931 3214 assiduus
962 3158 1020 3212 in
1054 3175 1254 3213 earum
1283 3157 1530 3214 lectione
1563 3160 1754 3226 fuerit,
1790 3175 1902 3214 non
1935 3158 2062 3213 sine
2090 3159 2472 3213 fundamento
2521 3157 2808 3228 conjicere
2852 3175 3172 3230 possumus
3228 3176 3300 3216 ex
3358 3159 3625 3235 Ἐκλογῶν
3663 3160 3796 3224 libris,

453 3253 573 3306 sive
607 3249 895 3322 excerptis
928 3265 956 3305 e
991 3249 1170 3305 sacris
1203 3247 1399 3304 bibilis
1432 3248 1803 3316 testimoniis,
1836 3248 1896 3303 in
1927 3266 2027 3304 sex
2056 3247 2236 3304 libros
2267 3248 2491 3303 divisis.
2523 3249 2584 3303 In
2617 3249 2866 3320 gratiam
2891 3249 3152 3304 Onesimi
3184 3252 3563 3322 potissimum
3611 3253 3699 3308 hoc
3738 3251 3801 3305 di-

451 3341 720 3396 vinarum
756 3339 1190 3411 Scripturarum
1227 3339 1339 3394 mel
1370 3337 1546 3406 suxit,
1579 3343 1750 3410 prout
1782 3337 2000 3392 clarum
2033 3342 2122 3393 est
2155 3353 2219 3392 ex
2272 3338 2397 3408 ipsa
2427 3339 2555 3409 ejus
2613 3337 2683 3392 ad
2738 3337 3052 3394 Onesimum
3101 3341 3352 3412 epistola
3385 3345 3514 3412 (72).
3568 3348 3603 3396 Ε
3653 3343 3800 3398 crebra

449 3432 646 3502 itaque
677 3446 971 3485 sacrarum
1006 3428 1332 3484 litterarum
1365 3428 1629 3496 lectione,
1663 3445 1764 3484 ceu
1799 3427 2017 3498 Optimo
2048 3430 2105 3482 et
2134 3427 2327 3482 omnis
2357 3427 2655 3482 divinioris
2687 3427 2962 3482 doctrinae
2995 3429 3164 3483 unico
3199 3431 3356 3487 fonte
3389 3439 3446 3487 et
3495 3433 3799 3504 scaturigine,

447 3523 725 3577 derivavit
755 3536 984 3591 quoque
1016 3521 1073 3574 in
1107 3536 1168 3575 se
1201 3519 1489 3591 egregiam
1522 3518 1704 3588 illam,
1736 3535 1853 3590 qua
1884 3521 2203 3573 instructus
2234 3522 2358 3572 erat
2389 3517 2641 3572 scientia
2674 3517 2844 3573 istius
2869 3519 3288 3577 abundantiam
3319 3542 3334 3590 ;
3371 3527 3430 3579 et
3485 3540 3610 3578 cum
3651 3523 3798 3579 Jescm

441 3612 737 3667 Christum
772 3611 954 3665 Deum
988 3617 1040 3665 et
1071 3609 1367 3666 hominem
1401 3603 1567 3664 haud'
1589 3607 1856 3680 ignorare
1889 3607 2216 3679 praecipuus
2252 3606 2326 3662 sit
2357 3607 2488 3661 ﬁdei
2521 3611 2732 3662 nostra:
2762 3606 3066 3679 articulus,
3094 3607 3230 3665 huic
3262 3613 3442 3668 etiam
3479 3614 3681 3669 veritati
3700 3629 3800 3684 prs-

441 3703 608 3772 cipue
639 3701 884 3768 studuit,
913 3705 967 3755 et
998 3699 1231 3755 deitatis
1256 3699 1468 3772 pariter
1500 3715 1564 3754 ac
1591 3698 1859 3752 humanae
1890 3695 2286 3769 (οεανθρώπου)
2318 3700 2542 3752 naturae
2575 3701 2757 3752 stator
2795 3698 3017 3752 exstitit
3048 3703 3225 3771 atque
3285 3702 3563 3761 defensor
3607 3701 3796 3758 fortissi.

441 3809 591 3847 mus.
626 3791 912 3846 Eusebius
945 3790 1057 3862 (73)
1093 3790 1242 3845 hanc
1271 3789 1330 3844 in
1366 3805 1488 3844 rem
1519 3787 1871 3844 evolvendus
1910 3792 2020 3853 est,
2052 3785 2152 3858 qui
2185 3787 2254 3841 de
2285 3801 2351 3840 eo
2384 3786 2676 3842 memoriae
2708 3786 2980 3856 prodidit,
3023 3805 3137 3858 quo
3198 3791 3429 3863 scripta
3486 3795 3608 3864 ejus
3659 3789 3702 3844 ἐν
3745 3790 3798 3847 οἷς

447 3879 810 3954 θεολογεῖται,
830 3877 919 3932 καὶ
950 3879 1078 3940 Θεὸς
1108 3877 1197 3932 καὶ
1249 3874 1534 3950 ἄνθρωπος
1575 3874 2002 3952 καταγγέλλεται

2218 3874 2381 3945 ιστὸς,
2444 3897 2472 3926 ‹‹
2534 3876 2592 3930 in
2651 3876 2868 3947 quibus
2923 3877 3141 3933 Christi
3201 3881 3488 3938 divinitas
3550 3881 3796 3941 astruitur,

439 3976 498 4026 et
527 3971 585 4024 in
619 3970 834 4040 quibus
865 3987 999 4024 eum
1033 3971 1211 4024 Deum
1245 3968 1418 4022 simul
1453 3973 1620 4039 atque
1649 3967 1936 4022 hominem
1972 3965 2322 4037 praedicavit,
2357 3987 2386 4014 »
2418 3966 2693 4021 omnibus
2728 3966 2942 4022 fuerint
2968 3973 3121 4033 nota,
3153 3969 3294 4039 quin
3321 3972 3650 4029 notissima.
3672 3970 3801 4042 inpri-

442 4060 555 4116 mis
588 4060 857 4131 egregius
887 4058 1174 4114 Melitonis
1207 4058 1369 4113 locus
1402 4063 1489 4113 est
1520 4059 1590 4113 de
1624 4058 1926 4113 divinitate
1957 4061 2014 4112 et
2048 4056 2409 4110 humanitate
2438 4056 2652 4111 Christi
2686 4057 2821 4129 (74),
2855 4073 3026 4130 quem
3057 4059 3416 4117 Anastasius
3461 4063 3671 4118 Sinaita
3707 4076 3799 4132 pro-

441 4148 628 4216 duxit,
662 4155 718 4203 et
749 4165 817 4202 ex
845 4165 910 4202 eo
942 4147 1163 4203 Caveus
1195 4148 1306 4219 (75)
1340 4152 1395 4202 et
1414 4147 1757 4202 Whislonus
1780 4147 1910 4218 (‘76),
1935 4154 1988 4201 et
2009 4161 2179 4217 quem
2203 4151 2403 4200 contra
2420 4145 2703 4200 Clericum
2727 4147 3038 4204 vindicavit
3063 4149 3496 4211 Weismannus
3521 4155 3646 4229 (77).
3668 4154 3798 4209 Suam

440 4254 611 4308 porro
643 4235 700 4290 in
736 4236 907 4292 rebus
941 4237 1324 4293 divinioribus
1356 4254 1546 4292 raram
1579 4237 2061 4293 commontravit
2091 4235 2492 4290 dexteritatem
2528 4235 2585 4289 in
2620 4251 2709 4306 eo,
2743 4238 2897 4307 quod
2932 4239 3181 4308 purioris
3214 4242 3506 4300 doctrina?
3546 4245 3675 4300 adeo
3716 4241 3799 4295 fue-

438 4327 512 4381 rit
541 4342 744 4382 amans
777 4331 946 4397 atque
979 4334 1168 4395 tenax,
1203 4334 1262 4382 ut
1289 4343 1355 4382 ea
1385 4343 1455 4382 ne
1486 4326 1669 4383 latum
1701 4326 1938 4397 quidem
1971 4341 2224 4398 unguem
2258 4324 2647 4380 recedendum
2697 4342 2825 4382 esse
2882 4327 3132 4396 duxerit,
3186 4333 3290 4387 sed
3342 4333 3632 4390 haereticis
3677 4330 3800 4388 forti-

508 4481 618 4573 (δερ)
652 4481 934 4573 ῌΔπιιτρηςθξ
957 4480 1242 4573 ejusnmpdi
1277 4481 1600 4573 septentioas
1622 4478 2074 4573 enumeravitﬁet

2225 4472 2483 4565 ρέμμᾳττξι
2513 4470 2848 4566 πρεετϐέτερκ
2875 4481 2983 4573 τῷζι
3013 4478 3281 4573 Βὶξτορος
3309 4482 3564 4573 χρόνων,
3597 4481 3626 4538 ἄ
3649 4481 3798 4566 ἒχεῖτω

437 4542 713 4630 refutavit
747 4542 1035 4630 Ba_dulph.
1057 4552 1371 4630 Cutvvorth
1401 4554 1459 4607 in
1511 4552 1811 4630 Systemftte
1846 4550 2016 4630 ﬁdei!

2217 4542 2418 4630 ἱρὸς-τὰ
2598 4547 2749 4630 ’ὑπὲρ
2779 4542 2878 4630 ej:
2910 4542 3200 4630 ἆληθείαςξ
3235 4542 3531 4630 satrape;
3551 4542 3662 4616 ’τὰς
3712 4553 3797 4630 tota

433 4625 610 4680 ctuali
641 4629 780 4679 tom.
817 4625 861 4688 l,
896 4614 1021 4693 cap.
1054 4625 1108 4688 5,
1144 4624 1238 4678 fol.
1272 4625 1400 4692 812,
1433 4614 1590 4694 sqq;
1643 4622 1782 4677 edit.
1846 4622 2010 4694 Mosh

2212 4614 2419 4694 :ipéqst;
2453 4614 2899 4694 Eypa¢1v_.'itévw
2937 4614 3319 4679 δὲ”Ιουσεέίνου
3384 4614 3480 4681 κάξ
3516 4614 3792 4682 VMa-vdae:

435 4696 664 4748 mianze.
699 4696 906 4750 Confer
932 4689 1168 4770 quoque
1196 4695 1244 4750 si
1296 4689 1499 4766 pla'cet'
1525 4689 1799 4770 ejusdem
1853 4693 2015 4770 abbat

2216 4689 2277 4770 .gii
2307 4689 2697 4770 Tatiavoﬁ‘aai
2721 4689 3048 4770 βλήμεχςτος
3080 4697 3167 4770 xui.
3203 4697 3410 4770 ὲτέρῳν
3469 4697 3736 4763 πλειόνων,
3762 4694 3796 4748 ἐξ

435 4783 668 4844 summe
698 4759 1161 4844 rever._diss.-De
1198 4759 1469 4823 creatione
1523 4759 1595 4822 ei:
1650 4765 1852 4832 nihilo,
1909 4765 2015 4820 ibid

2222 4763 2271 4844 ῖς
2299 4763 2460 4844 dir:qu
2492 4759 2888 4844 θεολογεῖςεαίῦ
2918 4764 3172 4844 Χριστός.
3224 4759 3302 4821 Ta-
3357 4767 3417 4824 δὲ
3476 4759 3737 4844 sigma-:95
3759 4785 3794 4818 τε

434 4839 690 4916 fo|‘._957.
716 4839 1148 4916 reperiendam.
1485 4909 1545 4916 Μ
1624 4909 1659 4916 ᾏ
1722 4908 1772 4916 ,Α
1842 4831 1848 4832 ί

2214 4831 2620 4916 ,αξΜελιίιςευκίος
2666 4831 2756 4886 ὗελί
2812 4838 2919 4888 τῶν
2969 4831 3186 4916 iccirch
3233 4840 3318 4900 τίς
3387 4831 3794 4916 ἀγνοέῖ’βιῦλῖι,

503 4909 616 4981 (70)
652 4901 1570 4992 Hist:ecclegtdib.‘1v,"ca'p._§6.
1624 4908 1840 4964 Rufﬁn.
1884 4906 2068 4992 liliid.;

2184 4905 2433 4992 98§1Xt2j
2464 4901 2751 4992 biviifmzov
2780 4906 3226 4992 κατςιγγέλλοντα
3273 4912 3375 4965 τὸν
3411 4901 3648 4987 Χριστός,
3681 4933 3692 4981 ;

428 4979 664 5059 Hieron:
698 4999 822 5059 cap.
857 4983 950 5059 24.
979 4981 1216 5059 Niceph:
1249 4982 1313 5059 ῌ.
1352 4981 1553 5059 ΕλΙί-ὶ).
1595 4998 1670 5059 1v,
1703 4997 1849 5059 cap._
1874 4979 1961 5059 i0.

2399 4979 2458 5059 I-n
2491 4979 2706 5059 Ὀξῃγῷ
2737 4980 3045 5059 εθμμζλισθΔ
3090 4985 3196 5039 viae
3226 4998 3358 5059 cap.
3400 4979 3490 5052 t3,
3525 5004 3652 5059 pag.
3682 4979 3786 5059 260.

500 5053 614 5120 (71)
645 5053 704 5108 In
741 5049 1044 5108 Ittuatrium
1086 5053 1372 5125 Ecclesiae
1394 5052 1691 5107 Orientalis
1737 5049 2070 5120 scriptorum
2252 5049 2494 5125 (⁸75)“Ι[ιΔ
2537 5049 2741 5125 His-tor:
2781 5051 3114 5125 titleraria,
3143 5049 3488 5125 scriptorum
3525 5049 3790 5115 ecclesias.

432 5123 1206 5200 Vitisfadocumentis,tom.
1243 5123 1315 5200 ll,
1350 5123 1446 5200 fol.
1479 5125 1603 5178 821.
1793 5193 1856 5200 ῃ
1951 5191 1961 5200 ι

2220 5137 2312 5200 ag.
2471 5121 2634 5191 Apud
2689 5121 3042 5178 Halloixium
3103 5124 3213 5181 hoc
3253 5121 3672 5200 'iragmentum
3715 5139 3794 5182 non

493 5195 607 5267 (7'3)
641 5196 948 5260 Eusebius,
978 5197 1120 5251 Hist.
1161 5195 1482 5267 eccles.lib.
1518 5211 1589 5259 iv,
1622 5209 1750 5265 cap.
1791 5193 1881 5263 36,
1914 5191 2069 5248 circa
2176 5198 2384 5267 exstat.

423 5262 598 5346 ﬁnem
625 5267 773 5346 hanc
806 5266 1247 5346 nobisserva‘vit
1277 5266 1619 5346 epistolam:
1695 5262 1712 5265 “
1815 5341 1823 5346 _
1867 5262 1870 5263 ⁷
1949 5335 1960 5346 _
2181 5333 2220 5346 __
2245 5265 2361 5331 (76)
2395 5265 2458 5318 In
2487 5262 2588 5346 Alite
2616 5262 2973 5346 difierlatioa
3005 5282 3151 5346 upon
3181 5269 3266 5346 the
3288 5269 3541 5346 Epistles
3571 5274 3652 5346 (πίΔ
3673 5270 3793 5346 lgne-

492 5340 604 5414 (73)
639 5341 842 5395 Hister.
883 5341 1069 5395 eccles.
1117 5338 1221 5414 lib.
1272 5333 1330 5414 v,
1377 5355 1502 5409 cap.
1555 5338 1644 5404 28,
1697 5341 1920 5414 contra
1949 5335 2063 5390 has-
2173 5333 2555 5414 ἡμερας-ϐξ
2583 5339 2642 5414 et
2791 5352 2920 5414 qua;
2946 5333 3151 5414 tomoi
3182 5333 3344 5414 libri,
3376 5359 3558 5414 quem
3595 5333 3793 5410 The-pri;

421 5405 954 5478 resin’Artemonis,
987 5427 1111 5480 quae
1154 5405 1465 5482 Christum'
1495 5426 1725 5482 merum
1768 5407 2061 5482 hominem
2174 5405 2365 5482 mitz'iie
2386 5405 3000 5482 jllifiatiartityfeviu’d
3031 5405 3361 5482 inscripsit,
3395 5405 3618 5470 'exstat.

417 5496 544 5556 esse
574 5483 827 5556 dicebat,
861 5476 1167 5556 disputans
1206 5481 1328 5556 ita:
1358 5481 1458 5535 Ἠν
1491 5476 1538 5556 δ’
1590 5481 1650 5556 ἄν
1684 5479 1853 5556 ei)ch
1901 5479 2058 5556 mOat-
2179 5478 2446 5556 __-(77)_In
2464 5478 2885 5556 Introductione
2913 5480 2973 5556 in
3006 5476 3400 5556 memorabilia
3429 5483 3790 5542 lz‘cclcsiastic:

417 5547 509 5625 vi)!
537 5547 1023 5625 r6_).s~{6pévov,'si
1062 5552 1136 5625 μὴ
1195 5554 1410 5625 πρῴ-εον
1465 5551 1556 5623 μὲν
1610 5547 1997 5625 dimsit-intota

1696 5547 2062 5625 :éi'tirt'rovuuj
2170 5547 2426 5608 Historiae
2455 5548 2509 5605 S.
2532 5549 2599 5606 Ν.
2635 5551 2711 5616 Τ.,
2745 5555 2886 5606 tom.
2921 5553 2964 5622 Ι,
3000 5569 3132 5625 pag.
3160 5555 3276 5609 114.

420 5622 537 5677 τοῖς
569 5621 623 5672 αἱ
684 5618 822 5683 eum
880 5618 1248 5699 Γραφαῖίκαῖ
1297 5618 1548 5699 ἀδελφῶν
1607 5620 1664 5677 δὲ
1720 5643 1881 5677 τινων
1949 5620 2058 5676 ἐστὶ
