4026 6214
335 398 490 459 1173

1285 400 1638 462 ΝΟΤΙΤῙΑ.
1685 430 1762 442 -
1804 397 1846 456 1.
1894 397 1995 457 DE
2040 397 2228 458 VITA
2270 397 2332 458 S.
2384 398 2825 460 MELITONIS.

3582 407 3733 467 1174

333 531 507 602 cujus
539 530 882 588 concinnam
916 534 972 587 et
1002 532 1231 588 brevem
1266 532 1417 588 hanc
1450 534 1724 590 dabimus
1747 535 2196 606 descriptionem
2229 533 2698 606 geographicam.
2732 533 2952 599 Sardis,
2989 534 3254 592 Sardium
3277 536 3484 609 plurali
3509 543 3735 596 tantum

333 637 600 686 numero,
636 619 743 675 fuit
795 623 936 675 urbs
967 619 1157 692 Lydia:
1193 622 1327 692 (11),
1370 621 1429 676 in
1474 623 1611 677 Asia
1644 623 1885 689 Minore,
1919 622 2148 677 Pactole
2192 623 2304 692 (I2)
2340 622 2588 678 aurifero
2641 622 2878 676 ﬂumine
2928 625 3256 696 notissima,
3290 645 3416 698 quae
3461 629 3734 686 ﬂexuosis

333 709 610 764 Menandri
643 709 834 764 amnis
867 709 1204 765 recursibus
1243 712 1496 782 perfusa,
1553 729 1727 783 super
1757 712 1974 767 Ioniam
2029 713 2308 784 procedit,
2346 711 2601 784 Phrygiae
2633 713 2703 767 ab
2736 718 2936 768 exortu
2972 714 3112 772 solis
3159 717 3373 784 vicina,
3408 720 3478 773 ad
3511 725 3737 790 septen-

333 801 583 856 trionem
619 799 850 862 Moesiae,
877 799 1201 856 meridiana
1231 810 1388 872 parte
1419 803 1597 858 Caria:
1633 808 1852 872 partem
1887 801 2260 873 amplectens.
2297 802 2484 871 Hujus
2515 819 2650 873 ergo
2676 803 2856 874 Lydiae
2895 804 3029 860 urbs
3053 813 3104 859 et
3127 811 3299 877 Caput
3325 807 3432 860 fuit
3461 809 3730 864 Sardium

331 891 574 959 civitias,
608 892 738 948 aliis
773 886 970 964 Σάρδις
1002 892 1130 947 aliis
1162 909 1296 947 vero
1331 887 1559 965 Σάρδεις
1620 893 1813 947 Graece
1863 896 2064 947 vocata
2096 892 2226 961 (13),
2269 891 2419 946 inter
2465 891 2801 960 Thyatiram
2849 900 2905 948 et
2957 894 3416 966 Philadelphiam
3451 898 3561 967 (14)
3594 899 3729 967 sita,

332 980 542 1035 Tmolo
577 980 758 1035 monti
794 980 1088 1035 fortunato
1131 980 1398 1050 adjacens
1458 981 1586 1050 (15),
1621 980 1792 1051 cujus
1823 980 1950 1036 Stra

2061 979 2173 1051 (16)
2205 979 2356 1034 hanc
2415 979 2574 1033 dedit
2604 979 3053 1051 descriptionem
3081 1000 3093 1036 :
3121 983 3192 1038 At
3225 979 3282 1036 δὲ
3313 980 3538 1056 Σάρδεις
3567 983 3730 1046 πόλις

330 1067 440 1122 ἐστῖ
476 1066 982 1144 μεγάλη,νεωτέρα
1011 1069 1102 1142 μὲν
1165 1073 1273 1123 τῶν
1334 1073 1614 1143 Τρωϊκῶν,
1655 1068 1860 1147 ἀρχαία
1894 1065 1949 1122 δὲ
1981 1067 2155 1141 ὅμως,
2222 1066 2358 1142 ἄκρα
2415 1070 2603 1145 εὐερκῆ
2661 1065 2882 1144 ἔχουσαι,
2947 1068 3220 1144 βασίλειον
3279 1069 3335 1126 δὲ
3367 1071 3569 1145 ὕπηρξε
3624 1078 3737 1127 τῶν

330 1155 547 1214 Λυδῶν.
583 1183 609 1210 ‹‹
650 1160 851 1216 Sardis
884 1160 1024 1215 urbs
1055 1167 1140 1216 est
1173 1177 1408 1232 magna,
1437 1160 1719 1232 posterior
1748 1160 1983 1231 quidem
2009 1159 2256 1216 urbibus
2283 1161 2573 1232 Trojanis,
2602 1166 2829 1218 vetusta
2849 1166 3066 1233 tamen,
3089 1179 3252 1219 arces
3286 1161 3507 1220 habens
3539 1165 3730 1220 muni-

328 1249 613 1321 tissimus,
640 1249 865 1321 fuitque
895 1248 1033 1306 olim
1068 1250 1356 1323 Lydorum
1382 1249 1614 1322 regia.»
1651 1249 1812 1306 Unde
1837 1266 2067 1322 quoque
2097 1249 2372 1306 Horatius
2403 1250 2554 1323 (t7):

1287 1394 1429 1463 Quid
1456 1393 1725 1449 concinna
1753 1397 1962 1461 Samos,
1993 1395 2124 1468 quid
2155 1395 2327 1452 Crzci
2351 1395 2504 1464 regia
2531 1395 2724 1451 Sardis
2746 1397 2774 1450 ?

323 1536 548 1610 Opibus
580 1544 754 1609 atque
785 1536 1002 1592 divitiis
1039 1536 1162 1592 haec
1193 1538 1356 1606 urbs,
1397 1543 1453 1594 et
1483 1541 1675 1596 omnis
1707 1539 1892 1612 Lydia":
1925 1539 2106 1612 regio,
2147 1539 2313 1595 valde
2367 1539 2707 1607 abundavit,
2768 1538 2904 1594 hinc
2950 1542 3006 1594 et
3057 1539 3266 1611 adagia
3323 1539 3730 1612 innotuerunt,

323 1651 351 1677 «
386 1627 574 1684 Craaso
630 1628 866 1683 ditior»
913 1631 970 1682 et
1009 1651 1034 1677 ‹‹
1071 1627 1238 1682 Midae
1288 1645 1449 1699 opes.
1494 1652 1521 1679 »
1562 1630 1899 1686 Celebratur
1948 1630 2200 1686 maxime
2249 1630 2320 1685 ob
2370 1647 2628 1702 purpura
2665 1629 2928 1700 tingendi
2977 1634 3158 1685 artem
3212 1635 3268 1686 et
3312 1631 3384 1686 ob
3441 1633 3726 1701 tapetium

321 1718 963 1791 praestantissimorum,
996 1719 1209 1788 quibus
1255 1717 1688 1775 indormiebant
1714 1723 1972 1789 ,veteres,
2022 1723 2310 1775 texturam
2355 1720 2490 1790 (18),
2526 1719 2679 1774 unde
2728 1718 2873 1773 illud
2907 1721 3183 1775 Varronis
3219 1721 3364 1790 (19):
3401 1743 3429 1769 α
3463 1720 3621 1776 Cubo
3666 1721 3728 1776 in

315 1806 674 1863 Sardianicis
718 1807 1028 1878 .tapetibus
1079 1806 1227 1861 inter
1273 1806 1596 1863 cblamides
1653 1812 1709 1864 et
1759 1824 2052 1880 purpurea
2098 1808 2368 1863 amicula.
2403 1830 2430 1856 ››
2473 1812 2604 1862 Hazc
2655 1809 3008 1879 czeteroquin
3052 1809 3258 1865 civitas
3309 1826 3442 1864 cum
3489 1811 3727 1865 Sardica

317 1897 483 1963 urbe,
537 1914 666 1969 quae
723 1914 756 1952 a
786 1896 1023 1952 Claudio
1079 1895 1387 1952 Ptolomaeo
1420 1897 1529 1968 (‘20)
1563 1899 1716 1953 inter
1743 1897 2000 1952 Thracias
2031 1897 2290 1953 civitates
2324 1898 2774 1953 mediterraneas
2824 1904 3186 1964 numeratur,
3219 1904 3272 1954 et
3316 1899 3559 1954 concilio
3591 1901 3727 1954 Sar-

316 1987 567 2054 dicensi,
608 1988 665 2042 in
699 2005 875 2042 causa
897 1986 1294 2042 Athanasiana
1325 1987 1630 2056 celebrato,
1662 1987 1910 2044 illustris
1953 1991 2061 2055 est,
2094 2003 2209 2043 non
2242 1988 2412 2044 debet
2443 1989 2740 2057 confundi,
2776 2004 2964 2059 neque
3004 2005 3138 2044 cum
3185 1989 3456 2043 Sardinia
3506 1989 3726 2056 insula,

313 2077 489 2148 cujus
523 2075 718 2132 incolae
746 2076 930 2144 Sardi,
964 2075 1165 2131 Sardoi
1205 2080 1262 2132 et
1290 2076 1606 2132 Sardenses
1630 2094 1859 2149 quoque
1887 2081 2186 2145 vocantur,
2220 2082 2275 2133 et
2305 2078 2374 2133 de
2405 2077 2619 2149 quibus
2653 2075 2790 2134 nota
2822 2079 3097 2133 suntduo
3133 2078 3451 2148 proverbia,
3485 2101 3511 2128 «
3549 2079 3718 2133 Sardi

312 2165 572 2234 venales,
599 2187 626 2215 ››
658 2165 882 2221 scilicet
905 2166 975 2221 de
997 2165 1209 2221 vilibus
1241 2170 1297 2221 et
1323 2167 1694 2238 contemptis,
1734 2187 1755 2216 ι
1791 2168 2111 2223 Sardonius
2140 2167 2316 2234 risus,
2345 2190 2372 2216 »
2401 2168 2470 2223 de
2503 2169 2620 2222 risu
2647 2167 2781 2223 ﬁcto
2812 2171 2909 2222 aut
2941 2168 3016 2235 ei,
3041 2168 3137 2238 qui
3163 2168 3310 2222 ridet
3331 2167 3546 2222 exitiali
3576 2168 3712 2238 ('21).

309 2255 532 2310 Sardus
566 2254 761 2326 itaque
793 2263 845 2310 et
877 2254 1177 2310 Sardensis
1211 2259 1298 2310 est
1334 2271 1364 2310 e
1393 2255 1681 2324 Sardinia,
1733 2256 2095 2312 Sardicensis
2126 2273 2156 2310 e
2184 2256 2450 2323 Thracia,
2503 2257 2826 2312 Sardianus
2869 2272 3002 2312 vero
3044 2273 3074 2312 e
3107 2256 3302 2327 Lydia.
3353 2255 3518 2324 Hinc,
3562 2256 3719 2326 quod

312 2345 488 2417 paulo
522 2345 794 2416 superius
824 2345 882 2400 in
917 2347 1319 2415 notajamjam
1351 2345 1810 2413 observavimus,
1843 2347 2033 2402 Melito
2066 2347 2263 2402 minus
2309 2352 2465 2402 recte
2495 2365 2526 2400 a
2557 2347 2841 2418 dignitate
2876 2346 3271 2402 ecclesiastica
3318 2351 3556 2400 vocatur
3593 2349 3722 2400 Sar-

315 2435 519 2490 densis
553 2453 566 2502 ;
601 2435 738 2490 hinc
770 2451 940 2506 porro
981 2434 1377 2505 corrigendus,
1410 2435 1678 2491 Chronici
1734 2437 2105 2492 Alexandrini
2141 2435 2448 2507 interpres,
2482 2435 2577 2506 qui
2615 2434 2757 2490 illud
2792 2434 3080 2490 auctoris:
3125 2431 3376 2488 Μελίτων
3408 2429 3722 2506 Σαρδιανῶν

311 2520 412 2584 ὲπς
444 2524 650 2579 vertit:
697 2545 722 2576 ι
757 2524 945 2580 Melito
978 2524 1414 2579 Sardicensium
1459 2524 1737 2596 pontifex,
1772 2547 1800 2574 »
1849 2525 2161 2582 dicendum
2209 2529 2331 2580 erat
2381 2523 2822 2579 Sardianorum.
2883 2523 3060 2580 Hodie
3109 2523 3522 2580 ﬂorentissima
3575 2523 3714 2578 olim

305 2613 538 2682 civitas,
570 2613 792 2670 viculus
823 2619 913 2670 est
944 2613 1238 2686 ignobilis,
1271 2629 1446 2684 quem
1477 2613 1648 2668 Turci
1702 2618 1923 2682 tenent,
1956 2620 2014 2670 et
2041 2616 2174 2670 Sart
2230 2619 2462 2681 vocant,
2494 2613 2646 2670 mdes
2677 2614 2849 2669 habet
2881 2619 3165 2685 angustas
3197 2618 3255 2668 et
3282 2611 3557 2676 humiles,
3585 2612 3714 2666 sine

306 2703 640 2776 Splendore,
671 2704 798 2760 sine
827 2709 1072 2760 ornatu:
1103 2703 1264 2758 nulla
1296 2702 1374 2758 ibi
1406 2703 1669 2772 ecclesia,
1702 2703 1847 2758 nulli
1875 2704 2208 2772 Christiani,
2243 2721 2347 2760 nec
2393 2703 2537 2760 alios
2587 2705 2700 2759 fere
2734 2704 2952 2759 incolas
2985 2704 3160 2759 habet
3206 2707 3408 2775 praeter
3451 2707 3711 2774 pastores

299 2799 361 2848 et
393 2791 698 2858 bubulcos,
733 2793 830 2864 qui
863 2793 920 2848 in
955 2793 1151 2864 ampla
1180 2797 1236 2847 ct
1261 2793 1698 2863 jucundissima
1729 2794 1993 2865 planitie,
2027 2811 2157 2865 quae
2182 2795 2305 2850 vico
2336 2794 2473 2850 huic
2503 2794 2899 2866 praetenditur,
2932 2811 3177 2866 gregum
3208 2797 3264 2849 et
3293 2796 3695 2848 armentorum

297 2884 378 2938 ibi
413 2885 854 2954 depascentium
888 2900 1082 2939 curam
1114 2889 1316 2954 agunt.
1348 2883 1657 2939 Publicum
1691 2884 1766 2940 ibi
1802 2884 2039 2957 quidem
2065 2885 2382 2956 hospitium
2409 2885 2702 2957 quoddam
2735 2888 2842 2950 est,
2866 2890 2958 2939 ast
2979 2885 3170 2940 nullos
3193 2884 3305 2940 nisi
3330 2889 3532 2939 Persas
3553 2900 3698 2938 mer-

295 2983 557 3028 caturam
591 2975 873 3046 gregatim
897 2977 1228 3029 exercentes
1258 2973 1614 3044 (CaravaniS)
1639 2975 1843 3046 recipit
1875 2973 2330 3046 peregrinantes.
2363 2975 2428 3030 In
2450 2976 2691 3030 australi
2719 2975 2952 3047 regione
2973 2975 3235 3047 ingentes
3258 2973 3508 3046 antiquae
3535 2973 3696 3030 urbis

294 3063 471 3120 hodie
498 3064 688 3119 adhuc
731 3069 962 3120 exstant
993 3065 1194 3126 ruinis,
1228 3063 1440 3133 quibus
1469 3064 1610 3119 visis
1635 3063 1801 3119 facile
1856 3063 2097 3135 quilibet
2129 3064 2324 3120 animo
2374 3065 2674 3136 concipere
2720 3070 2927 3136 potest,
2971 3081 3146 3136 quam
3188 3064 3499 3134 magnifica
3556 3061 3697 3117 olim

293 3153 495 3221 fuerit,
513 3169 688 3224 quam
710 3152 1085 3224 splendidaet
1107 3151 1360 3224 superba
1373 3157 1682 3224 antequam
1701 3157 2036 3208 verteretur.
2064 3153 2418 3211 Debeohanc
2440 3153 2785 3210 relationem
2809 3153 3183 3209 celeberrimo
3204 3153 3312 3208 Th.
3339 3151 3567 3208 Smitho
3589 3151 3700 3222 (2'2)

288 3324 354 3378 τὸ
396 3323 597 3393 κτητὸν
634 3318 1012 3396 Σαρδιανικὸς.
1045 3347 1072 3374 ‹‹
1096 3324 1292 3379 Sardis
1325 3324 1466 3380 urbs
1493 3325 1678 3396 Lydiae
1709 3340 1938 3396 magna,

295 3397 442 3451 civis
495 3397 709 3450 dicitur
753 3396 1072 3451 Sardianus
1102 3406 1156 3451 et
1205 3396 1506 3463 Sardiana,
1544 3399 1938 3466 possessivum

291 3474 384 3523 est
431 3468 829 3523 Sardianicus.
877 3489 905 3516 »
967 3471 1131 3521 Patet
1183 3470 1386 3523 exinde
1442 3469 1776 3524 Melitonem
1825 3486 1939 3523 non

293 3539 415 3595 sive
447 3541 583 3593 vitio
614 3539 1100 3594 communissime
1133 3539 1438 3594 Sardensis
1469 3544 1815 3610 cognomine
1846 3557 1938 3609 ap-

297 3609 526 3681 pellari,
559 3626 690 3682 cum
738 3615 928 3665 tamen
960 3611 1280 3665 Sardianus
1313 3614 1383 3664 sit
1414 3609 1935 3682 cogn’ominandus.

295 3683 414 3737 Vox
459 3683 614 3737 enim
659 3681 987 3749 Sardensis,
1041 3690 1189 3737 recte
1240 3681 1580 3736 observante
1633 3681 1937 3747 Halloixio,

298 3756 491 3824 magis
523 3768 655 3807 eum
690 3753 982 3824 signiﬁcat
1011 3754 1113 3824 qui
1147 3754 1463 3808 eSardinia
1494 3757 1600 3820 est,
1635 3769 1809 3824 quam
1835 3753 1934 3822 qui

294 3840 326 3878 e
357 3825 662 3879 Sardibus.
699 3847 726 3874 α
760 3825 1026 3880 Sardinia
1073 3841 1243 3894 porro
1273 3830 1362 3879 est
1389 3826 1447 3878 in
1478 3827 1688 3889 Africa,
1732 3824 1934 3878 Sardis

294 3913 430 3950 vero
462 3897 520 3951 in
553 3896 708 3951 Asia.
742 3901 880 3967 Cum
942 3896 1117 3967 igitur
1145 3897 1365 3951 Sardus
1397 3896 1472 3950 sit
1504 3895 1575 3959 is,
1608 3896 1705 3965 qui
1737 3911 1776 3967 Ae
1808 3895 1936 3949 Sar-

296 3967 479 4034 dinia,
507 3967 679 4022 etiam
729 3965 1015 4022 Sardensis
1048 3984 1114 4022 ex
1147 3968 1484 4036 cognatione
1521 3965 1933 4021 formationum

294 4045 528 4110 recepta
562 4038 990 4110 Sardiniensem
1033 4039 1383 4110 designabit.
1419 4061 1445 4087 ››
1490 4042 1780 4092 Hactenus
1806 4036 1930 4110 ille.

293 4109 490 4165 Tullio
549 4116 726 4175 certe,
777 4109 960 4164 Plinio
1027 4116 1084 4165 et
1128 4109 1260 4164 aliis
1302 4111 1500 4165 Latine
1560 4109 1933 4180 loquentibus

296 4181 617 4237 Sardianus
666 4187 774 4247 est,
821 4181 922 4251 qui
966 4197 994 4235 e
1048 4182 1372 4248 Sardibus;
1426 4181 1646 4236 Sardus
1700 4197 1836 4235 vero
1879 4185 1934 4235 et

291 4254 602 4308 Sardensis
625 4259 677 4307 et
699 4254 951 4307 Sardous
967 4254 1064 4322 qui
1085 4253 1415 4308 eSardinia.
1437 4253 1546 4308 Sed
1573 4252 1692 4306 hac
1723 4251 1930 4307 obiter.

361 4324 473 4394 (11)
507 4325 749 4389 Plinius,
786 4325 1042 4380 Historiae
1069 4325 1343 4378 naturalis
1372 4324 1468 4378 lib.
1500 4341 1552 4387 v,
1581 4341 1628 4377 c.
1651 4325 1718 4376 29
1741 4339 1804 4395 τι(
1836 4323 1932 4395 Ly-

289 4397 408 4463 dia,
442 4397 652 4467 inquit,
685 4395 1010 4452 celebratur
1049 4397 1302 4450 maxime
1341 4396 1622 4450 Sardibus
1664 4395 1719 4467 in
1755 4394 1932 4450 latere

291 4468 477 4523 Tmoli
529 4466 764 4533 montis,
809 4468 908 4538 qui
967 4473 1137 4521 antea
1193 4467 1454 4521 Timolus
1505 4466 1926 4592 aBpellabatur,

291 4539 509 4592 vitibus
543 4539 819 4592 consitus.
853 4545 909 4592 et
949 4555 1018 4592 ex
1059 4554 1124 4592 eo
1180 4538 1496 4592 profluente
1590 4537 1800 4592 actolo.
1833 4555 1926 4592 eo-

288 4539 509 4594 vitibus
543 4537 909 4607 consitus,et
949 4555 1018 4593 ex
1059 4554 1124 4592 eo
1180 4538 1496 4608 profluente
1545 4537 1800 4602 Pactolo,
1833 4555 1926 4592 eo-

288 4613 543 4738 get-mque
573 4611 992 4736 clhrysorrhoa;
1027 4609 1309 4664 Sardiana
1329 4626 1483 4665 nunc
1510 4609 1836 4681 appellatur
1864 4624 1932 4664 ea

335 4702 346 4737 ι
381 4699 458 4738 ιο.
492 4704 521 4730 ››
554 4696 582 4736 e
613 4698 660 4737 c.

334 4684 458 4745 itio,
492 4704 521 4730 ››
554 4686 660 4737 etc.

363 4754 478 4826 (12)
535 4753 766 4819 Strabo,
798 4753 880 4826 Ain
941 4752 1452 4826 Geoyraphiasiue
1494 4752 1560 4806 de
1605 4753 1714 4826 situ
1757 4750 1926 4826 orbis,

285 4821 391 4896 libV.
426 4821 549 4890 xm,
592 4841 720 4896 pag.
753 4824 877 4896 596,
920 4825 1010 4878 cd.
1041 4821 1166 4878 Bis.
1196 4824 1354 4896 1549,
1385 4824 1480 4878 fol.
1515 4828 1610 4896 Gr.
1635 4824 1793 4896 Lata:
1819 4821 1932 4876 Ῥεῖ

288 4893 346 4950 δὲ
379 4896 406 4949 ὁ
441 4892 736 4954 Πακτὶυλὸς
774 4893 880 4947 ἀπὸ
928 4897 1022 4948 τοῦ
1054 4892 1317 4966 λΤμώλονέ
1357 4893 1671 4966 καταφέρων
1731 4893 1793 4966 τρ
1823 4913 1930 4966 παι-

288 4966 444 5022 λαιὸν
479 4971 688 5043 χρρσοῦ
710 4969 914 5043 ψῆγμοι
937 4962 1224 5043 πολὺζάςΐ
1259 4963 1320 5043 οῆ
1367 4966 1458 5019 τὸν
1495 4962 1735 5043 Χροέσοζ)
1765 4962 1926 5038 λεγό-

289 5059 455 5112 μενον
474 5033 920 5112 μ’ἷιλοῦτοῖθξὲιιὶ
981 5041 1087 5112 τῶν
1147 5033 1429 5112 π’ρογᾷνῳν
1463 5033 1650 5112 ριύὲοῦΔ
1694 5033 1928 5112 διονᾴμα

286 5108 482 5187 scatat
514 5130 663 5187 φασι.
703 5133 722 5158 ι
761 5116 802 5161 Α
835 5108 1429 5187 Tmolo_autem'ﬂuit
1462 5109 1753 5187 Pactolus,
1787 5110 1926 5187 olim

284 5184 476 5239 multa
507 5180 636 5237 auri
669 5187 933 5236 ramenta
962 5181 1249 5247 deferens,
1287 5182 1442 5236 unde
1473 5180 1650 5237 Graeci
1683 5197 1822 5252 opes
1873 5185 1930 5234 et

286 5257 580 5321 majorum
615 5255 742 5321 ejus
774 5253 1094 5308 celebratas
1119 5252 1330 5307 ferunt.
1366 5276 1393 5302 »

354 5326 467 5396 (13)
496 5324 621 5379 Νοιι
656 5325 870 5378 desunt
901 5325 1000 5394 qui
1033 5325 1463 5395 aanigmaticum
1489 5340 1700 5378 nomen
1732 5323 1926 5377 hario-

279 5398 482 5452 lantur
528 5413 593 5451 ex
633 5409 720 5455 LV!
760 5418 788 5444 (ί
826 5397 1114 5466 princeps,
1151 5418 1178 5444 ››
1223 5402 1326 5449 aut
1371 5407 1561 5466 '1‘.ch
1607 5396 1864 5449 amussis
1899 5416 1924 5442 ››

281 5475 385 5524 aut
430 5479 577 5528 'ti'iw
627 5488 655 5516 «
691 5465 1011 5537 superstes,
1034 5465 1075 5516 3)
1127 5467 1342 5536 quibus
1401 5465 1674 5535 cogitatis
1728 5465 1925 5520 nullus

282 5541 458 5596 hodie
491 5539 696 5594 modus
725 5545 834 5593 est.
866 5539 1081 5608 Spanh.
1113 5545 1306 5610 Geogr.
1340 5553 1520 5594 sacrae
1549 5548 1598 5592 et
1629 5538 1923 5592 ecclesiast.

285 5612 550 5686 pag._65;
585 5610 840 5686 Operum
873 5613 1014 5686 tom.
1042 5610 1080 5664 Ι.

357 5678 468 5753 (14)
519 5678 730 5737 Ρινειέῐθι·
759 5681 866 5753 has
919 5682 1094 5737 urbes
1139 5682 1197 5736 in
1255 5681 1433 5753 Lydia
1463 5697 1631 5753 porro
1671 5678 1925 5753 celebres

281 5751 524 5810 fuerunt
544 5751 966 5823 Philadelphia,
987 5753 1256 5822 Tripolis,
1277 5751 1518 5816 Tralles,
1540 5751 1835 5822 Magnesia
1852 5751 1924 5805 ad

285 5824 554 5898 Sipylum
587 5827 868 5898 montem,
900 5831 958 5880 et
989 5823 1104 5898 alia
1124 5824 1416 5898 Magnesia
1441 5823 1924 5898 ad__Mrean_drum,

285 5893 565 5975 sypmpa;
596 5893 1024 5974 HierocteSarea
1079 5893 1470 5970 Leucophrys,
1509 5893 1685 5970 Nysa,
1715 5894 1924 5954 Teme-

2054 3323 2316 3450 ngtthylraa
2343 3329 2398 3450 sit
2418 3324 2827 3398 Aureliopolis.
2861 3323 3000 3380 Cell.
3027 3324 3216 3396 Geogr.
3241 3325 3416 3394 antz‘q.
3454 3338 3582 3395 pag.
3607 3323 3697 3392 50,

2054 3413 2082 3450 e
2130 3414 2190 3450 ι.
2270 3413 2339 3450 οη
2392 3439 2405 3450 .

2053 3398 2190 3452 edit.
2224 3399 2405 3452 Lond.

2124 3470 2472 3555 (152‘St'rabo
2497 3485 2526 3554 ﬂ:
2572 3467 2888 3555 Ὑπὲξκειτα
3005 3473 3114 3521 τῶν
3173 3463 3475 3555 Σάρδωχηὲ

2055 3535 2151 3598 λος
2188 3535 2460 3611 εὐδαίμων
2492 3539 2639 3611 ὅρος.
2693 3535 2878 3610 Geogr.
2918 3540 3019 3596 lib.
3052 3556 3176 3605 xm,
3211 3535 3338 3609 pag.
3371 3540 3497 3595 596.
3531 3535 3688 3596 Edit.

2055 3609 2227 3664 Basil.
2263 3612 2419 3665 15-19.

2151 3683 2234 3748 16)
2270 3683 2425 3736 Idem
2459 3679 2584 3734 loco
2615 3681 2810 3736 citato.

2146 3753 2229 3824 l7)
2255 3753 2624 3824 Epistolarum
2655 3751 2753 3806 lib.
2788 3769 2828 3816 ι,
2861 3752 3028 3824 epist.
3062 3753 3149 3807 11.

2144 3822 2227 3893 18)
2269 3825 2476 3878 Confer
2507 3822 2655 3878 hanc
2688 3824 2744 3876 in
2779 3839 2901 3878 rem
2931 3823 3055 3878 Jac.
3090 3824 3274 3878 Hasaei
3307 3825 3448 3881 diss.
3489 3827 3559 3884 de
3591 3829 3684 3884 in.

2044 3893 2303 3963 quinatis
2327 3895 2729 3949 Sardiensium
2751 3894 3119 3949 vestimentis
3143 3895 3213 3949 ad
3232 3895 3682 3955 illustrationem

2044 3965 2282 4036 Apocal.
2306 3983 2392 4036 III,
2415 3966 2464 4032 4,
2488 3981 2611 4035 qua:
2639 3965 2696 4020 in
2720 3965 3062 4020 Bibliotheca
3090 3970 3377 4022 Bremcnsi
3400 3973 3556 4024 tomo
3585 3972 3683 4034 III,

2048 4037 2188 4092 fasc.
2221 4055 2282 4104 ιι,
2315 4053 2371 4091 ιι.
2406 4039 2458 4090 4.
2493 4052 2624 4108 pag.
2669 4053 2747 4090 m.
2790 4037 2916 4100 253,
2963 4041 3172 4102 exstat,
3214 4042 3271 4091 et
3317 4039 3530 4095 Christ.
3563 4042 3684 4096 Biel

2045 4109 2187 4164 diss.
2223 4111 2294 4164 De
2323 4107 2771 4178 Purpura’Lydia
2799 4110 2869 4164 ad
2901 4110 3025 4163 Act.
3057 4125 3172 4176 xvr,
3206 4110 3295 4175 14,
3323 4112 3465 4167 Bibl.
3502 4115 3682 4169 Brem.

2044 4185 2183 4236 tom.
2224 4183 2291 4242 ll,
2327 4182 2466 4236 fasc.
2499 4197 2584 4245 ιιι,
2620 4197 2676 4234 ιι.
2708 4183 2763 4246 2,
2795 4197 2850 4251 p.
2884 4181 3008 4234 331.

2116 4253 2230 4322 (19)
2278 4253 2356 4326 Ex
2404 4251 2806 4326 ejusﬂercule
2855 4251 3134 4309 Socratico
3187 4255 3342 4326 apud
3403 4256 3682 4325 Nonium,

2045 4323 2245 4379 Hasaeo
2276 4325 2518 4395 citante,
2541 4323 2696 4376 dicta
2723 4324 2866 4380 diss.
2902 4341 3032 4395 pag.
3057 4326 3182 4380 303.

2113 4397 2223 4466 (20)
2255 4394 2612 4464 ϐεοθναρήἱέε
2647 4395 2745 4448 lib.
2780 4410 2865 4458 ιιι,
2899 4394 3025 4465 cap.
3067 4398 3151 4450 11.

2114 4467 2225 4536 (21)
2264 4468 2508 4540 Utroque
2542 4467 2822 4540 usust'u‘it
2853 4467 3069 4532 Cicero,
3107 4468 3280 4538 priori
3309 4470 3542 4540 quidem
3580 4472 3677 4526 lib.

2041 4553 2138 4609 vn,
2178 4536 2565 4609 Epistolarum
2628 4537 2697 4590 ad
2751 4537 3003 4606 (li-versos,
3046 4536 3136 4609 ep.
3188 4541 3276 4604 24,
3327 4536 3398 4594 ad
3435 4542 3680 4598 Fabium

2043 4608 2312 4663 Gallum:
2353 4628 2379 4660 ι
2420 4608 2607 4662 Habes
2651 4610 2861 4663 Sardes
2903 4608 3135 4664 venales
3187 4609 3366 4666 alium
3425 4613 3538 4667 alio
3571 4631 3674 4667 ne-

2041 4681 2342 4748 quiorem;
2376 4701 2404 4728 ››
2455 4680 2633 4733 altero
2678 4686 2872 4734 autem
2934 4681 3302 4747 Epistolarum
3358 4683 3460 4738 lib.
3515 4685 3676 4740 citat.

2040 4765 2131 4822 ep.
2165 4752 2254 4818 35,
2296 4751 2366 4805 ad
2428 4751 2697 4805 eumdem
2759 4751 2913 4805 hunc
2961 4753 3018 4804 in
3063 4753 3336 4808 modum:
3390 4776 3418 4802 α
3452 4755 3676 4810 Videris

2039 4822 2191 4877 enim
2243 4822 2385 4892 mihi
2426 4823 2630 4892 vereri.
2664 4837 2734 4876 ne
2767 4822 2878 4876 nisi
2910 4823 3078 4876 illum
3111 4825 3460 4892 caverimus,
3495 4827 3678 4881 ridea-

2041 4910 2172 4948 mus
2219 4891 2433 4967 γέλωτα
2483 4889 2886 4968 Σαρδ-ώγιονηῃ
2944 4894 3086 4949 Vide
3138 4889 3534 4968 Lloydium'in
3569 4899 3675 4952 Lex

2038 4965 2242 5036 geogra'
2281 4981 2416 5020 voce
2470 4966 2760 5029 Sardinia,
2823 4965 3126 5021 Erasmum
3178 4965 3258 5022 in'
3297 4967 3559 5034 Chiliad.,
3619 4976 3675 5024 et

2037 5037 2223 5092 Avrel.
2257 5036 2576 5110 Victorem,
2610 5038 2682 5091 De
2709 5036 2872 5110 viris
2896 5037 3212 5110 illustribus
3243 5054 3368 5107 cap.
3417 5042 3507 5101 57,
3541 5056 3672 5110 pag.

2041 5110 2162 5175 198,
2205 5109 2338 5162 edit.
2368 5109 2590 5162 Batavis
2622 5124 2748 5178 quas
2782 5109 2940 5175 1696,
2965 5109 3263 5178 Ultrajecti
3286 5114 3440 5164 Sam.
3474 5111 3674 5166 Pitisci

2039 5196 2178 5235 cura
2204 5197 2337 5234 cum
2371 5181 2659 5233 variorum
2697 5183 2813 5233 not.
2857 5182 3066 5248 prodiit
3107 5181 3249 5234 in-8.

2112 5256 2215 5320 (22)
2249 5256 2312 5305 1η
2343 5251 2557 5319 Septem
2607 5252 2741 5304 Asiae
2774 5250 3138 5305 Ecclesiarum
3187 5257 3239 5305 et
3293 5253 3680 5307 Constantino-

2037 5323 2216 5395 poleos
2245 5324 2463 5384 notitia,
2496 5322 2738 5389 Traiecti
2767 5322 2835 5374 ad
2871 5321 3051 5376 Rhen.
3081 5323 3238 5395 1691.
3264 5324 3401 5391 in-8,
3427 5340 3562 5395 pag.
3583 5326 3676 5380 27.

2039 5394 2105 5448 Et
2162 5405 2292 5448 ante
2335 5409 2469 5447 eum
2521 5402 2773 5466 exactam
2835 5409 3066 5466 quoque
3112 5394 3320 5448 harum
3371 5394 3674 5466 regionum

2038 5465 2487 5532 descriptionem
2541 5465 2701 5516 dedit
2747 5463 2908 5535 Paul.
2944 5464 3150 5518 Ricaut
3179 5465 3313 5534 Esq.
3360 5463 3676 5535 Anglorum

2039 5537 2191 5606 apud
2225 5538 2606 5608 Smyrnenses
2655 5550 2753 5608 per
2802 5533 3038 5608 longum
3088 5533 3370 5606 temporis
3421 5533 3677 5608 spatium

2037 5606 2240 5663 consul
2275 5609 2332 5660 in
2384 5606 2532 5660 libro
2587 5606 2825 5677 Anglico
2861 5621 2872 5658 :
2923 5607 3022 5661 The
3065 5611 3279 5675 present
3320 5606 3468 5663 state
3495 5612 3562 5677 of
3590 5612 3680 5663 the

2039 5680 2206 5734 Greek
2229 5678 2344 5732 and
2369 5679 2682 5732 Armeniam
2749 5675 3040 5741 Churches,
3073 5680 3284 5732 written
3316 5684 3371 5733 at
3411 5681 3498 5734 the
3529 5675 3679 5735 com-

2038 5749 2205 5822 mund
2235 5752 2298 5821 of
2320 5749 2403 5804 his
2430 5747 2883 5822 illaiesti/LLond.
2915 5749 3077 5822 11579,
3108 5749 3260 5822 in-8,
3294 5751 3397 5803 452
3431 5752 3673 5822 paginas

2035 5819 2309 5894 impleas,
2341 5838 2456 5892 quo
2483 5820 2632 5894 libro
2665 5820 2780 5894 Th.
2807 5820 3069 5894 Smithus
3108 5819 3674 5894 haudgmediocriter

2036 5891 2270 5968 quoque
2299 5891 2443 5951 usus
2474 5892 2651 5952 fuisse
2682 5891 2826 5949 mihi
2865 5891 3105 5950 videtur.
3149 5891 3506 5952 Hodiernum
3535 5898 3667 5952 Sar-
