4000 6220
315 247 472 314 11⁵15
1349 241 1416 302 S.
1451 239 1744 301 MELITO
1790 241 2142 305 SARDIUM
2196 243 2640 308 EPISCOPUS.
3574 242 3735 305 1l76

318 381 426 450 Qui
460 384 684 453 septem
737 377 884 435 Asis
916 373 1304 431 Ecclesiarum
1339 373 1789 444 descriptionem
1825 376 2005 444 dedit,
2035 381 2092 433 et
2115 376 2172 432 in
2197 377 2304 434 has
2325 381 2610 435 terrarum
2641 381 2838 450 partes
2861 377 2969 435 iter
3000 377 3255 434 instituit
3275 377 3426 447 ipse,
3454 377 3738 447 ipsasque

317 471 585 545 regiones
617 466 914 524 oculorum
947 462 1090 519 aciei
1122 461 1464 532 subjiciens,
1497 463 1704 518 Sardes
1735 463 1795 519 in
1825 465 2104 521 Sardibus
2129 466 2396 538 qumsivit
2426 472 2481 522 et
2511 467 2676 522 triste
2708 468 3026 524 admodum
3061 466 3268 522 habuit
3298 465 3736 538 spectaculum,

321 577 428 619 nec
460 564 631 616 tantae
674 555 835 610 urbis
859 552 1044 608 ruinis
1076 551 1423 624 illacrymari
1448 553 1676 625 puduit.
1711 554 1934 610 Floruit
1966 556 2021 610 in
2046 556 2155 612 hac
2177 559 2319 613 urbe
2351 558 2490 612 olim
2525 559 2853 614 Christiana
2895 559 3058 628 ﬁdes,
3082 575 3313 614 omnem
3342 558 3508 613 enim
3541 556 3740 611 Asiam

320 655 601 708 Minorem
638 651 860 702 mature
906 643 1217 699 admodum
1270 644 1431 698 Pauli
1483 649 1539 700 ct
1593 644 1744 700 Petri
1791 647 2204 718 praedicatione
2243 648 2540 720 Evangelii
2587 648 2939 705 illustratum
2987 650 3191 718 fuisse,
3237 648 3420 704 latere
3471 664 3582 702 nos
3624 663 3738 702 non

320 743 544 799 faciunt
580 737 841 793 Historiae
873 752 1052 791 sacrae
1087 739 1467 790 monumenta
1496 733 1517 767 ⁷
1550 736 1681 804 (23).
1717 735 2008 808 Praecipue
2041 754 2170 793 vero
2204 743 2408 794 sancto
2431 739 2638 794 Joanni
2675 738 2808 795 Asia
2841 739 3070 811 obtigit,
3099 739 3197 794 diu
3233 739 3332 810 qui
3363 737 3444 793 ibi
3476 753 3743 793 commo-

323 835 486 888 ratus
507 833 614 898 est,
639 825 925 882 Ecclesiae
956 825 1259 880 constituit
1281 825 1488 892 varias,
1517 842 1581 879 ac
1605 824 1813 896 Ephesi
1845 826 2155 898 episcopus
2188 828 2423 883 tandem
2448 828 2592 884 obiit
2611 829 2748 901 (24).
2769 829 2936 884 Forte
2965 829 3163 900 itaque
3186 835 3243 883 et
3274 827 3369 882 hic
3392 826 3746 882 Sardianam

319 917 639 976 Ecclesium
673 914 956 982 fundavit,
985 915 1152 985 cujus
1182 913 1390 986 praesul
1423 914 1774 970 constitutus
1810 919 2010 986 postea
2038 915 2146 972 fuit
2173 915 2389 973 Melito.
2430 916 2532 972 Cui
2567 922 2765 973 autem
2793 916 2854 972 in
2896 917 3002 973 hac
3048 917 3336 989 dignitate
3362 916 3748 979 successerit,

323 1014 380 1066 et
410 1009 541 1080 quis
573 1025 705 1064 eum
741 1008 1044 1062 insecutus
1066 1005 1162 1070 sit,
1198 1021 1310 1060 non
1347 1021 1586 1076 possum
1620 1003 1899 1074 definire;
1932 1005 1988 1060 id
2015 1010 2244 1062 tantum
2278 1023 2394 1063 non
2425 1010 2615 1064 tacere
2633 1007 2834 1075 debeo,
2865 1006 3172 1063 Sardiuam
3207 1006 3528 1062 Ecclesium
3565 1019 3751 1059 unam

326 1117 395 1156 ex
427 1103 652 1171 septem
683 1096 812 1152 istis
834 1094 1104 1151 Asiaticis
1145 1111 1295 1164 esse,
1330 1094 1400 1149 de
1430 1094 1642 1164 quibus
1669 1094 1734 1149 D.
1767 1094 2022 1152 Joannes
2052 1096 2109 1150 in
2142 1095 2511 1169 Apocalypsi,
2545 1097 2865 1169 ordinequo
2895 1096 3184 1169 quintam,
3207 1114 3361 1170 quae,
3395 1096 3758 1152 observante

327 1187 730 1262 Sphan’nemio
758 1185 892 1258 (25),
927 1185 1182 1256 primum
1213 1186 1271 1240 in
1303 1184 1600 1256 provincia
1617 1183 2016 1242 ecclesiastica
2037 1185 2228 1256 Lydiae
2256 1187 2368 1242 sibi
2393 1186 2707 1243 vindicavit
2735 1187 2950 1244 locum.

971 1332 998 1396 §
1029 1329 1164 1385 XIV.
1189 1329 1267 1384 An
1289 1345 1388 1402 per
1415 1327 1679 1400 angelum
1708 1329 1968 1388 Ecclesia:
1998 1331 2207 1401 Sardis,
2231 1349 2316 1404 III,
2353 1331 2544 1389 Melita
2572 1331 2646 1388 sit
2678 1332 3093 1403 intelligendus.

401 1484 548 1538 Sunt
580 1478 821 1552 proinde
874 1476 1027 1531 inter
1070 1474 1328 1532 eruditos
1372 1475 1661 1546 nonnulli,
1695 1476 1796 1548 qui
1845 1492 1980 1532 cum
2013 1477 2071 1532 in
2112 1477 2456 1551 Apocalypsi
2487 1495 2521 1534 a
2557 1479 2778 1535 Joanne
2825 1478 3121 1534 Sardianat
3163 1476 3431 1533 Ecclesia:
3482 1471 3765 1547 episcmpi

332 1572 689 1630 mentionem
711 1570 922 1625 factam
945 1582 1074 1622 esse
1096 1565 1417 1634 inveniant,
1445 1565 1778 1622 Melitonem
1802 1582 1934 1622 eum
1960 1582 2084 1623 esse
2107 1569 2370 1638 credunt,
2393 1569 2464 1624 ad
2489 1584 2660 1641 quem
2685 1569 2742 1623 B.
2765 1569 3022 1624 Joannes
3043 1568 3219 1624 verba
3239 1567 3450 1623 direxit
3467 1565 3534 1632 8;
3565 1569 3629 1621 et
3662 1562 3767 1634 qui

333 1682 438 1738 per
467 1662 726 1734 angelum
756 1657 1016 1716 Ecclesiae
1044 1657 1260 1725 Sardis,
1295 1656 1387 1711 cui
1419 1672 1584 1712 sacer
1614 1656 1895 1729 propheta
1925 1657 2197 1731 scripsit:
2231 1658 2372 1715 Novi
2410 1663 2505 1714 tua
2531 1661 2706 1729 facta,
2741 1659 2836 1730 qui
2881 1676 3008 1716 cum
3036 1657 3266 1715 viventis
3295 1673 3495 1712 nomen
3525 1654 3767 1722 habeas,

332 1764 580 1813 mortuus
609 1770 684 1820 es,
717 1756 852 1821 etc.,
885 1748 1116 1805 nullum
1147 1745 1325 1803 alium
1359 1745 1807 1818 intelligendum
1829 1763 1958 1804 esse
1980 1749 2360 1818 contendunt,
2386 1765 2564 1820 quam
2597 1754 2884 1805 nostrum.
2911 1749 3097 1820 Hujus
3132 1749 3435 1804 sententia:
3462 1750 3769 1818 patronos

335 1845 600 1903 nominat
643 1841 981 1908 llalloixius,
1010 1841 1240 1895 Petrum
1265 1836 1604 1906 Aureolum,
1623 1838 1856 1894 lEneam
1885 1837 2164 1910 Sylvium,
2184 1838 2519 1912 Philippum
2543 1839 2946 1912 Bergomatem
2969 1850 3026 1896 et
3045 1837 3396 1894 Antiochum
3420 1836 3767 1892 Brondum.

401 1939 516 1993 Hos
547 1935 699 1990 inter
729 1933 991 1989 omnium
1025 1929 1523 1986 conﬁdentissime
1555 1930 1948 1999 pronuntiavit
1978 1930 2246 1986 Brondus
2281 1931 2390 2001 (26)
2425 1930 2582 1986 hunc
2625 1930 2684 1986 in
2737 1931 2969 1987 modum
2991 1947 3010 1985 :
3044 1953 3073 1982 «
3105 1928 3439 1986 Melitonem
3475 1925 3770 1982 Ecclesia

336 2026 614 2086 Sardensi
646 2023 946 2096 praefuisse
978 2026 1236 2094 tempore
1264 2037 1378 2092 quo
1413 2019 1854 2092 archiprophcta
1887 2021 2140 2078 Joannes
2172 2022 2294 2078 haec
2344 2021 2637 2078 scribebat
2664 2021 2888 2093 liquido
2921 2023 3148 2076 constat
3186 2034 3253 2075 ex
3285 2017 3544 2072 Historia
3572 2014 3774 2072 eccle-

337 2116 604 2174 siastica.
647 2112 932 2180 Quoniam
965 2111 1247 2167 Eusebius
1271 2111 1646 2168 Caesariensis
1676 2112 1777 2168 lib.
1803 2128 1878 2180 ιν,
1911 2129 2036 2184 cap.
2073 2113 2158 2180 13,
2195 2115 2265 2169 de
2297 2112 2568 2169 Melitone
2599 2112 2682 2168 sic
2714 2112 2950 2169 scribit:
2983 2111 3065 2168 De
3095 2110 3187 2166 his
3218 2110 3418 2180 itaque
3449 2108 3640 2179 gestis
3673 2111 3764 2162 te-

335 2211 525 2263 statur
547 2205 722 2260 etiam
757 2203 954 2258 Melita
987 2202 1299 2257 Sardensis
1331 2201 1615 2272 parochias
1647 2200 1978 2274 episcopus,
2011 2224 2039 2252 »
2071 2207 2180 2258 etc.
2218 2204 2502 2259 Hactenus
2534 2202 2651 2260 ille.
2684 2205 2756 2258 At
2809 2201 3039 2257 inﬁrma
3071 2200 3336 2270 nullique
3365 2196 3776 2254 emunctioris

337 2295 463 2352 nasi
489 2294 716 2350 erudito
741 2292 982 2363 probata
1004 2292 1312 2347 sententia.
1339 2292 1554 2358 Quaeris
1572 2292 1712 2363 quid
1745 2293 1995 2364 optimos
2019 2291 2196 2349 hosce
2225 2293 2377 2348 viros
2395 2293 2451 2347 in
2476 2292 2625 2348 hanc
2648 2292 2997 2349 sententiam
3021 2291 3364 2356 deduxerit;
3401 2287 3776 2360 respondeo,

339 2387 500 2443 aliud
536 2383 704 2452 nihil,
739 2399 916 2455 quam
951 2383 1105 2453 quod
1137 2386 1341 2453 preeter
1371 2381 1702 2438 Melitonem
1733 2381 1882 2437 alius
1903 2381 2164 2438 Sardiani
2197 2382 2452 2454 episcOpi
2476 2382 2534 2437 in
2567 2383 2750 2440 sacris
2769 2381 3081 2438 annalibus
3114 2379 3335 2435 nullam
3370 2377 3646 2434 invenire
3675 2393 3779 2447 po—

336 2479 602 2532 tuerunt.
631 2472 1009 2530 mentionem.
1035 2472 1211 2536 Quasi
1234 2489 1364 2528 vero
1386 2470 1480 2527 ille
1505 2471 2021 2543 unicus,idemque
2045 2471 2271 2544 primus
2287 2476 2343 2528 et
2367 2471 2631 2542 ultimus,
2656 2472 2833 2543 hujus
2850 2472 3137 2528 cathedrae
3161 2469 3485 2527 exstitisset
3511 2466 3776 2539 praesul!

345 2567 400 2622 Si
428 2579 526 2622 eos
559 2580 860 2636 urgemus,
895 2561 1150 2618 rationes
1175 2565 1238 2618 ut
1261 2562 1523 2633 afferant,
1550 2561 1706 2618 unde
1727 2561 1920 2634 colligi
1945 2562 2498 2634 possit,Melitonem
2522 2567 2684 2630 tunc,
2709 2579 2838 2618 cum
2869 2562 3126 2619 Joannes
3151 2561 3273 2616 haec
3302 2560 3609 2626 scriberet,
3639 2559 3780 2612 Sar-

345 2656 510 2712 dium
545 2654 726 2711 t'uisse
755 2651 1119 2725 episcopum,
1153 2652 1334 2708 altum
1368 2651 1582 2723 ubique
1609 2651 1931 2708 silentium.
1965 2652 2225 2708 Brondus
2258 2652 2488 2725 quidem
2523 2653 2592 2708 ad
2616 2653 2956 2721 Eusebium,
2982 2670 3085 2725 pro
3118 2649 3474 2707 stabilienda
3497 2666 3610 2705 sua
3636 2648 3777 2720 Opi-

346 2747 544 2813 nione,
580 2743 930 2815 provocavit,
959 2747 1046 2800 ast
1076 2745 1241 2799 verba
1277 2743 1458 2814 hujus
1488 2741 1785 2813 scriptoris
1818 2741 1897 2796 nil

2203 2747 2316 2799 ent.
2343 2743 2426 2798 En
2450 2742 2558 2798 tibi
2579 2760 2648 2799 ea
2672 2742 2923 2804 εΤούτοις
2953 2741 3103 2795 οὕτω
3146 2740 3488 2817 χωρήσασιν,
3532 2736 3783 2812 ἐπιμαρ-

349 2838 525 2907 τυρῶν
560 2831 841 2904 Μελίτων,
872 2838 974 2900 τῆς
1009 2830 1059 2886 ἐν
1083 2829 1345 2907 Σάρδεσιν
1377 2828 1708 2900 Ἐκκλησῖας
1740 2828 2055 2898 ἐπίσκοπος,
2114 2831 2235 2886 κατ’
2287 2829 2418 2886 αὐτὸ
2467 2833 2872 2905 γνωριζόμενος
2931 2834 3029 2885 τοῦ
3060 2829 3288 2905 χρόνου,
3324 2825 3497 2896 δῆλός
3532 2825 3688 2880 ἐστιν
3723 2825 3783 2880 ἐκ

347 2927 454 2978 τῶν
489 2919 792 2997 εἷρημὲνων
829 2921 975 2993 αὐτῷ
1002 2919 1053 2975 ἐν
1155 2920 1450 2990 πεποίηται
1477 2921 1612 2996 πρὸς
1653 2919 1742 2974 τὸν
1774 2917 2146 2995 αὐτοκράτορα
2177 2919 2390 2996 Odi-pexo
2426 2919 2558 2994 ὑπὲρ
2625 2924 2721 2974 τοῦ
2769 2923 2888 2975 κατ’
2937 2922 3083 2992 ἡμᾶς
3137 2916 3410 2995 δόγματος
3453 2937 3780 2993 χρησιμω-

354 3011 488 3085 τάτῃ
513 3010 811 3086 ἀπολογία,
845 3012 882 3066 i.
918 3028 967 3068 e.
1001 3034 1027 3062 «
1062 3016 1193 3067 Haec
1225 3012 1307 3067 ita
1341 3010 1642 3079 accidisse,
1666 3010 1859 3067 Melito
1890 3011 2181 3068 Sardianse
2215 3011 2480 3068 Ecclesiae
2502 3010 2836 3084 episcopus,
2869 3011 2968 3084 qui
2990 3011 3192 3068 eodem
3224 3009 3321 3066 illo
3353 3010 3603 3066 ﬂorebat
3623 3015 3783 3067 tem-

352 3120 508 3175 pore,
545 3103 850 3158 manifeste
881 3105 1130 3157 testatur
1160 3101 1232 3157 iis
1265 3102 1459 3165 dictis,
1495 3118 1623 3173 quae
1665 3101 1720 3155 in
1754 3119 1862 3157 sua
1911 3118 2011 3172 pro
2058 3101 2352 3174 religionis
2404 3106 2614 3159 nostris
2679 3101 2954 3174 dogmate
2997 3101 3070 3158 ad
3099 3101 3512 3173 imperatorem
3549 3103 3780 3157 Verum

357 3191 676 3250 utilissima
705 3191 971 3263 apologis
1001 3190 1214 3262 posuit.
1245 3212 1272 3240 »
1304 3193 1376 3246 At
1407 3207 1476 3246 ne
1504 3193 1744 3248 verbum
1782 3192 2018 3264 quidem
2044 3191 2376 3249 Melitonem
2402 3196 2664 3264 tempore
2683 3191 2929 3248 Joannis
2950 3190 3302 3246 Sardianum
3333 3189 3519 3246 fuisse
3542 3191 3782 3262 episco-

357 3300 522 3356 pum.
557 3283 800 3338 Tantum
833 3281 988 3337 enim
1013 3280 1175 3350 dicit,
1199 3296 1262 3336 ea
1284 3298 1408 3352 qua
1433 3280 1559 3353 ipse
1582 3282 1916 3338 immediate
1954 3286 2088 3338 ante
2105 3282 2382 3339 attulerat
2402 3283 2473 3338 de
2495 3283 2858 3355 superiorem
2882 3280 3298 3353 imperatorum
3324 3280 3383 3336 in
3406 3276 3784 3337 Christianos

360 3373 787 3442 benevolentia,
810 3371 1051 3428 Adriani
1081 3371 1303 3427 scilicet
1331 3375 1388 3426 et
1409 3371 1688 3427 Antonini
1717 3372 1824 3439 Pii,
1843 3388 1913 3428 ex
1943 3371 2131 3444 ipsius
2153 3389 2386 3444 quoque
2410 3371 2702 3428 Melitonis
2731 3373 2800 3428 ad
2820 3370 2996 3426 Marc.
3031 3375 3173 3426 Aur.
3198 3369 3562 3426 Antoninum
3585 3373 3787 3442 Apolo—

363 3468 456 3536 gia
489 3462 824 3519 conﬁrmari
857 3479 1050 3535 posse,
1090 3462 1187 3531 qui
1214 3460 1404 3517 Melite
1437 3461 1661 3532 eadem,
1698 3479 1811 3534 qua
1841 3461 1901 3519 S.
1933 3463 2221 3532 Justinus,
2255 3463 2325 3518 de
2357 3463 2522 3533 cujus
2555 3460 2902 3533 Apostologia
2932 3459 3120 3534 capite
3151 3460 3530 3516 antecedente
3564 3466 3784 3532 egerat,

366 3559 530 3610 aetate
566 3554 805 3609 vixisset
834 3558 890 3608 et
924 3553 1235 3608 ﬂoruisset.
1269 3553 1512 3608 Obstant
1534 3570 1702 3625 porro
1724 3552 1862 3609 huic
1885 3553 2184 3609 sententia:
2217 3557 2529 3625 sequentes
2560 3552 2834 3609 rationes.
2861 3550 3076 3619 Primo,
3099 3551 3380 3622 temporis
3400 3551 3552 3607 ratio
3585 3552 3645 3607 id
3669 3569 3784 3607 non

371 3644 706 3717 permittere
737 3644 981 3708 videtur,
1029 3642 1140 3698 nisi
1174 3658 1429 3698 asserere
1457 3641 1726 3709 velimus,
1758 3642 2031 3698 Nostrum
2066 3659 2233 3699 suam
2265 3642 2442 3698 vitam
2471 3643 2542 3699 ad
2563 3659 2745 3698 unum
2767 3647 2826 3698 et
2846 3641 3159 3698 dimidium
3183 3644 3302 3698 fere
3323 3641 3615 3698 saeculum
3642 3659 3782 3714 pro-

365 3735 628 3800 duxisse,
669 3740 723 3789 et
756 3732 1018 3789 Ecclesiae
1040 3733 1332 3788 Sardianus
1365 3749 1466 3805 per
1497 3733 1788 3805 octoginta
1816 3737 1872 3789 et
1904 3732 2099 3804 plures
2129 3750 2313 3789 annos
2344 3732 2684 3806 prmiuisse;
2719 3733 2874 3804 quod
2899 3740 2958 3787 ut
2988 3731 3046 3787 in
3077 3749 3140 3788 se
3161 3732 3321 3788 omni
3347 3732 3784 3802 probabilitati:

368 3827 558 3898 specie
577 3827 755 3891 caret,
776 3823 856 3878 ita
878 3827 935 3878 et
957 3840 989 3878 a
1009 3823 1237 3878 nemine
1255 3823 1606 3894 scriptorum
1633 3823 1924 3879 memorias
1951 3822 2289 3878 mandatum
2313 3827 2415 3879 aut
2433 3822 2641 3878 litteris
2655 3821 3061 3895 consignatum
3086 3822 3401 3878 invenitur.
3427 3823 3612 3879 Divus
3628 3824 3783 3879 enim

368 3914 626 3971 Joannes
661 3929 844 3969 annos
875 3911 1194 3968 Domitiani
1234 3913 1318 3978 14,
1355 3912 1455 3983 qui
1486 3911 1545 3967 in
1571 3929 1791 3968 annum
1822 3912 2040 3968 Christi
2070 3915 2136 3966 95
2183 3912 2410 3979 incidit,
2438 3929 2469 3968 e
2501 3912 2702 3968 Patmo
2732 3910 3143 3968 revelationcm
3175 3929 3342 3969 suam
3374 3912 3621 3984 scripsit
3649 3914 3787 3984 (27).

377 4004 589 4062 Debuit
620 4003 816 4075 itaque
837 4003 950 4060 isto
982 4007 1244 4073 tempore
1264 4001 1530 4058 Ecclesiae
1563 4019 1680 4059 suae
1703 4019 1806 4075 per
1827 4003 2054 4074 aliquot
2081 4003 2405 4074 annosjam
2430 4002 2734 4074 praefuisse
2760 4003 3050 4072 Melito,et
3070 4007 3386 4076 antequam
3417 4003 3504 4059 illi
3525 4005 3787 4076 praeﬁce-

367 4096 552 4161 retur,
580 4091 785 4147 debuit
807 4107 1038 4164 quoque
1068 4095 1291 4148 {etatem
1316 4091 1698 4164 pontificiam,
1733 4109 1836 4150 seu
1867 4093 2139 4165 episcopo
2165 4092 2565 4165 constitutam,
2600 4091 2884 4166 attigisse.
2916 4095 3335 4150 Constitutiones
3359 4103 3559 4150 autem
3588 4095 3670 4150 ita
3699 4094 3786 4149 di-

369 4187 476 4242 ctae
509 4183 818 4256 apostolicae
849 4183 1184 4256 episcopum
1244 4181 1447 4240 volunt
1479 4201 1664 4240 annos
1712 4183 2139 4257 quinquaginta
2177 4183 2420 4242 vivendo
2452 4184 2803 4257 transegisse
2833 4184 2966 4257 (28),
3000 4188 3310 4257 antequam
3363 4184 3700 4256 ordinetur,
3733 4187 3792 4240 et

445 4302 465 4337 ⁷
507 4304 631 4356 Act.
664 4315 823 4372 xvm,
860 4299 945 4371 19,
972 4301 1079 4369 20;
1117 4300 1169 4356 II
1203 4300 1326 4358 Cor.
1360 4318 1424 4371 Il,
1457 4301 1543 4356 12.
1577 4301 1597 4336 ⁸
1628 4301 1866 4374 Apocal.
1901 4318 2028 4375 cap.
2059 4318 2145 4370 III,
2181 4303 2230 4371 1,
2261 4302 2320 4359 6.

381 4433 540 4490 dium
577 4429 1221 4506 situmdescripsitille
1253 4429 1619 4506 p_ag.77,l_)l8
1649 4430 2019 4506 verbiszBut
2129 4431 2430 4506 Chrysost.
2488 4430 2691 4488 homil.
2748 4431 2822 4487 De
2877 4446 2959 4487 χιι
3021 4430 3244 4504 diseip.,
3294 4435 3440 4489 tom.
3509 4431 3584 4489 VI
3648 4436 3786 4506 Opp.

375 4507 705 4576 what/oever
735 4502 848 4576 illis
883 4505 1005 4576 _city
1039 4519 1150 4576 was
1174 4502 1235 4576 in
1263 4502 1476 4576 former
1502 4503 1684 4576 pays,
1735 4503 1787 4576 it
1808 4505 1854 4557 is
1899 4520 2019 4576 now
2133 4502 2266 4575 pag.
2299 4504 2426 4576 269.

370 4574 573 4649 οηιῃςα
593 4591 731 4649 poor
760 4574 1068 4649 habitation
1093 4575 1154 4642 of
1175 4574 1460 4649 Sheperds,
1496 4574 1669 4649 liuing
1691 4575 1881 4649 inlow
1911 4575 2023 4649 amt
2135 4574 2151 4575 ί
2207 4576 2319 4649 (25)
2344 4575 2645 4646 Geograph.
2674 4591 2843 4649 sacrae
2873 4578 2925 4632 el
2951 4575 3253 4649 eeclesiast.
3283 4592 3416 4649 pag.
3445 4577 3540 4634 65.

374 4645 611 4730 humble.
625 4647 924 4730 ~l.‘ottag_es_;
956 4646 1255 4730 nozvaoever
1301 4647 1390 4702 the
1410 4647 1652 4730 "antient
1680 4646 1879 4730 pillars
1913 4645 2025 4702 and
2205 4647 2313 4730 (26)
2347 4649 2411 4702 In
2441 4645 2756 4730 Comment.
2787 4648 2846 4730 in
2868 4648 3256 4720 Apocalypseos
3281 4645 3408 4722 cap.
3439 4666 3529 4718 ιιι,
3560 4649 3786 4723 disput.

374 4720 536 4777 ruins
568 4717 765 4802 lilia}?
789 4719 934 4802 their
963 4719 1147 4802 nea/is,
1178 4735 1238 4772 as
1269 4719 1571 4802 unwilling
1593 4717 1898 4802 toilose‘t‘he
1919 4735 2027 4802 nte.-
2136 4719 2346 4802 prigia,
2376 4719 2699 4802 quaestione
2731 4717 2924 4802 unica;

374 4809 537 4872 nzory
566 4787 634 4860 of
648 4787 789 4846 their
809 4790 1020 4845 antient
1050 4787 1234 4861 glory,
1266 4806 1400 4845 once
1432 4787 1670 4845 theSeat
1690 4792 1758 4860 of
1785 4789 1879 4844 the
1908 4791 2027 4846 rich
2136 4787 2152 4791 ⁷
2209 4791 2321 4872 (27)
2352 4795 2456 4872 ita
2515 4792 3100 4872 testaturmlrengeus
3126 4792 3228 4848 lib.
3262 4809 3328 4861 v;
3380 4792 3603 4872 Euseb.
3658 4797 3784 4872 [ξω.

375 4861 608 4926 ϐνιῑθξξαε.
659 4935 664 4937 Α
981 4934 1002 4937 _
1193 4934 1201 4937 _
1426 4934 1437 4937 Α
1756 4935 1764 4937 _
1847 4933 1877 4937 _
2137 4861 2322 4920 eecles.
2352 4861 2456 4916 lib.
2488 4879 2574 4930 ιιι,
2593 4879 2727 4937 cap.
2759 4862 2846 4937 l8,
2873 4869 2929 4918 et
2956 4865 3010 4920 S.
3035 4863 3421 4937 Hieronymus
3443 4865 3507 4919 in
3531 4866 3788 4937 Calaloge

458 4935 934 5014 (23)_llieronym_.
969 4934 1044 5014 pe
1090 4934 1279 5014 script.
1327 4934 1518 4989 eccles.
1565 4949 1692 5014 cap,
1847 4933 2026 5014 Doro:
2136 4936 2464 5014 scriptorum
2493 4933 3034 5014 ecclesiasiieorumi
3059 4933 3789 5014 Natal:'_Alexander._ﬂ_i.§l.

378 5004 643 5070 thaus'in
677 5004 920 5078 Syno'psi
948 5005 1013 5060 de
1039 5004 1173 5079 pila
1221 5014 1285 5079 et,
1321 5015 1500 5079 morte
1532 5005 1932 5074 prophetarum
1980 5010 2030 5061 et
2136 5004 2324 5079 eccles.
2359 5022 2489 5062 saec.
2525 5024 2566 5072 ι,
2611 5023 2736 5078 cap.
2791 5009 2879 5073 12,
2908 5008 3094 5079 artic.
3124 5009 3178 5071 2,
3213 5007 3326 5079 §5,
3352 5025 3485 5079 pag.
3522 5026 3607 5077 m,
3641 5011 3710 5065 38
3740 5012 3788 5063 b.

375 5076 768 5154 apostolorum,
833 5084 970 5154 tom,
1038 5076 1127 5131 γυ
1162 5077 1708 5154 Bibl-jot/nul’alrmn
1732 5079 2032 5154 Amgximae
2191 5076 2939 5154 _(28)__Qonsti_tul.Vapostol,
2987 5077 3087 5132 lib.
3121 5095 3182 5146 ir,
3209 5076 3452 5154 _'cap_.'1,
3486 5076 3628 5150 pag.
3673 5083 3789 5146 2l3,

376 5148 475 5212 t‘ol.
515 5159 640 5219 101,
673 5157 730 5206 et
760 5151 910 5220 apud
947 5152 1188 5223 Cuveuin
1254 5150 1394 5202 "lat.
1431 5148 1537 5202 litt.
1573 5148 1764 5218 script.
1807 5149 2029 5217 Eccles.,
2141 5151 2277 5223 edit.
2305 5148 2983 5223 'Wistonianaepinithe
3028 5149 3224 5223 second
3271 5148 3376 5223 vol.
3423 5148 3794 5223 ofpfimitiu

382 5248 516 5303 pag.
553 5248 628 5281 ιη.
667 5223 1089 5303 11tt._lsidorus
1123 5221 1194 5303 lle
1224 5224 1348 5303 Inita
1381 5224 1432 5303 et
1477 5223 1652 5303 morte
1697 5225 1962 5303 sanetorui

2211 5223 2514 5303 trislianily
2555 5221 2797 5303 rc'viv’tl:
2839 5220 2958 5303 'Tov
3008 5221 3284 5303 ποιμὲναη
3322 5222 3427 5303 οτὸχ⁵
3463 5220 3791 5296 tardissim-

540 5303 629 5356 69.
682 5296 1081 5372 Sioptironthcus
1115 5294 1184 5372 lle
1216 5293 1512 5372 laboribus,
1531 5292 1955 5372 certaminibus

2212 5315 2228 5346 υ
2265 5286 2699 5372 ἐπίσκοτξον’.....
2730 5286 3170 5366 δεῖὑπάρχεινξ..
3230 5291 3330 5346 οὐκ
3382 5286 3617 5350 ἔλαττον
3667 5286 3792 5350 es:ch

376 5365 924 5446 peregrinationibus
956 5365 1048 5419 SS.
1076 5367 1337 5446 λψρ-ἐει
1372 5365 1558 5432 Pauli,
1613 5369 1757 5420 tom.
1806 5365 1907 5418 Vll
1939 5366 2036 5420 Bi-
2143 5365 2500 5434 πεντήκοντα.
2538 5388 2564 5416 ‹‹
2594 5370 2833 5446 Oportet
2852 5365 3017 5429 eum,
3039 5367 3136 5436 qui
3163 5372 3362 5436 pastor
3387 5373 3476 5421 est
3498 5375 3559 5422 et
3579 5373 3794 5446 episco-

383 5437 586 5502 suam
615 5444 844 5497 Patrum
877 5437 1042 5512 Mum,
1073 5437 1318 5512 (01.108.
1396 5509 1407 5512 _
1991 5509 2000 5512 _
2145 5455 2276 5510 pus,
2308 5455 2436 5512 esse
2469 5455 2611 5512 non,
2637 5437 2921 5512 minorem
2945 5447 3081 5512 natu
3108 5437 3793 5512 quamannorum'quin-

458 5518 574 5586 (24)
604 5515 803 5586 Juata
833 5509 1048 5564 Euseb.
1097 5509 1249 5586 _His_l_.
1295 5508 1638 5586 ecclesuli‘b.
1687 5525 1771 5577 ιιι,
1806 5509 2033 5586 cap:_1.
2146 5508 2806 5586 quaginta.»0uidquid
2833 5508 3500 5586 eruditico’ntraharum
3527 5508 3795 5586 Constitu-

384 5580 620 5655 Gregor.
670 5580 940 5638 Nazianz.
986 5584 1134 5636 orat.
1181 5581 1272 5652 2-5,
1325 5581 1716 5652 tom.10pp.,
1749 5597 1879 5654 pag.
1909 5581 2032 5636 438.
2143 5580 2360 5639 lienam
2407 5580 2792 5654 genuitatem,
2838 5580 3132 5639 hodiernae
3173 5580 3555 5653 potissimum
3585 5584 3792 5641 editio-
