4026 6214
249 408 404 466 11⁵77
1156 408 1512 468 ΝΟΤΠΙΑ.
1562 439 1636 451 -
1681 411 1726 467 Ι.
1776 408 1878 467 DE

2020 405 2106 465 ΓΑ
2149 403 2212 464 S.
2261 399 2710 464 MELITONIS.
3504 405 3659 465 1178

245 539 375 595 sedi
401 537 632 595 cuidam
675 553 920 609 magna,
954 536 1144 608 qualis
1175 538 1458 595 Sardiana
1486 543 1630 608 erat,
1663 538 1843 594 totius
1872 537 2058 610 Lydize
2090 532 2451 605 metropolis,
2485 531 2854 604 prmponatur
2884 530 3015 602 ('29).
3050 532 3197 604 Ergo
3230 549 3380 589 anno
3439 533 3660 590 Christi

246 631 315 683 95
351 627 546 684 Melite
578 626 992 699 sexagenarius
1022 628 1253 682 circiter
1275 629 1520 698 jamjam
1554 629 1912 694 exstitisset;
1946 641 2098 682 anno
2131 629 2326 679 autem
2359 620 2658 694 sequentis
2692 619 3334 691 sreculiseptuagesimo
3359 624 3542 690 primo
3563 628 3664 678 aut

250 720 506 774 secundo
537 717 864 790 apologiam
900 718 976 772 M.
1011 719 1245 773 Aurelio
1274 719 1602 790 imperatori
1652 719 1908 774 tradidit.
1960 717 2106 785 Ergo
2147 713 2538 784 quadraginta
2571 716 2626 764 et
2655 718 2889 765 centum
2923 711 3151 764 circiter
3181 729 3367 766 annos
3411 714 3660 770 vivendo

247 810 562 880 attigisset,
596 811 765 880 cujus
797 825 928 863 cum
965 808 1098 864 talis
1128 816 1266 864 artas
1297 828 1329 864 a
1362 809 1522 866 nullo
1545 811 1893 880 scriptorum
1928 807 2282 878 agnoscitur,
2309 804 2514 858 merito
2547 818 2776 873 quoque
2796 801 3155 869 dubitamus,
3180 818 3310 856 eum
3331 801 3577 857 Joannis
3603 803 3657 858 in

248 899 461 954 Patmo
489 897 814 953 exsulantis
845 902 1126 968 tempore,
1161 898 1432 954 Sardium
1469 899 1649 954 fuisse
1681 898 2044 969 episcopum.
2092 895 2267 948 Porro
2316 891 2453 946 viris
2508 889 2845 962 apostolicis
2878 906 2978 944 seu
3007 890 3296 960 ejusmodi
3330 890 3489 959 viris,
3515 907 3662 960 quos

250 988 495 1062 apostoli
537 988 962 1053 instruxerunt,
995 1005 1028 1041 a
1059 988 1290 1044 nemine
1321 990 1764 1055 adnumeratur,
1799 987 1952 1058 quod
1986 990 2137 1040 certe
2167 980 2397 1038 silentio
2451 995 2563 1034 non
2607 978 3300 1050 prmterivissentveteres
3331 979 3662 1050 scriptores,

249 1084 451 1151 utpote
484 1079 585 1149 qui
611 1077 1046 1134 studiosissime
1077 1078 1182 1135 hec
1215 1084 1481 1152 egerunt,
1516 1084 1579 1134 ut
1607 1078 1824 1151 quibus
1849 1076 1942 1132 hic
1967 1077 2148 1132 honor
2169 1070 2498 1143 obtigisset,
2519 1070 2915 1139 posteritatem
2940 1085 3053 1123 non
3080 1068 3304 1136 lateret,
3326 1069 3444 1125 imo
3469 1070 3664 1140 potius

254 1170 470 1226 Irenaeo
484 1169 731 1241 aliisque
755 1169 867 1241 (30)
881 1185 1012 1225 eum
1034 1174 1588 1242 pestponunt,quem
1605 1167 1769 1245 ἐγγὺς
1784 1171 1891 1222 τῶν

2024 1160 2256 1231 στόλων,
2275 1158 2583 1235 γενόμενον,
2605 1175 2754 1213 «non
2771 1157 2938 1228 longe
2955 1175 2987 1214 a
3001 1160 3357 1230 temporibus
3371 1160 3660 1231 apostolo-

250 1275 385 1316 rum
409 1259 1069 1324 distantem,»vocarunt
1091 1261 1480 1332 (31).Tandem
1505 1277 1659 1333 quoq
1671 1276 1738 1316 ue
1761 1260 1889 1332 ipsa
1909 1257 2084 1314 verba
2103 1257 2212 1311 scio
2233 1268 2397 1325 Opera
2415 1249 2681 1322 tua,quia
2700 1264 2898 1304 nomen
2930 1247 3093 1303 habes
3115 1249 3253 1320 quod
3273 1251 3503 1316 vivas,ct
3518 1267 3662 1305 mor-

256 1355 385 1404 tuus
407 1364 481 1414 es,
514 1347 571 1403 in
603 1346 935 1404 Melitenam
960 1347 1204 1405 minime
1233 1351 1544 1422 quadrent,
1579 1349 1671 1405 his
1703 1347 1857 1403 enim
1890 1345 2137 1402 indicari
2166 1343 2389 1402 videtur
2419 1339 2578 1395 illius
2609 1338 2889 1410 episcOpi,
2933 1338 3201 1410 quisquis
3228 1338 3422 1410 fuerit,
3457 1339 3665 1396 miser-

255 1439 445 1494 rimus
475 1441 664 1494 status
695 1442 751 1493 et
779 1436 994 1494 exitiali
1027 1455 1304 1511 oppressa
1335 1444 1568 1512 peccato
1601 1437 1988 1504 conscientia;
2031 1436 2102 1491 de
2132 1431 2401 1491 Melitone
2433 1438 2623 1486 autem
2655 1445 2834 1501 supra
2863 1428 3216 1494 audivimus,
3250 1433 3536 1500 quantum
3559 1429 3667 1485 vir-

248 1529 479 1584 tutibus
511 1532 567 1584 et
597 1528 724 1583 vita:
754 1532 870 1584 Deo
901 1533 1149 1600 accepta
1179 1529 1487 1588 vacaverit.
1512 1529 1631 1587 IIoe
1662 1529 1861 1602 itaque
1888 1527 2054 1584 triste
2075 1523 2378 1582 oraculum
2411 1523 2672 1578 evincere
2699 1522 2912 1592 potest,
2940 1517 3080 1575 illud
3111 1519 3182 1574 de
3215 1517 3348 1586 alio,
3381 1535 3557 1590 quam
3593 1518 3662 1574 de

253 1622 457 1675 nostro
485 1618 666 1674 fuisse
695 1618 1113 1691 conscriptum.

1279 1741 1305 1810 θ
1333 1737 1448 1794 XV.
1486 1740 1556 1796 De
1588 1754 1796 1796 canone
1828 1738 1882 1795 ν.
1917 1737 1969 1792 Τ.
2011 1753 2044 1792 a
2073 1734 2319 1792 Melitone
2349 1739 2622 1789 enarrata.

319 1882 426 1937 Ast
447 1880 648 1936 relicta
668 1881 774 1936 hac
793 1880 1203 1948 controversia,
1229 1882 1432 1954 paucis
1457 1883 1647 1939 adhuc
1663 1883 1985 1948 videamus,
2010 1897 2188 1953 quam
2209 1877 2435 1950 egregie
2457 1875 2707 1948 episcOpi
2737 1873 3208 1931 sibimandatum
3234 1889 3448 1928 munus
3473 1889 3664 1947 gesse-

248 1971 347 2040 rit,
379 1975 434 2026 et
469 1987 646 2042 quam
680 1971 924 2026 miritice
946 1987 1050 2027 suo
1083 1973 1353 2043 praesidio
1385 1973 1676 2030 Sardiana:
1709 1989 1822 2029 non
1856 1976 2108 2028 tantum.
2143 1969 2244 2026 sed
2275 1976 2331 2025 et
2362 1967 2641 2023 universae
2668 1965 2932 2021 Ecclesiae
2955 1965 3263 2021 commoda
3285 1965 3655 2035 promoverit.

247 2061 416 2117 Haud
444 2059 718 2116 ultimum
742 2061 900 2117 verbi
924 2061 1102 2118 divini
1127 2061 1972 2134 administratoris,etepiscopi
1990 2056 2567 2131 imprimis,oiticium
2594 2060 2701 2119 est,
2717 2053 2868 2110 sacri
2890 2053 3131 2110 canonis
3153 2052 3656 2109 accuratissimam

252 2167 456 2206 curam
489 2149 728 2218 habere,
760 2147 904 2210 θείας
942 2147 1265 2223 παραδόσεις
1293 2150 1540 2224 κατέχειν
1574 2152 1614 2216 ο,
1647 2155 1703 2206 et
1730 2151 1904 2205 divint

2020 2167 2049 2204 [ι
2080 2163 2245 2204 sacro
2291 2162 2511 2202 canone
2542 2149 2844 2201 contentos
2899 2143 3077 2200 libros
3108 2143 3189 2198 ita
3245 2143 3559 2210 custodire,
3596 2146 3659 2197 ut

254 2257 446 2311 neque
468 2239 721 2295 addatur
753 2255 938 2310 neque
971 2241 1314 2296 detrahatur
1339 2240 1708 2312 aliquid.Hoc
1738 2240 1867 2296 istis
1891 2239 2262 2312 potissimum
2289 2237 2674 2309 temporibus,
2708 2236 2920 2308 quibus
2943 2234 3656 2307 interpelationis,suppo-

250 2331 486 2386 sitionis
515 2336 571 2386 et
596 2329 1036 2386 adulterationis
1074 2330 1356 2388 librorum
1381 2347 1678 2388 sacrorum
1705 2330 1902 2386 nullus
1931 2331 2047 2386 fere
2076 2329 2210 2386 finis
2242 2329 2370 2397 fuit,
2404 2328 2653 2384 maxime
2681 2333 2804 2383 erat
2836 2327 3250 2383 necessarium.
3287 2326 3427 2381 lluic
3459 2325 3658 2395 itaque

254 2419 451 2476 olt‘icio
487 2435 591 2475 nec
621 2435 684 2475 se
707 2419 988 2475 subduxit
1012 2420 1206 2476 Melite
1222 2426 1437 2488 noster,
1455 2422 1553 2478 sed
1579 2421 1870 2494 profectus
1891 2426 1981 2478 est
2003 2420 2059 2476 in
2084 2419 2394 2486 Orientem,
2421 2423 2478 2474 et
2501 2419 2568 2473 ad
2589 2418 2780 2474 locum
2803 2417 2997 2489 ipsum
3031 2418 3138 2473 iter
3157 2416 3438 2480 instituit,
3458 2416 3513 2470 in
3537 2430 3652 2485 quo

252 2527 383 2583 qua:
415 2510 470 2564 in
503 2508 814 2579 Scripturis
848 2515 1180 2579 narrantur,
1215 2516 1380 2583 gesta
1409 2511 1547 2567 olim
1581 2513 1818 2567 fuerunt
1847 2519 1909 2566 ut
1934 2510 2158 2566 Veteris
2187 2509 2542 2566 Testamenti
2573 2507 2750 2563 libros
2781 2508 3090 2579 diligenter
3136 2507 3476 2577 comperiat,
3507 2522 3641 2576 quo-

248 2618 383 2658 rum
417 2601 592 2657 etiam
624 2606 964 2672 sequentem
999 2601 1072 2657 ad
1094 2601 1436 2659 Onesimum
1466 2604 1722 2673 fratrem,
1754 2619 1928 2675 quem
1961 2601 2389 2673 Onesiphorum
2418 2598 2780 2671 Nicephorus
2805 2597 2917 2669 (32)
2941 2599 3129 2661 vocat,
3151 2594 3478 2650 transmisit
3509 2592 3658 2648 indi-

247 2709 400 2760 cem,
423 2695 596 2762 prout
626 2691 911 2748 Eusebius
943 2707 1011 2746 ex
1043 2693 1320 2764 prooemio
1345 2693 1799 2764 libricujusdam
1818 2692 2112 2748 Melitonis
2126 2708 2296 2764 quem
2317 2693 2584 2760 Excerpta
2607 2687 3206 2760 inscripsit,eumdem
3229 2682 3533 2755 recitavit(
3575 2683 3650 2752 3);

247 2802 276 2831 ‹‹
307 2780 517 2853 Moysis
545 2779 677 2836 libri
709 2796 778 2836 v:
813 2781 1073 2849 Genesis,
1109 2783 1360 2850 Exodus,
1397 2783 1702 2848 Leviticus,
1737 2781 1995 2851 Numeri,
2039 2779 2552 2837 Deuteronomium
2586 2797 2602 2849 ;
2633 2779 2805 2835 Jesus
2861 2776 3300 2844 Nave,Judices,
3333 2774 3508 2842 Ruth,
3543 2772 3652 2828 Re-

247 2888 387 2942 gum
422 2870 551 2925 libri
583 2887 658 2938 ιν,
684 2869 1167 2943 Paralipomenon
1199 2872 1338 2942 duo,
1374 2871 1586 2928 Psalini
1619 2872 1888 2940 Davidis;
1925 2871 2254 2928 Salomonis
2293 2869 2614 2934 Proverbia,
2650 2886 2775 2941 quae
2807 2872 2864 2924 et
2889 2865 3202 2939 Sapientia,
3258 2863 3653 2929 Ecclesiastes,

248 2960 556 3018 Canticum
590 2960 973 3030 canticorum,
1000 2961 1134 3032 Job,
1167 2961 1610 3034 Prophetarum,
1645 2979 1855 3035 nempe
1879 2962 2063 3032 Isaiae,
2093 2961 2377 3033 Jeremiaa,
2409 2964 2466 3017 et
2495 2959 2798 3016 duodecim
2824 2955 3264 3030 prophetarum,
3297 2953 3445 3010 liber
3477 2969 3655 3009 unus.

249 3050 480 3123 Daniel,
511 3050 794 3117 Ezechiel,
830 3051 1067 3108 Esdras.
1097 3072 1125 3103 »

326 3194 349 3230 ο
380 3195 554 3253 ICor.
587 3213 665 3265 χι,
696 3197 770 3266 2;
806 3199 852 3253 Il
883 3197 1086 3254 Thess.
1122 3214 1183 3266 II,
1218 3198 1284 3254 15
1319 3215 1333 3268 ;
1367 3215 1452 3269 ιιι,
1482 3199 1552 3269 6;
1588 3197 1710 3256 Gai.
1744 3215 1784 3267 ι,
1819 3198 1905 3253 14.

252 3371 370 3437 nis,
397 3388 512 3426 non
547 3371 674 3426 sine
706 3371 1086 3446 fundamento
1118 3373 1428 3446 excipiant,
1461 3377 1652 3430 tamen
1687 3390 1899 3446 negare

2015 3373 2122 3430 teri
2155 3373 2310 3429 haud
2343 3373 2667 3437 erubuerit,
2701 3389 2762 3429 se
2796 3373 2981 3428 multa
3022 3391 3090 3430 ex
3134 3373 3242 3429 hoc
3271 3373 3488 3445 scripto
3518 3373 3659 3428 edo-

256 3459 374 3498 non
409 3443 1002 3515 possunt,continere
1024 3443 1260 3501 easdem
1277 3452 1531 3500 veterum
1557 3443 1904 3502 Constitutio-

2013 3452 2175 3502 ctum
2215 3446 2415 3511 tuisse,
2451 3462 2576 3516 quae
2600 3451 2769 3500 antea
2799 3446 3123 3514 ignorasset
3154 3446 3296 3515 ipse.
3340 3448 3462 3500 Iino
3492 3461 3656 3516 pror-

252 3532 393 3569 num
417 3514 483 3570 et
512 3514 812 3584 Διατάξεων
841 3514 1219 3570 ἀποστολικῶν
1251 3517 1480 3582 rudera,
1505 3517 1710 3572 multis
1731 3517 1904 3572 inter-

257 3586 656 3660 polationibus
688 3589 760 3643 ab
790 3589 1003 3660 Ariano
1035 3591 1178 3644 forte
1209 3590 1523 3660 impostore
1554 3589 1900 3644 intermista.

256 3658 686 3730 Nullusitaque
719 3659 1097 3728 dubito,hanc
1129 3658 1593 3716 Constitutionum
1614 3660 1799 3730 legem
1823 3661 1892 3714 ab

257 3729 544 3801 apostolis
577 3729 719 3800 ipsis
747 3730 927 3787 latam
962 3737 1294 3803 ettempore
1316 3734 1450 3797 isto,
1475 3748 1588 3802 quo
1617 3729 1805 3785 Melite
1827 3731 1906 3785 vi-

254 3807 364 3865 xit,
397 3803 760 3858 observatam
797 3805 976 3858 fuisse
1018 3805 1286 3872 credere;
1331 3819 1466 3859 cum
1498 3803 1771 3870 Arianus,
1805 3806 1904 3857 aut

258 3873 587 3945 cuicunque
619 3883 784 3929 sectas
818 3875 1090 3930 addictus
1130 3875 1305 3936 alius.
1354 3874 1576 3930 nullam
1635 3873 1905 3929 habuerit

257 3961 498 4002 causam
530 3946 825 4002 adulteras
858 3963 1069 4002 manus
1109 3946 1242 4002 huic
1274 3946 1398 4002 loco
1430 3947 1664 4013 inferre,
1702 3950 1903 4016 utpote

259 4017 482 4072 nullius
502 4017 906 4089 cujuscunque
938 4020 1174 4073 demum
1200 4019 1497 4074 sententia
1521 4033 1776 4074 erronem
1811 4035 1906 4088 pa-

258 4089 576 4161 trocinium
607 4090 664 4144 in
679 4106 744 4144 eo
767 4089 1024 4144 invenire
1040 4095 1280 4161 poterat.
1306 4091 1606 4161 Wistonus
1620 4089 1904 4160 singulari

260 4159 436 4228 libro,
469 4176 638 4228 quem
669 4177 744 4215 an
779 4162 945 4232 Essay
975 4159 1055 4216 aii
1105 4163 1192 4216 the
1233 4160 1568 4229 Apostoticat
1625 4159 1900 4216 Constitu-

261 4234 427 4297 tions,
453 4232 689 4288 wherein
719 4234 766 4286 is
797 4234 1016 4302 proved,
1069 4234 1183 4288 that
1205 4234 1324 4304 they
1379 4249 1475 4304 are
1496 4232 1585 4287 the
1630 4242 1771 4288 most
1810 4249 1902 4286 sa-

258 4306 474 4374 credof
500 4309 591 4358 the
619 4304 914 4359 canonicat
962 4305 1134 4358 Bos/rs
1162 4305 1226 4374 of
1266 4303 1357 4359 the
1415 4303 1540 4359 New
1602 4305 1904 4360 Testamcnt

260 4373 582 4447 inscripsit,
617 4380 673 4447 et
705 4375 806 4447 qui
838 4381 1061 4430 tomum
1095 4375 1169 4431 III
1203 4375 1615 4430 Christianismi
1630 4375 1902 4447 primitivt

257 4446 516 4513 coniicit,
541 4447 613 4502 de
643 4446 887 4517 iis’egit,
918 4462 1134 4518 easque
1153 4464 1267 4502 non
1299 4449 1467 4502 modo
1489 4446 1901 4518 genuinas,sed

261 4523 318 4573 et
349 4519 662 4574 canonicas
717 4519 993 4590 maxime.
1021 4526 1078 4574 et
1134 4519 1335 4574 eadem
1367 4518 1582 4585 divina,
1617 4535 1733 4590 qua
1763 4519 1903 4574 Novi

260 4590 622 4646 Testamenti
656 4591 876 4660 scripta
906 4585 1233 4643 Θεὸπνευστα
1285 4585 1652 4646 auctoritate
1677 4592 1903 4646 instru—

261 4667 386 4719 ctas
417 4678 546 4717 esse
577 4662 861 4733 probavit,
892 4667 949 4717 et
976 4663 1056 4717 ita
1087 4663 1324 4733 quidem
1359 4662 1641 4733 probavit,
1677 4667 1760 4718 ut.

1115 4737 1383 4805 Pergama
1423 4735 1623 4790 dextra

409 4804 634 4878 Βοίβηάί
663 4813 894 4878 possent,
927 4809 1096 4862 etiam
1129 4804 1236 4878 hac
1259 4805 1480 4876 defensa
1512 4807 1770 4876 fuissent.

832 4877 998 4934 Viae.
1031 4877 1246 4932 XEneid.
1279 4894 1338 4944 ιι,
1370 4878 1497 4945 290,
1529 4880 1655 4932 291.

265 4950 506 5006 Clariss.
541 4953 597 5005 et
627 4950 901 5020 praecocis
925 4949 1143 5020 ingenii
1177 4951 1532 5016 Baraterius,
1566 4949 1735 5020 cujus
1767 4965 1906 5019 pra;-

269 5027 564 5078 maturam
597 5027 843 5077 mortem
877 5022 1034 5077 orbis
1072 5021 1362 5076 litteratus
1408 5021 1610 5076 merito
1641 5021 1814 5085 dolet,
1845 5020 1904 5074 in

262 5094 416 5148 binis
448 5095 519 5149 de
555 5094 1044 5149 Constitutionibus
1065 5093 1378 5160 apostolicis
1426 5091 1906 5148 elaboratissimis

262 5164 780 5221 dissertationibus
810 5181 1010 5220 earum
1042 5181 1155 5220 non
1203 5166 1376 5220 modo
1436 5165 1825 5220 sinceritatem
1850 5169 1908 5218 et

263 5237 677 5306 antiquitatem
712 5238 782 5292 ad
818 5237 1048 5293 Eusebii
1075 5253 1262 5307 usque
1286 5243 1548 5308 tempora
1581 5237 1784 5291 multis
1825 5253 1908 5290 ra-

261 5308 525 5362 tionibus
556 5309 829 5375 asseruit,
864 5311 960 5364 sed
994 5315 1051 5364 et
1080 5313 1413 5364 earumdem
1447 5315 1672 5363 (etatem
1707 5308 1775 5362 ad
1806 5324 1908 5362 sae-

263 5378 380 5434 culi
413 5395 450 5433 ιι
484 5381 671 5450 prima
717 5380 881 5434 initia
915 5381 1130 5436 retulit.
1153 5380 1269 5436 Has
1297 5381 1735 5436 dissertationes
1767 5379 1906 5434 sub-

254 5451 456 5520 junxit
476 5467 594 5523 suis
623 5450 1015 5522 Disquisitioni
1043 5452 1453 5523 Chronologieae
1483 5453 1546 5508 de
1573 5451 1910 5506 successione

267 5521 682 5593 antiquissima
713 5521 1089 5594 episcoporum
1124 5521 1490 5580 Romanorum
1527 5523 1653 5578 inde
1680 5540 1714 5578 a
1745 5524 1906 5577 Petro

261 5609 434 5665 usque
461 5594 532 5649 ad
565 5597 844 5657 Victorem.
879 5612 1007 5665 quas
1039 5595 1335 5664 Ultrajeeti
1382 5597 1540 5665 1740,
1590 5597 1648 5650 in
1699 5598 1906 5665 quarto

263 5665 500 5738 prodiit.
535 5671 602 5721 Et
631 5669 758 5722 istas
783 5666 1034 5739 Wistoni
1066 5666 1415 5739 applausum
1448 5668 1588 5723 adeo
1621 5665 1904 5739 tulerunt,

264 5741 332 5812 ut
351 5753 449 5794 eas
473 5754 586 5812 non
620 5739 877 5812 modoin
893 5738 1152 5812 linguam
1180 5738 1562 5812 Anglicanam,
1579 5738 1906 5794 transtusas

263 5809 459 5867 denuo
474 5809 726 5867 Londini
752 5809 1016 5882 ediderit,
1029 5811 1134 5884 sed
1156 5814 1213 5867 et
1235 5809 1301 5884 ut
1319 5811 1674 5884 Baraterium
1694 5826 1906 5884 prisce-

263 5884 494 5960 ptorem
526 5898 702 5942 suum
731 5897 934 5943 vocare
960 5882 1225 5960 mihique
1244 5882 1379 5958 plus
1409 5882 1660 5958 simplici
1680 5882 1800 5942 vice
1821 5884 1902 5942 fa-

2011 3535 2114 3572 sus
2147 3518 2257 3572 sibi
2293 3515 2638 3587 persuasum
2672 3516 2942 3583 habebat,
2969 3517 3257 3571 Baraterio
3287 3518 3357 3571 de
3389 3515 3658 3573 Censtitu-

2012 3589 2250 3645 tionibus
2280 3589 2440 3644 hisce
2487 3589 2752 3643 eamdem
2787 3605 2852 3642 ac
2893 3589 3005 3642 sibi
3037 3589 3256 3643 sedisse
3287 3587 3650 3658 Opinionem,

2011 3676 2264 3730 eumque
2295 3658 2676 3730 illampalam
2714 3659 2969 3729 proﬁteri
3016 3664 3244 3713 tantum
3291 3675 3404 3713 non
3437 3674 3648 3713 ausum

2012 3729 2214 3787 fuisse.
2247 3734 2372 3784 llaec
2403 3729 2608 3785 saltem
2633 3746 2766 3784 eum
2802 3731 2857 3783 in
2883 3730 3056 3783 finem
3083 3731 3235 3784 dicta
3260 3734 3528 3796 sunto,ut
3550 3747 3651 3798 pa-

2009 3807 2148 3866 teat,
2186 3818 2277 3856 me
2309 3818 2421 3856 non
2455 3803 2693 3856 omnino
2721 3801 2919 3855 trivole
2949 3801 3019 3855 ad
3046 3801 3460 3869 interpolatum
3494 3806 3653 3856 caste-

2011 3873 2224 3944 roquin
2237 3872 2604 3943 antiquitatis
2619 3873 2895 3943 scriptum
2914 3878 3484 3943 provocasse,utpote
3498 3873 3654 3942 quod

2011 3945 2408 4018 genuiniiauri
2457 3961 2570 4000 non
2606 3946 2774 4000 modo
2828 3951 3094 4002 ramenta
3137 3946 3414 4018 continet,
3450 3945 3564 4018 sed
3599 3948 3658 4018 et

2012 4015 2204 4090 quod,
2226 4017 2275 4071 si
2308 4016 2483 4090 etiam
2511 4021 2712 4090 totum
2745 4033 2894 4088 epus
2946 4017 3381 4090 supposititium
3413 4015 3512 4090 sit,
3545 4016 3656 4070 sub

2011 4087 2481 4160 saeculisecundi
2508 4087 2934 4160 initiajamjam
2954 4087 3264 4157 exstitisse,
3291 4088 3651 4145 eruditorum

2013 4158 2277 4216 nonnulli
2309 4158 2699 4215 crediderunt.

2083 4231 2410 4306 (29)‘Aliter
2441 4237 2634 4287 autem
2670 4231 2796 4306 fieri
2823 4237 3069 4304 poterat,
3105 4233 3160 4288 in
3187 4249 3357 4306 parva
3389 4229 3652 4304 paraecia.

2012 4306 2096 4360 Ita
2125 4303 2278 4360 enim
2318 4321 2486 4375 porro
2517 4306 2729 4377 eaedem
2765 4303 3258 4362 constitutiones-1.
3306 4321 3354 4360 c.
3389 4303 3656 4377 pronun-

2012 4377 2196 4432 tiant:
2226 4398 2259 4461 ft
2293 4377 2391 4430 Sin
2424 4393 2556 4432 vero
2587 4376 2841 4461 inparve
2877 4379 3130 4461 quadam
3178 4376 3427 4461 parcscia
3486 4382 3656 4458 aetate

2012 4453 2318 4519 provectus
2344 4465 2455 4504 non
2481 4446 2823 4519 reperiatur,
2848 4446 2905 4504 et
2927 4449 2996 4505 sit
3021 4446 3404 4521 aliquis,cum
3430 4464 3539 4518 quo
3554 4446 3657 4518 qui

2011 4521 2226 4575 versati
2261 4526 2420 4582 sunt,
2468 4521 2872 4592 testimonium
2907 4521 3197 4592 dederint
3253 4522 3496 4592 dignum
3529 4533 3660 4574 esse

2013 4592 2112 4663 qui
2147 4594 2246 4647 tiat
2267 4592 2601 4664 episcopus,
2634 4591 2734 4662 qui
2761 4592 2823 4664 in
2849 4591 3238 4647 adolescentia
3269 4591 3570 4648 mansuete
3601 4597 3660 4646 et

2013 4661 2332 4736 composite
2361 4664 2626 4736 vivendo,
2649 4661 2890 4736 senilem
2923 4670 3147 4718 aetatem
3175 4664 3345 4736 plane
3362 4664 3656 4731 ostendat,

2015 4735 2063 4791 si
2088 4737 2288 4806 talium
2325 4734 2660 4790 testimonio
2682 4735 2926 4805 probatu
2938 4737 3143 4805 r,quod
3167 4734 3224 4790 in
3241 4753 3380 4806 pace
3404 4737 3654 4800 fiat,esto

2013 4805 2346 4878 episcopus.
2383 4829 2411 4856 »
2443 4805 2786 4878 Recentiora
2826 4807 3070 4863 concilia
3114 4807 3177 4862 in
3206 4805 3476 4878 episcopo
3507 4807 3660 4862 ordi-

2017 4877 2501 4934 nando’eamdem
2536 4877 2620 4932 vel
2654 4879 2736 4951 ad,
2763 4879 3072 4934 minimum
3098 4877 3336 4951 triginta
3368 4877 3652 4951 annorum

2014 4955 2239 5006 aetatem
2273 4952 2597 5020 requirunt,
2633 4950 3004 5022 rationesque
3036 4949 3477 5014 redduntduas,
3501 4949 3655 5020 quod

2015 5022 2140 5093 ipse
2163 5023 2432 5077 Servator
2463 5027 2660 5094 noster
2677 5021 2881 5078 docere
2914 5021 3028 5078 non
3051 5024 3287 5094 cmperit
3315 5028 3445 5076 ante
3479 5037 3655 5094 quam

2017 5091 2190 5149 natus
2221 5098 2374 5166 esset
2406 5093 2877 5166 trigintarannos,
2898 5100 2954 5149 et
2976 5095 3128 5166 quod
3143 5091 3273 5166 haec
3293 5094 3397 5148 viri
3420 5091 3656 5166 perfecti

2015 5171 2155 5220 satas
2185 5165 2276 5222 sit.
2310 5162 2899 5237 ContﬁBinghamum
2933 5162 3346 5237 in'Originibus
3374 5162 3514 5220 δάεν.
3552 5162 3655 5221 lib.

2017 5254 2080 5305 ιι,
2114 5254 2241 5307 cap.
2278 5239 2362 5304 10,
2396 5237 2511 5292 vol.
2549 5238 2592 5304 l,
2630 5253 2759 5308 pag.
2798 5238 2899 5292 142
2930 5255 3018 5308 sq.

2085 5311 2194 5380 (30)
2238 5310 2392 5372 Quos
2445 5309 2741 5377 supra§3
2801 5310 3234 5365 nominavimus
3296 5326 3363 5364 ex
3422 5309 3653 5366 Hieron.

2015 5382 2181 5453 epist.
2216 5383 2326 5453 83A;
2360 5381 2566 5435 Euseb.
2603 5382 2737 5434 Hist.
2777 5381 2966 5436 eccles.
3007 5382 3107 5437 lib.
3143 5397 3218 5452 iv,
3251 5399 3376 5453 cap.
3409 5384 3514 5449 19;
3549 5380 3648 5435 Ni-

2019 5451 2270 5522 cephoro
2295 5451 2390 5505 lib.
2426 5469 2501 5520 iv,
2535 5469 2658 5521 cap.
2691 5453 2743 5506 9.

2089 5524 2200 5594 (31)
2233 5527 2319 5577 lta
2363 5530 2598 5577 vocatur
2626 5525 2697 5578 ab
2730 5525 3033 5593 Augustin.
3071 5531 3263 5582 contra
3303 5525 3513 5589 Julian,
3547 5524 3650 5581 tib.

2019 5613 2058 5672 r,
2091 5594 2567 5672 cap._3g;rBasilio
2601 5596 2913 5672 _De_§piritu
2941 5603 3127 5653 sancto
3158 5615 3284 5672 cap.
3315 5599 3406 5672 29,
3440 5599 3657 5655 citante

2017 5665 2193 5723 Caveo
2226 5669 2360 5723 Hist.
2398 5665 2508 5722 litt.
2543 5667 2642 5724 fol.
2673 5665 2768 5725 39.

2111 5738 2202 5816 se)
2233 5741 2370 5816 Ijist.
2404 5737 2597 5816 sectas.
2619 5739 2734 5816 lib.
2767 5756 2844 5814 ιν,
2876 5757 3002 5816 cap.
3037 5742 3125 5816 10.

2111 5810 2202 5883 33)
2233 5810 2369 5872 Hist.
2401 5812 2586 5870 coctos.
2619 5811 2716 5871 lib.
2757 5810 2840 5886 1v,
2871 5810 3000 5889 cap.
3033 5815 3124 5870 26.
