  <div class='ocr_page' id='page_1' title='image "/cluster/home/n/w/nwhite01/storage/ocr_20150623/5/hvd.32044073501272/600.png"; bbox 0 0 4026 6214; ppageno 0'>
   <div class='ocr_carea' id='block_1_1' title="bbox 89 0 1887 45">
    <p class='ocr_par' dir='ltr' id='par_1_1' title="bbox 89 0 1887 25">
     <span class='ocr_line' id='line_1_1' title="bbox 89 0 1887 25; baseline -0.002 -7"><span class='ocrx_word' id='word_1_1' title='bbox 89 0 523 25; x_wconf 50' lang='grc' dir='ltr'><strong>π--ιη-νη-Ἵν-ε</strong></span> <span class='ocrx_word' id='word_1_2' title='bbox 560 8 917 23; x_wconf 53' lang='lat' dir='ltr'><em>W</em></span> <span class='ocrx_word' id='word_1_3' title='bbox 952 8 1127 17; x_wconf 42' lang='grc' dir='ltr'><strong>ν-..ἢρς</strong></span> <span class='ocrx_word' id='word_1_4' title='bbox 1152 8 1163 13; x_wconf 60' lang='grc' dir='ltr'><strong>ν</strong></span> <span class='ocrx_word' id='word_1_5' title='bbox 1190 0 1887 17; x_wconf 48' lang='lat' dir='ltr'><strong>tm</strong></span> 
     </span>
    </p>
   </div>
   <div class='ocr_carea' id='block_1_2' title="bbox 3485 409 3641 469">
    <p class='ocr_par' dir='ltr' id='par_1_2' title="bbox 3485 409 3641 469">
     <span class='ocr_line' id='line_1_2' title="bbox 3485 409 3641 469; baseline -0.006 0"><span class='ocrx_word' id='word_1_6' title='bbox 3485 409 3641 469; x_wconf 76' lang='grc'>1182</span> 
     </span>
    </p>
   </div>
   <div class='ocr_carea' id='block_1_3' title="bbox 240 385 2727 472">
    <p class='ocr_par' dir='ltr' id='par_1_3' title="bbox 240 385 2727 472">
     <span class='ocr_line' id='line_1_3' title="bbox 240 385 2727 472; baseline -0 -6"><span class='ocrx_word' id='word_1_7' title='bbox 240 407 393 467; x_wconf 76' lang='lat' dir='ltr'><strong>usi</strong></span> <span class='ocrx_word' id='word_1_8' title='bbox 1205 385 1545 471; x_wconf 62' lang='lat' dir='ltr'><strong>Nomas.</strong></span> <span class='ocrx_word' id='word_1_9' title='bbox 1595 443 1672 453; x_wconf 90' lang='lat'><strong>—</strong></span> <span class='ocrx_word' id='word_1_10' title='bbox 1717 411 1734 470; x_wconf 88' lang='lat' dir='ltr'><strong>l</strong></span> <span class='ocrx_word' id='word_1_11' title='bbox 1783 410 1885 471; x_wconf 77' lang='lat' dir='ltr'><strong>ne</strong></span> <span class='ocrx_word' id='word_1_12' title='bbox 1928 411 2121 472; x_wconf 86' lang='lat' dir='ltr'><strong>VITA</strong></span> <span class='ocrx_word' id='word_1_13' title='bbox 2278 409 2727 471; x_wconf 82' lang='lat' dir='ltr'><strong>MELITONIS.</strong></span> 
     </span>
    </p>
   </div>
   <div class='ocr_carea' id='block_1_4' title="bbox 631 558 3240 627">
    <p class='ocr_par' dir='ltr' id='par_1_4' title="bbox 631 558 3240 627">
     <span class='ocr_line' id='line_1_4' title="bbox 631 558 3240 627; baseline 0 -13"><span class='ocrx_word' id='word_1_14' title='bbox 631 559 657 627; x_wconf 65' lang='grc' dir='ltr'>ὃ</span> <span class='ocrx_word' id='word_1_15' title='bbox 689 559 831 617; x_wconf 83' lang='lat' dir='ltr'><strong>XVI.</strong></span> <span class='ocrx_word' id='word_1_16' title='bbox 864 562 939 615; x_wconf 92' lang='lat' dir='ltr'><strong>De</strong></span> <span class='ocrx_word' id='word_1_17' title='bbox 966 558 1149 615; x_wconf 83' lang='lat' dir='ltr'><strong>sedata</strong></span> <span class='ocrx_word' id='word_1_18' title='bbox 1181 560 1237 615; x_wconf 85' lang='lat' dir='ltr'><strong>in</strong></span> <span class='ocrx_word' id='word_1_19' title='bbox 1271 560 1515 617; x_wconf 78' lang='lat' dir='ltr'><strong>Ecclesia</strong></span> <span class='ocrx_word' id='word_1_20' title='bbox 1549 561 1854 618; x_wconf 74' lang='lat' dir='ltr'><strong>Laodiceae</strong></span> <span class='ocrx_word' id='word_1_21' title='bbox 1890 562 2045 620; x_wconf 83' lang='lat' dir='ltr'><strong>circa</strong></span> <span class='ocrx_word' id='word_1_22' title='bbox 2076 562 2371 619; x_wconf 78' lang='lat' dir='ltr'><strong>Paschatos</strong></span> <span class='ocrx_word' id='word_1_23' title='bbox 2391 561 2807 618; x_wconf 76' lang='lat' dir='ltr'><strong>celebrationem</strong></span> <span class='ocrx_word' id='word_1_24' title='bbox 2839 558 3240 615; x_wconf 86' lang='lat' dir='ltr'><strong>conlroversia.</strong></span> 
     </span>
    </p>
   </div>
   <div class='ocr_carea' id='block_1_5' title="bbox 321 704 3640 781">
    <p class='ocr_par' dir='ltr' id='par_1_5' title="bbox 321 704 3640 781">
     <span class='ocr_line' id='line_1_5' title="bbox 321 704 3640 781; baseline 0 -21"><span class='ocrx_word' id='word_1_25' title='bbox 321 707 490 761; x_wconf 87' lang='lat' dir='ltr'><strong>Porro</strong></span> <span class='ocrx_word' id='word_1_26' title='bbox 519 704 773 776; x_wconf 86' lang='lat' dir='ltr'><strong>episcopi</strong></span> <span class='ocrx_word' id='word_1_27' title='bbox 808 705 1075 777; x_wconf 88' lang='lat' dir='ltr'><strong>partibus</strong></span> <span class='ocrx_word' id='word_1_28' title='bbox 1105 706 1333 778; x_wconf 83' lang='lat' dir='ltr'><strong><em>egregie</em></strong></span> <span class='ocrx_word' id='word_1_29' title='bbox 1364 707 1599 763; x_wconf 85' lang='lat' dir='ltr'><strong>functus</strong></span> <span class='ocrx_word' id='word_1_30' title='bbox 1628 716 1714 763; x_wconf 88' lang='lat' dir='ltr'><strong>est</strong></span> <span class='ocrx_word' id='word_1_31' title='bbox 1745 711 1944 763; x_wconf 90' lang='lat' dir='ltr'><strong>noster</strong></span> <span class='ocrx_word' id='word_1_32' title='bbox 1970 707 2031 763; x_wconf 90' lang='lat' dir='ltr'><strong>in</strong></span> <span class='ocrx_word' id='word_1_33' title='bbox 2062 724 2150 778; x_wconf 91' lang='lat' dir='ltr'><strong>eo,</strong></span> <span class='ocrx_word' id='word_1_34' title='bbox 2183 709 2338 781; x_wconf 89' lang='lat' dir='ltr'><strong>quod</strong></span> <span class='ocrx_word' id='word_1_35' title='bbox 2374 709 2498 779; x_wconf 83' lang='lat' dir='ltr'><strong>paci</strong></span> <span class='ocrx_word' id='word_1_36' title='bbox 2530 707 2588 762; x_wconf 88' lang='lat' dir='ltr'><strong>in</strong></span> <span class='ocrx_word' id='word_1_37' title='bbox 2613 705 2870 762; x_wconf 80' lang='lat' dir='ltr'><strong>Ecclesia</strong></span> <span class='ocrx_word' id='word_1_38' title='bbox 2896 704 3210 771; x_wconf 69' lang='lat' dir='ltr'><strong>servandae,</strong></span> <span class='ocrx_word' id='word_1_39' title='bbox 3230 708 3286 758; x_wconf 92' lang='lat' dir='ltr'><strong>et</strong></span> <span class='ocrx_word' id='word_1_40' title='bbox 3316 704 3467 759; x_wconf 89' lang='lat' dir='ltr'><strong>inter</strong></span> <span class='ocrx_word' id='word_1_41' title='bbox 3504 705 3640 761; x_wconf 82' lang='lat' dir='ltr'><strong>ﬁdei</strong></span> 
     </span>
    </p>
   </div>
   <div class='ocr_carea' id='block_1_6' title="bbox 251 794 3643 869">
    <p class='ocr_par' dir='ltr' id='par_1_6' title="bbox 251 794 3643 869">
     <span class='ocr_line' id='line_1_6' title="bbox 251 794 3643 869; baseline -0.001 -18"><span class='ocrx_word' id='word_1_42' title='bbox 251 796 609 852; x_wconf 87' lang='lat' dir='ltr'><strong>domesticos</strong></span> <span class='ocrx_word' id='word_1_43' title='bbox 632 796 849 851; x_wconf 81' lang='lat' dir='ltr'><strong>exortis</strong></span> <span class='ocrx_word' id='word_1_44' title='bbox 870 795 1132 851; x_wconf 89' lang='lat' dir='ltr'><strong>dissidiis</strong></span> <span class='ocrx_word' id='word_1_45' title='bbox 1154 796 1431 853; x_wconf 78' lang='lat' dir='ltr'><strong>sedandis</strong></span> <span class='ocrx_word' id='word_1_46' title='bbox 1460 813 1691 853; x_wconf 89' lang='lat' dir='ltr'><strong>omnem</strong></span> <span class='ocrx_word' id='word_1_47' title='bbox 1715 799 2028 866; x_wconf 87' lang='lat' dir='ltr'><strong>navaverit,</strong></span> <span class='ocrx_word' id='word_1_48' title='bbox 2059 813 2314 869; x_wconf 80' lang='lat' dir='ltr'><strong>operam.</strong></span> <span class='ocrx_word' id='word_1_49' title='bbox 2336 798 2493 853; x_wconf 89' lang='lat' dir='ltr'><strong>Hanc</strong></span> <span class='ocrx_word' id='word_1_50' title='bbox 2511 796 2798 853; x_wconf 83' lang='lat' dir='ltr'><strong>Melitonis</strong></span> <span class='ocrx_word' id='word_1_51' title='bbox 2819 794 3161 866; x_wconf 84' lang='lat' dir='ltr'><strong>prudentem</strong></span> <span class='ocrx_word' id='word_1_52' title='bbox 3184 809 3384 848; x_wconf 88' lang='lat' dir='ltr'><strong>curam</strong></span> <span class='ocrx_word' id='word_1_53' title='bbox 3411 801 3643 863; x_wconf 84' lang='lat' dir='ltr'><strong>experta</strong></span> 
     </span>
    </p>
   </div>
   <div class='ocr_carea' id='block_1_7' title="bbox 246 884 3639 958">
    <p class='ocr_par' dir='ltr' id='par_1_7' title="bbox 246 884 3639 958">
     <span class='ocr_line' id='line_1_7' title="bbox 246 884 3639 958; baseline -0.002 -16"><span class='ocrx_word' id='word_1_54' title='bbox 246 891 340 942; x_wconf 88' lang='lat' dir='ltr'><strong>est</strong></span> <span class='ocrx_word' id='word_1_55' title='bbox 371 886 659 958; x_wconf 64' lang='lat' dir='ltr'><strong>praecipue</strong></span> <span class='ocrx_word' id='word_1_56' title='bbox 689 885 881 940; x_wconf 89' lang='lat' dir='ltr'><strong>vicina</strong></span> <span class='ocrx_word' id='word_1_57' title='bbox 915 884 1238 940; x_wconf 88' lang='lat' dir='ltr'><strong>Laodiccna</strong></span> <span class='ocrx_word' id='word_1_58' title='bbox 1268 885 1542 955; x_wconf 80' lang='lat' dir='ltr'><strong>Ecclesia,</strong></span> <span class='ocrx_word' id='word_1_59' title='bbox 1577 888 1632 941; x_wconf 90' lang='lat' dir='ltr'><strong>in</strong></span> <span class='ocrx_word' id='word_1_60' title='bbox 1662 903 1776 958; x_wconf 88' lang='lat' dir='ltr'><strong>qua</strong></span> <span class='ocrx_word' id='word_1_61' title='bbox 1808 887 1881 941; x_wconf 92' lang='lat' dir='ltr'><strong>ob</strong></span> <span class='ocrx_word' id='word_1_62' title='bbox 1909 886 2223 942; x_wconf 85' lang='lat' dir='ltr'><strong>Pascbatos</strong></span> <span class='ocrx_word' id='word_1_63' title='bbox 2251 886 2697 942; x_wconf 76' lang='lat' dir='ltr'><strong>celebrationem</strong></span> <span class='ocrx_word' id='word_1_64' title='bbox 2732 885 2911 939; x_wconf 67' lang='lat' dir='ltr'><strong>turbae</strong></span> <span class='ocrx_word' id='word_1_65' title='bbox 2942 887 3108 938; x_wconf 84' lang='lat' dir='ltr'><strong>erant</strong></span> <span class='ocrx_word' id='word_1_66' title='bbox 3140 886 3369 937; x_wconf 65' lang='lat' dir='ltr'><strong>exortae.</strong></span> <span class='ocrx_word' id='word_1_67' title='bbox 3400 884 3639 936; x_wconf 79' lang='lat' dir='ltr'><strong>Constat</strong></span> 
     </span>
    </p>
   </div>
   <div class='ocr_carea' id='block_1_8' title="bbox 246 972 3634 1048">
    <p class='ocr_par' dir='ltr' id='par_1_8' title="bbox 246 972 3634 1048">
     <span class='ocr_line' id='line_1_8' title="bbox 246 972 3634 1048; baseline -0.002 -16"><span class='ocrx_word' id='word_1_68' title='bbox 246 977 403 1033; x_wconf 90' lang='lat' dir='ltr'><strong>enim</strong></span> <span class='ocrx_word' id='word_1_69' title='bbox 434 976 586 1031; x_wconf 89' lang='lat' dir='ltr'><strong>inter</strong></span> <span class='ocrx_word' id='word_1_70' title='bbox 608 991 833 1044; x_wconf 88' lang='lat' dir='ltr'><strong>omnes,</strong></span> <span class='ocrx_word' id='word_1_71' title='bbox 866 980 924 1031; x_wconf 88' lang='lat' dir='ltr'><strong>et</strong></span> <span class='ocrx_word' id='word_1_72' title='bbox 952 974 1208 1031; x_wconf 85' lang='lat' dir='ltr'><strong>Socratis</strong></span> <span class='ocrx_word' id='word_1_73' title='bbox 1236 975 1347 1046; x_wconf 83' lang='grc'>(48)</span> <span class='ocrx_word' id='word_1_74' title='bbox 1375 975 1621 1048; x_wconf 81' lang='lat' dir='ltr'><strong>insuper</strong></span> <span class='ocrx_word' id='word_1_75' title='bbox 1650 975 1985 1032; x_wconf 87' lang='lat' dir='ltr'><strong>testimonio</strong></span> <span class='ocrx_word' id='word_1_76' title='bbox 2043 976 2276 1047; x_wconf 88' lang='lat' dir='ltr'><strong>probari</strong></span> <span class='ocrx_word' id='word_1_77' title='bbox 2312 980 2518 1046; x_wconf 89' lang='lat' dir='ltr'><strong>potest,</strong></span> <span class='ocrx_word' id='word_1_78' title='bbox 2550 991 2739 1046; x_wconf 87' lang='lat' dir='ltr'><strong>neque</strong></span> <span class='ocrx_word' id='word_1_79' title='bbox 2769 974 3086 1043; x_wconf 74' lang='lat' dir='ltr'><strong>Christum,</strong></span> <span class='ocrx_word' id='word_1_80' title='bbox 3121 988 3309 1043; x_wconf 88' lang='lat' dir='ltr'><strong>neque</strong></span> <span class='ocrx_word' id='word_1_81' title='bbox 3338 972 3634 1043; x_wconf 78' lang='lat' dir='ltr'><strong>apostolos</strong></span> 
     </span>
    </p>
   </div>
   <div class='ocr_carea' id='block_1_9' title="bbox 239 1058 3632 1137">
    <p class='ocr_par' dir='ltr' id='par_1_9' title="bbox 239 1058 3632 1137">
     <span class='ocr_line' id='line_1_9' title="bbox 239 1058 3632 1137; baseline -0.002 -16"><span class='ocrx_word' id='word_1_82' title='bbox 239 1069 407 1121; x_wconf 84' lang='lat' dir='ltr'><strong>certa</strong></span> <span class='ocrx_word' id='word_1_83' title='bbox 427 1064 555 1137; x_wconf 88' lang='lat' dir='ltr'><strong>lege</strong></span> <span class='ocrx_word' id='word_1_84' title='bbox 576 1065 873 1121; x_wconf 86' lang='lat' dir='ltr'><strong>Pascbatis</strong></span> <span class='ocrx_word' id='word_1_85' title='bbox 902 1063 1232 1120; x_wconf 69' lang='lat' dir='ltr'><strong>celebrandi</strong></span> <span class='ocrx_word' id='word_1_86' title='bbox 1254 1063 1409 1119; x_wconf 87' lang='lat' dir='ltr'><strong>diem</strong></span> <span class='ocrx_word' id='word_1_87' title='bbox 1444 1065 1810 1137; x_wconf 62' lang='lat' dir='ltr'><strong>praecepisse,</strong></span> <span class='ocrx_word' id='word_1_88' title='bbox 1842 1064 1943 1119; x_wconf 89' lang='lat' dir='ltr'><strong>sed</strong></span> <span class='ocrx_word' id='word_1_89' title='bbox 1976 1063 2306 1120; x_wconf 78' lang='lat' dir='ltr'><strong>festivitatis</strong></span> <span class='ocrx_word' id='word_1_90' title='bbox 2339 1064 2512 1131; x_wconf 87' lang='lat' dir='ltr'><strong>hujus</strong></span> <span class='ocrx_word' id='word_1_91' title='bbox 2542 1067 2776 1132; x_wconf 84' lang='lat' dir='ltr'><strong>tempus</strong></span> <span class='ocrx_word' id='word_1_92' title='bbox 2800 1059 3190 1115; x_wconf 85' lang='lat' dir='ltr'><strong>Ecclesiarum</strong></span> <span class='ocrx_word' id='word_1_93' title='bbox 3224 1059 3465 1115; x_wconf 86' lang='lat' dir='ltr'><strong>arbitrio</strong></span> <span class='ocrx_word' id='word_1_94' title='bbox 3498 1058 3632 1114; x_wconf 87' lang='lat' dir='ltr'><strong>reli-</strong></span> 
     </span>
    </p>
   </div>
   <div class='ocr_carea' id='block_1_10' title="bbox 239 1148 3635 1227">
    <p class='ocr_par' dir='ltr' id='par_1_10' title="bbox 239 1148 3635 1227">
     <span class='ocr_line' id='line_1_10' title="bbox 239 1148 3635 1227; baseline -0.002 -19"><span class='ocrx_word' id='word_1_95' title='bbox 239 1155 469 1227; x_wconf 85' lang='lat' dir='ltr'><strong>quisse.</strong></span> <span class='ocrx_word' id='word_1_96' title='bbox 498 1153 641 1210; x_wconf 67' lang='lat' dir='ltr'><strong>Alias</strong></span> <span class='ocrx_word' id='word_1_97' title='bbox 666 1155 884 1226; x_wconf 84' lang='lat' dir='ltr'><strong>itaque,</strong></span> <span class='ocrx_word' id='word_1_98' title='bbox 916 1170 984 1210; x_wconf 85' lang='lat' dir='ltr'><strong>ex</strong></span> <span class='ocrx_word' id='word_1_99' title='bbox 1005 1169 1215 1225; x_wconf 87' lang='lat' dir='ltr'><strong>magna</strong></span> <span class='ocrx_word' id='word_1_100' title='bbox 1246 1155 1541 1210; x_wconf 87' lang='lat' dir='ltr'><strong>nascentis</strong></span> <span class='ocrx_word' id='word_1_101' title='bbox 1571 1153 1839 1210; x_wconf 77' lang='lat' dir='ltr'><strong>Ecclesiae</strong></span> <span class='ocrx_word' id='word_1_102' title='bbox 1860 1169 1991 1209; x_wconf 91' lang='lat' dir='ltr'><strong>cum</strong></span> <span class='ocrx_word' id='word_1_103' title='bbox 2021 1153 2281 1209; x_wconf 83' lang='lat' dir='ltr'><strong>Judaicis</strong></span> <span class='ocrx_word' id='word_1_104' title='bbox 2312 1153 2524 1208; x_wconf 78' lang='lat' dir='ltr'><strong>ritibus</strong></span> <span class='ocrx_word' id='word_1_105' title='bbox 2554 1151 2984 1219; x_wconf 86' lang='lat' dir='ltr'><strong>conformitate,</strong></span> <span class='ocrx_word' id='word_1_106' title='bbox 3012 1152 3213 1207; x_wconf 89' lang='lat' dir='ltr'><strong>eodem</strong></span> <span class='ocrx_word' id='word_1_107' title='bbox 3247 1165 3379 1205; x_wconf 91' lang='lat' dir='ltr'><strong>cum</strong></span> <span class='ocrx_word' id='word_1_108' title='bbox 3411 1148 3635 1204; x_wconf 71' lang='lat' dir='ltr'><strong>Judaais</strong></span> 
     </span>
    </p>
   </div>
   <div class='ocr_carea' id='block_1_11' title="bbox 233 1239 3640 1315">
    <p class='ocr_par' dir='ltr' id='par_1_11' title="bbox 233 1239 3640 1315">
     <span class='ocr_line' id='line_1_11' title="bbox 233 1239 3640 1315; baseline -0.002 -15"><span class='ocrx_word' id='word_1_109' title='bbox 233 1249 510 1315; x_wconf 80' lang='lat' dir='ltr'><strong>tempore</strong></span> <span class='ocrx_word' id='word_1_110' title='bbox 539 1242 686 1299; x_wconf 92' lang='lat' dir='ltr'><strong>illud</strong></span> <span class='ocrx_word' id='word_1_111' title='bbox 719 1243 1133 1300; x_wconf 84' lang='lat' dir='ltr'><strong>celebrandum</strong></span> <span class='ocrx_word' id='word_1_112' title='bbox 1163 1245 1474 1313; x_wconf 86' lang='lat' dir='ltr'><strong>duxerunt,</strong></span> <span class='ocrx_word' id='word_1_113' title='bbox 1500 1244 1623 1300; x_wconf 70' lang='lat' dir='ltr'><strong>aliis</strong></span> <span class='ocrx_word' id='word_1_114' title='bbox 1654 1249 1848 1300; x_wconf 89' lang='lat' dir='ltr'><strong>autem</strong></span> <span class='ocrx_word' id='word_1_115' title='bbox 1880 1243 1974 1300; x_wconf 88' lang='lat' dir='ltr'><strong>die</strong></span> <span class='ocrx_word' id='word_1_116' title='bbox 1998 1243 2299 1299; x_wconf 83' lang='lat' dir='ltr'><strong>Dominica</strong></span> <span class='ocrx_word' id='word_1_117' title='bbox 2329 1242 2487 1298; x_wconf 86' lang='lat' dir='ltr'><strong>istud</strong></span> <span class='ocrx_word' id='word_1_118' title='bbox 2521 1243 2735 1299; x_wconf 86' lang='lat' dir='ltr'><strong>festum</strong></span> <span class='ocrx_word' id='word_1_119' title='bbox 2765 1256 2930 1313; x_wconf 77' lang='lat' dir='ltr'><strong>agere</strong></span> <span class='ocrx_word' id='word_1_120' title='bbox 2962 1240 3312 1296; x_wconf 83' lang='lat' dir='ltr'><strong>maluerunt.</strong></span> <span class='ocrx_word' id='word_1_121' title='bbox 3338 1239 3535 1310; x_wconf 87' lang='lat' dir='ltr'><strong>Neque</strong></span> <span class='ocrx_word' id='word_1_122' title='bbox 3560 1243 3640 1294; x_wconf 87' lang='lat' dir='ltr'><strong>ta-</strong></span> 
     </span>
    </p>
   </div>
   <div class='ocr_carea' id='block_1_12' title="bbox 238 1329 3641 1405">
    <p class='ocr_par' dir='ltr' id='par_1_12' title="bbox 238 1329 3641 1405">
     <span class='ocr_line' id='line_1_12' title="bbox 238 1329 3641 1405; baseline -0.001 -17"><span class='ocrx_word' id='word_1_123' title='bbox 238 1348 379 1388; x_wconf 87' lang='lat' dir='ltr'><strong>men</strong></span> <span class='ocrx_word' id='word_1_124' title='bbox 401 1332 473 1387; x_wconf 84' lang='lat' dir='ltr'><strong>ab</strong></span> <span class='ocrx_word' id='word_1_125' title='bbox 503 1330 673 1387; x_wconf 89' lang='lat' dir='ltr'><strong>initio</strong></span> <span class='ocrx_word' id='word_1_126' title='bbox 693 1331 814 1387; x_wconf 65' lang='lat' dir='ltr'><strong>hinc</strong></span> <span class='ocrx_word' id='word_1_127' title='bbox 843 1331 1144 1387; x_wconf 81' lang='lat' dir='ltr'><strong>diversitas</strong></span> <span class='ocrx_word' id='word_1_128' title='bbox 1174 1331 1528 1387; x_wconf 86' lang='lat' dir='ltr'><strong>discordiam</strong></span> <span class='ocrx_word' id='word_1_129' title='bbox 1561 1331 1807 1405; x_wconf 87' lang='lat' dir='ltr'><strong>peperit,</strong></span> <span class='ocrx_word' id='word_1_130' title='bbox 1836 1332 1936 1387; x_wconf 88' lang='lat' dir='ltr'><strong>sed</strong></span> <span class='ocrx_word' id='word_1_131' title='bbox 1961 1331 2235 1404; x_wconf 67' lang='lat' dir='ltr'><strong>quaelibet</strong></span> <span class='ocrx_word' id='word_1_132' title='bbox 2266 1330 2521 1387; x_wconf 85' lang='lat' dir='ltr'><strong>Ecclesia</strong></span> <span class='ocrx_word' id='word_1_133' title='bbox 2550 1331 2607 1386; x_wconf 90' lang='lat' dir='ltr'><strong>in</strong></span> <span class='ocrx_word' id='word_1_134' title='bbox 2631 1330 2741 1385; x_wconf 92' lang='lat' dir='ltr'><strong>ritu</strong></span> <span class='ocrx_word' id='word_1_135' title='bbox 2771 1330 2881 1386; x_wconf 84' lang='lat' dir='ltr'><strong>hoc</strong></span> <span class='ocrx_word' id='word_1_136' title='bbox 2908 1330 3227 1401; x_wconf 87' lang='lat' dir='ltr'><strong>adiaphoro</strong></span> <span class='ocrx_word' id='word_1_137' title='bbox 3250 1329 3518 1384; x_wconf 78' lang='lat' dir='ltr'><strong>libertate</strong></span> <span class='ocrx_word' id='word_1_138' title='bbox 3535 1344 3641 1384; x_wconf 89' lang='lat' dir='ltr'><strong>sua</strong></span> 
     </span>
    </p>
   </div>
   <div class='ocr_carea' id='block_1_13' title="bbox 238 1420 3643 1493">
    <p class='ocr_par' dir='ltr' id='par_1_13' title="bbox 238 1420 3643 1493">
     <span class='ocr_line' id='line_1_13' title="bbox 238 1420 3643 1493; baseline -0.001 -17"><span class='ocrx_word' id='word_1_139' title='bbox 238 1435 368 1490; x_wconf 84' lang='lat' dir='ltr'><strong>usa,</strong></span> <span class='ocrx_word' id='word_1_140' title='bbox 402 1421 534 1476; x_wconf 89' lang='lat' dir='ltr'><strong>aliis</strong></span> <span class='ocrx_word' id='word_1_141' title='bbox 558 1437 792 1492; x_wconf 84' lang='lat' dir='ltr'><strong>quoque</strong></span> <span class='ocrx_word' id='word_1_142' title='bbox 825 1437 994 1477; x_wconf 89' lang='lat' dir='ltr'><strong>suam</strong></span> <span class='ocrx_word' id='word_1_143' title='bbox 1039 1422 1369 1481; x_wconf 87' lang='lat' dir='ltr'><strong>libertatem</strong></span> <span class='ocrx_word' id='word_1_144' title='bbox 1421 1441 1536 1480; x_wconf 93' lang='lat' dir='ltr'><strong>non</strong></span> <span class='ocrx_word' id='word_1_145' title='bbox 1570 1424 1799 1492; x_wconf 86' lang='lat' dir='ltr'><strong>invidit,</strong></span> <span class='ocrx_word' id='word_1_146' title='bbox 1831 1425 2016 1480; x_wconf 90' lang='lat' dir='ltr'><strong>donec</strong></span> <span class='ocrx_word' id='word_1_147' title='bbox 2043 1423 2339 1479; x_wconf 61' lang='lat' dir='ltr'><strong>Laodiceae</strong></span> <span class='ocrx_word' id='word_1_148' title='bbox 2369 1438 2582 1493; x_wconf 89' lang='lat' dir='ltr'><strong>magna</strong></span> <span class='ocrx_word' id='word_1_149' title='bbox 2614 1422 3005 1478; x_wconf 84' lang='lat' dir='ltr'><strong>controversia</strong></span> <span class='ocrx_word' id='word_1_150' title='bbox 3034 1422 3105 1476; x_wconf 91' lang='lat' dir='ltr'><strong>de</strong></span> <span class='ocrx_word' id='word_1_151' title='bbox 3137 1420 3508 1477; x_wconf 86' lang='lat' dir='ltr'><strong>solemnitate</strong></span> <span class='ocrx_word' id='word_1_152' title='bbox 3539 1436 3643 1491; x_wconf 85' lang='lat' dir='ltr'><strong>pa-</strong></span> 
     </span>
    </p>
   </div>
   <div class='ocr_carea' id='block_1_14' title="bbox 236 1508 3645 1585">
    <p class='ocr_par' dir='ltr' id='par_1_14' title="bbox 236 1508 3645 1585">
     <span class='ocr_line' id='line_1_14' title="bbox 236 1508 3645 1585; baseline -0.001 -19"><span class='ocrx_word' id='word_1_153' title='bbox 236 1511 433 1566; x_wconf 87' lang='lat' dir='ltr'><strong>schali</strong></span> <span class='ocrx_word' id='word_1_154' title='bbox 464 1511 703 1567; x_wconf 80' lang='lat' dir='ltr'><strong>excitata</strong></span> <span class='ocrx_word' id='word_1_155' title='bbox 727 1519 835 1567; x_wconf 87' lang='lat' dir='ltr'><strong>est.</strong></span> <span class='ocrx_word' id='word_1_156' title='bbox 870 1512 933 1566; x_wconf 90' lang='lat' dir='ltr'><strong>In</strong></span> <span class='ocrx_word' id='word_1_157' title='bbox 967 1515 1364 1582; x_wconf 86' lang='lat' dir='ltr'><strong>persecutione</strong></span> <span class='ocrx_word' id='word_1_158' title='bbox 1384 1514 1695 1570; x_wconf 81' lang='lat' dir='ltr'><strong>scilicetM.</strong></span> <span class='ocrx_word' id='word_1_159' title='bbox 1715 1513 1935 1569; x_wconf 89' lang='lat' dir='ltr'><strong>Aurelii</strong></span> <span class='ocrx_word' id='word_1_160' title='bbox 1960 1512 2264 1579; x_wconf 74' lang='lat' dir='ltr'><strong>Antonini,</strong></span> <span class='ocrx_word' id='word_1_161' title='bbox 2292 1511 2550 1584; x_wconf 84' lang='lat' dir='ltr'><strong>Sagarim</strong></span> <span class='ocrx_word' id='word_1_162' title='bbox 2575 1512 2917 1585; x_wconf 87' lang='lat' dir='ltr'><strong>episcopum</strong></span> <span class='ocrx_word' id='word_1_163' title='bbox 2951 1527 3125 1567; x_wconf 90' lang='lat' dir='ltr'><strong>suum</strong></span> <span class='ocrx_word' id='word_1_164' title='bbox 3156 1510 3478 1565; x_wconf 89' lang='lat' dir='ltr'><strong>amiserant</strong></span> <span class='ocrx_word' id='word_1_165' title='bbox 3504 1508 3645 1564; x_wconf 86' lang='lat' dir='ltr'><strong>Lao-</strong></span> 
     </span>
    </p>
   </div>
   <div class='ocr_carea' id='block_1_15' title="bbox 239 1597 3639 1676">
    <p class='ocr_par' dir='ltr' id='par_1_15' title="bbox 239 1597 3639 1676">
     <span class='ocr_line' id='line_1_15' title="bbox 239 1597 3639 1676; baseline -0.001 -20"><span class='ocrx_word' id='word_1_166' title='bbox 239 1601 461 1669; x_wconf 86' lang='lat' dir='ltr'><strong>dieeni,</strong></span> <span class='ocrx_word' id='word_1_167' title='bbox 493 1606 550 1657; x_wconf 87' lang='lat' dir='ltr'><strong>et</strong></span> <span class='ocrx_word' id='word_1_168' title='bbox 579 1601 853 1657; x_wconf 88' lang='lat' dir='ltr'><strong>credibile</strong></span> <span class='ocrx_word' id='word_1_169' title='bbox 885 1607 977 1657; x_wconf 87' lang='lat' dir='ltr'><strong>est</strong></span> <span class='ocrx_word' id='word_1_170' title='bbox 1003 1602 1231 1674; x_wconf 87' lang='lat' dir='ltr'><strong>aliquos</strong></span> <span class='ocrx_word' id='word_1_171' title='bbox 1261 1603 1341 1659; x_wconf 91' lang='lat' dir='ltr'><strong>ibi</strong></span> <span class='ocrx_word' id='word_1_172' title='bbox 1371 1608 1599 1661; x_wconf 83' lang='lat' dir='ltr'><strong>exortes</strong></span> <span class='ocrx_word' id='word_1_173' title='bbox 1629 1603 1835 1673; x_wconf 85' lang='lat' dir='ltr'><strong>fuisse,</strong></span> <span class='ocrx_word' id='word_1_174' title='bbox 1866 1604 1968 1676; x_wconf 94' lang='lat' dir='ltr'><strong>qui</strong></span> <span class='ocrx_word' id='word_1_175' title='bbox 1999 1602 2196 1672; x_wconf 89' lang='lat' dir='ltr'><strong>aliam,</strong></span> <span class='ocrx_word' id='word_1_176' title='bbox 2224 1618 2399 1674; x_wconf 88' lang='lat' dir='ltr'><strong>quam</strong></span> <span class='ocrx_word' id='word_1_177' title='bbox 2430 1600 2520 1658; x_wconf 88' lang='lat' dir='ltr'><strong>vel</strong></span> <span class='ocrx_word' id='word_1_178' title='bbox 2554 1601 2771 1672; x_wconf 55' lang='lat' dir='ltr'><strong>Romae,</strong></span> <span class='ocrx_word' id='word_1_179' title='bbox 2801 1601 2891 1658; x_wconf 88' lang='lat' dir='ltr'><strong>vel</strong></span> <span class='ocrx_word' id='word_1_180' title='bbox 2918 1600 3059 1658; x_wconf 88' lang='lat' dir='ltr'><strong>alibi</strong></span> <span class='ocrx_word' id='word_1_181' title='bbox 3082 1601 3367 1668; x_wconf 86' lang='lat' dir='ltr'><strong>viderant,</strong></span> <span class='ocrx_word' id='word_1_182' title='bbox 3400 1604 3461 1654; x_wconf 76' lang='lat' dir='ltr'><strong>et</strong></span> <span class='ocrx_word' id='word_1_183' title='bbox 3489 1597 3639 1653; x_wconf 65' lang='lat' dir='ltr'><strong>Asiae</strong></span> 
     </span>
    </p>
   </div>
   <div class='ocr_carea' id='block_1_16' title="bbox 243 1688 3638 1762">
    <p class='ocr_par' dir='ltr' id='par_1_16' title="bbox 243 1688 3638 1762">
     <span class='ocr_line' id='line_1_16' title="bbox 243 1688 3638 1762; baseline -0 -18"><span class='ocrx_word' id='word_1_184' title='bbox 243 1689 507 1762; x_wconf 79' lang='lat' dir='ltr'><strong>ignotam</strong></span> <span class='ocrx_word' id='word_1_185' title='bbox 541 1698 598 1745; x_wconf 88' lang='lat' dir='ltr'><strong>et</strong></span> <span class='ocrx_word' id='word_1_186' title='bbox 626 1689 975 1747; x_wconf 87' lang='lat' dir='ltr'><strong>insolentem</strong></span> <span class='ocrx_word' id='word_1_187' title='bbox 998 1692 1503 1761; x_wconf 86' lang='lat' dir='ltr'><strong>consuetudinem,</strong></span> <span class='ocrx_word' id='word_1_188' title='bbox 1534 1693 1902 1750; x_wconf 85' lang='lat' dir='ltr'><strong>introducere</strong></span> <span class='ocrx_word' id='word_1_189' title='bbox 1929 1696 2292 1757; x_wconf 88' lang='lat' dir='ltr'><strong>conarentur,</strong></span> <span class='ocrx_word' id='word_1_190' title='bbox 2330 1692 2691 1748; x_wconf 89' lang='lat' dir='ltr'><strong>Laodicenos</strong></span> <span class='ocrx_word' id='word_1_191' title='bbox 2720 1695 2936 1757; x_wconf 87' lang='lat' dir='ltr'><strong>autem,</strong></span> <span class='ocrx_word' id='word_1_192' title='bbox 2970 1689 3139 1746; x_wconf 87' lang='lat' dir='ltr'><strong>aliter</strong></span> <span class='ocrx_word' id='word_1_193' title='bbox 3159 1706 3191 1744; x_wconf 88' lang='lat' dir='ltr'><strong>a</strong></span> <span class='ocrx_word' id='word_1_194' title='bbox 3216 1688 3471 1761; x_wconf 88' lang='lat' dir='ltr'><strong>pueritia</strong></span> <span class='ocrx_word' id='word_1_195' title='bbox 3499 1688 3638 1743; x_wconf 92' lang='lat' dir='ltr'><strong>edo-</strong></span> 
     </span>
    </p>
   </div>
   <div class='ocr_carea' id='block_1_17' title="bbox 241 1777 3641 1853">
    <p class='ocr_par' dir='ltr' id='par_1_17' title="bbox 241 1777 3641 1853">
     <span class='ocr_line' id='line_1_17' title="bbox 241 1777 3641 1853; baseline -0.001 -19"><span class='ocrx_word' id='word_1_196' title='bbox 241 1786 392 1846; x_wconf 88' lang='lat' dir='ltr'><strong>clos,</strong></span> <span class='ocrx_word' id='word_1_197' title='bbox 425 1779 544 1836; x_wconf 89' lang='lat' dir='ltr'><strong>illis</strong></span> <span class='ocrx_word' id='word_1_198' title='bbox 568 1781 874 1851; x_wconf 83' lang='lat' dir='ltr'><strong>restitisse,</strong></span> <span class='ocrx_word' id='word_1_199' title='bbox 899 1784 1073 1853; x_wconf 88' lang='lat' dir='ltr'><strong>atque</strong></span> <span class='ocrx_word' id='word_1_200' title='bbox 1094 1782 1181 1838; x_wconf 90' lang='lat' dir='ltr'><strong>sic</strong></span> <span class='ocrx_word' id='word_1_201' title='bbox 1201 1788 1398 1839; x_wconf 89' lang='lat' dir='ltr'><strong>natam</strong></span> <span class='ocrx_word' id='word_1_202' title='bbox 1419 1800 1547 1840; x_wconf 88' lang='lat' dir='ltr'><strong>esse</strong></span> <span class='ocrx_word' id='word_1_203' title='bbox 1567 1783 2017 1841; x_wconf 87' lang='lat' dir='ltr'><strong>dissensionem.</strong></span> <span class='ocrx_word' id='word_1_204' title='bbox 2038 1782 2389 1852; x_wconf 87' lang='lat' dir='ltr'><strong>Interposuit</strong></span> <span class='ocrx_word' id='word_1_205' title='bbox 2420 1782 2599 1853; x_wconf 78' lang='lat' dir='ltr'><strong>igitur</strong></span> <span class='ocrx_word' id='word_1_206' title='bbox 2628 1796 2795 1837; x_wconf 85' lang='lat' dir='ltr'><strong>suam</strong></span> <span class='ocrx_word' id='word_1_207' title='bbox 2828 1780 3233 1836; x_wconf 86' lang='lat' dir='ltr'><strong>auctoritatem</strong></span> <span class='ocrx_word' id='word_1_208' title='bbox 3261 1777 3454 1833; x_wconf 87' lang='lat' dir='ltr'><strong>Melite</strong></span> <span class='ocrx_word' id='word_1_209' title='bbox 3471 1781 3641 1848; x_wconf 73' lang='lat' dir='ltr'><strong>atque</strong></span> 
     </span>
    </p>
   </div>
   <div class='ocr_carea' id='block_1_18' title="bbox 237 1866 3646 1946">
    <p class='ocr_par' dir='ltr' id='par_1_18' title="bbox 237 1866 3646 1946">
     <span class='ocr_line' id='line_1_18' title="bbox 237 1866 3646 1946; baseline -0.001 -22"><span class='ocrx_word' id='word_1_210' title='bbox 237 1874 310 1924; x_wconf 87' lang='lat' dir='ltr'><strong>ut</strong></span> <span class='ocrx_word' id='word_1_211' title='bbox 343 1871 512 1925; x_wconf 88' lang='lat' dir='ltr'><strong>refert</strong></span> <span class='ocrx_word' id='word_1_212' title='bbox 544 1869 827 1926; x_wconf 84' lang='lat' dir='ltr'><strong>Eusebius</strong></span> <span class='ocrx_word' id='word_1_213' title='bbox 858 1870 974 1943; x_wconf 83' lang='grc'>(49)</span> <span class='ocrx_word' id='word_1_214' title='bbox 1024 1888 1093 1927; x_wconf 86' lang='lat' dir='ltr'><strong>ex</strong></span> <span class='ocrx_word' id='word_1_215' title='bbox 1121 1871 1249 1945; x_wconf 89' lang='lat' dir='ltr'><strong>ipso</strong></span> <span class='ocrx_word' id='word_1_216' title='bbox 1277 1872 1568 1930; x_wconf 89' lang='lat' dir='ltr'><strong>Melitonis</strong></span> <span class='ocrx_word' id='word_1_217' title='bbox 1626 1890 1817 1946; x_wconf 89' lang='lat' dir='ltr'><strong>opere,</strong></span> <span class='ocrx_word' id='word_1_218' title='bbox 1848 1872 2087 1929; x_wconf 89' lang='lat' dir='ltr'><strong>Servilio</strong></span> <span class='ocrx_word' id='word_1_219' title='bbox 2132 1870 2307 1928; x_wconf 89' lang='lat' dir='ltr'><strong>Paulo</strong></span> <span class='ocrx_word' id='word_1_220' title='bbox 2363 1872 2514 1928; x_wconf 79' lang='lat' dir='ltr'><strong>Asia:</strong></span> <span class='ocrx_word' id='word_1_221' title='bbox 2548 1870 2911 1944; x_wconf 88' lang='lat' dir='ltr'><strong>proconsule,</strong></span> <span class='ocrx_word' id='word_1_222' title='bbox 2947 1887 3058 1942; x_wconf 88' lang='lat' dir='ltr'><strong>quo</strong></span> <span class='ocrx_word' id='word_1_223' title='bbox 3094 1874 3356 1940; x_wconf 87' lang='lat' dir='ltr'><strong>tempore</strong></span> <span class='ocrx_word' id='word_1_224' title='bbox 3412 1866 3646 1939; x_wconf 85' lang='lat' dir='ltr'><strong>Sagaris</strong></span> 
     </span>
    </p>
   </div>
   <div class='ocr_carea' id='block_1_19' title="bbox 238 1955 3650 2032">
    <p class='ocr_par' dir='ltr' id='par_1_19' title="bbox 238 1955 3650 2032">
     <span class='ocr_line' id='line_1_19' title="bbox 238 1955 3650 2032; baseline -0.001 -19"><span class='ocrx_word' id='word_1_225' title='bbox 238 1960 589 2032; x_wconf 81' lang='lat' dir='ltr'><strong>martyrium</strong></span> <span class='ocrx_word' id='word_1_226' title='bbox 615 1975 828 2032; x_wconf 88' lang='lat' dir='ltr'><strong>passus</strong></span> <span class='ocrx_word' id='word_1_227' title='bbox 858 1965 966 2025; x_wconf 84' lang='lat' dir='ltr'><strong>est,</strong></span> <span class='ocrx_word' id='word_1_228' title='bbox 1001 1962 1310 2019; x_wconf 74' lang='lat' dir='ltr'><strong>festinante</strong></span> <span class='ocrx_word' id='word_1_229' title='bbox 1341 1963 1562 2019; x_wconf 84' lang='lat' dir='ltr'><strong>calamo</strong></span> <span class='ocrx_word' id='word_1_230' title='bbox 1588 1965 1735 2020; x_wconf 91' lang='lat' dir='ltr'><strong>duos</strong></span> <span class='ocrx_word' id='word_1_231' title='bbox 1767 1965 1838 2020; x_wconf 91' lang='lat' dir='ltr'><strong>de</strong></span> <span class='ocrx_word' id='word_1_232' title='bbox 1876 1963 2157 2020; x_wconf 85' lang='lat' dir='ltr'><strong>Paschate</strong></span> <span class='ocrx_word' id='word_1_233' title='bbox 2187 1964 2442 2019; x_wconf 84' lang='lat' dir='ltr'><strong>exaravit</strong></span> <span class='ocrx_word' id='word_1_234' title='bbox 2494 1963 2696 2031; x_wconf 89' lang='lat' dir='ltr'><strong>libros,</strong></span> <span class='ocrx_word' id='word_1_235' title='bbox 2728 1963 2787 2017; x_wconf 92' lang='lat' dir='ltr'><strong>in</strong></span> <span class='ocrx_word' id='word_1_236' title='bbox 2822 1962 3036 2032; x_wconf 85' lang='lat' dir='ltr'><strong>quibus</strong></span> <span class='ocrx_word' id='word_1_237' title='bbox 3073 1959 3291 2028; x_wconf 86' lang='lat' dir='ltr'><strong>docuit,</strong></span> <span class='ocrx_word' id='word_1_238' title='bbox 3324 1974 3492 2013; x_wconf 88' lang='lat' dir='ltr'><strong>suam</strong></span> <span class='ocrx_word' id='word_1_239' title='bbox 3528 1955 3650 2011; x_wconf 86' lang='lat' dir='ltr'><strong>uni-</strong></span> 
     </span>
    </p>
   </div>
   <div class='ocr_carea' id='block_1_20' title="bbox 238 2047 3646 2123">
    <p class='ocr_par' dir='ltr' id='par_1_20' title="bbox 238 2047 3646 2123">
     <span class='ocr_line' id='line_1_20' title="bbox 238 2047 3646 2123; baseline -0 -20"><span class='ocrx_word' id='word_1_240' title='bbox 238 2047 457 2120; x_wconf 90' lang='lat' dir='ltr'><strong>cuique</strong></span> <span class='ocrx_word' id='word_1_241' title='bbox 487 2048 757 2104; x_wconf 83' lang='lat' dir='ltr'><strong>Ecclesiae</strong></span> <span class='ocrx_word' id='word_1_242' title='bbox 789 2050 1212 2107; x_wconf 85' lang='lat' dir='ltr'><strong>observandam</strong></span> <span class='ocrx_word' id='word_1_243' title='bbox 1244 2069 1373 2109; x_wconf 85' lang='lat' dir='ltr'><strong>esse</strong></span> <span class='ocrx_word' id='word_1_244' title='bbox 1402 2054 1914 2121; x_wconf 87' lang='lat' dir='ltr'><strong>consuetudinem,</strong></span> <span class='ocrx_word' id='word_1_245' title='bbox 1946 2069 2054 2110; x_wconf 89' lang='lat' dir='ltr'><strong>nec</strong></span> <span class='ocrx_word' id='word_1_246' title='bbox 2083 2053 2241 2110; x_wconf 86' lang='lat' dir='ltr'><strong>abeo</strong></span> <span class='ocrx_word' id='word_1_247' title='bbox 2272 2053 2685 2120; x_wconf 85' lang='lat' dir='ltr'><strong>recedendum,</strong></span> <span class='ocrx_word' id='word_1_248' title='bbox 2718 2051 2879 2123; x_wconf 89' lang='lat' dir='ltr'><strong>quod</strong></span> <span class='ocrx_word' id='word_1_249' title='bbox 2912 2051 3025 2123; x_wconf 87' lang='lat' dir='ltr'><strong>ipsi</strong></span> <span class='ocrx_word' id='word_1_250' title='bbox 3057 2068 3091 2106; x_wconf 90' lang='lat' dir='ltr'><strong>a</strong></span> <span class='ocrx_word' id='word_1_251' title='bbox 3121 2052 3322 2106; x_wconf 88' lang='lat' dir='ltr'><strong>sancto</strong></span> <span class='ocrx_word' id='word_1_252' title='bbox 3350 2064 3457 2104; x_wconf 92' lang='lat' dir='ltr'><strong>suo</strong></span> <span class='ocrx_word' id='word_1_253' title='bbox 3491 2048 3646 2103; x_wconf 90' lang='lat' dir='ltr'><strong>anti-</strong></span> 
     </span>
    </p>
   </div>
   <div class='ocr_carea' id='block_1_21' title="bbox 238 2138 3641 2215">
    <p class='ocr_par' dir='ltr' id='par_1_21' title="bbox 238 2138 3641 2215">
     <span class='ocr_line' id='line_1_21' title="bbox 238 2138 3641 2215; baseline 0 -21"><span class='ocrx_word' id='word_1_254' title='bbox 238 2138 405 2206; x_wconf 83' lang='lat' dir='ltr'><strong>stite,</strong></span> <span class='ocrx_word' id='word_1_255' title='bbox 432 2154 590 2194; x_wconf 91' lang='lat' dir='ltr'><strong>nunc</strong></span> <span class='ocrx_word' id='word_1_256' title='bbox 620 2138 835 2211; x_wconf 88' lang='lat' dir='ltr'><strong>glorise</strong></span> <span class='ocrx_word' id='word_1_257' title='bbox 867 2145 1142 2213; x_wconf 84' lang='lat' dir='ltr'><strong>martyre,</strong></span> <span class='ocrx_word' id='word_1_258' title='bbox 1175 2143 1524 2214; x_wconf 87' lang='lat' dir='ltr'><strong>acceperint,</strong></span> <span class='ocrx_word' id='word_1_259' title='bbox 1556 2144 1956 2215; x_wconf 87' lang='lat' dir='ltr'><strong>traditumque</strong></span> <span class='ocrx_word' id='word_1_260' title='bbox 1978 2142 2307 2215; x_wconf 88' lang='lat' dir='ltr'><strong>antiquitus</strong></span> <span class='ocrx_word' id='word_1_261' title='bbox 2338 2158 2581 2210; x_wconf 86' lang='lat' dir='ltr'><strong>morem,</strong></span> <span class='ocrx_word' id='word_1_262' title='bbox 2613 2142 2834 2198; x_wconf 86' lang='lat' dir='ltr'><strong>Pascha</strong></span> <span class='ocrx_word' id='word_1_263' title='bbox 2855 2141 2947 2197; x_wconf 85' lang='lat' dir='ltr'><strong>die</strong></span> <span class='ocrx_word' id='word_1_264' title='bbox 2980 2140 3208 2196; x_wconf 90' lang='lat' dir='ltr'><strong>decima</strong></span> <span class='ocrx_word' id='word_1_265' title='bbox 3228 2143 3437 2211; x_wconf 86' lang='lat' dir='ltr'><strong>quarta</strong></span> <span class='ocrx_word' id='word_1_266' title='bbox 3453 2138 3641 2194; x_wconf 85' lang='lat' dir='ltr'><strong>obser-</strong></span> 
     </span>
    </p>
   </div>
   <div class='ocr_carea' id='block_1_22' title="bbox 232 2227 3639 2305">
    <p class='ocr_par' dir='ltr' id='par_1_22' title="bbox 232 2227 3639 2305">
     <span class='ocr_line' id='line_1_22' title="bbox 232 2227 3639 2305; baseline 0.001 -23"><span class='ocrx_word' id='word_1_267' title='bbox 232 2227 438 2296; x_wconf 85' lang='lat' dir='ltr'><strong>vandi,</strong></span> <span class='ocrx_word' id='word_1_268' title='bbox 472 2233 810 2285; x_wconf 88' lang='lat' dir='ltr'><strong>constanter</strong></span> <span class='ocrx_word' id='word_1_269' title='bbox 833 2245 963 2285; x_wconf 87' lang='lat' dir='ltr'><strong>esse</strong></span> <span class='ocrx_word' id='word_1_270' title='bbox 992 2229 1382 2287; x_wconf 87' lang='lat' dir='ltr'><strong>retinendum.</strong></span> <span class='ocrx_word' id='word_1_271' title='bbox 1416 2235 1533 2287; x_wconf 78' lang='lat' dir='ltr'><strong>Hoc</strong></span> <span class='ocrx_word' id='word_1_272' title='bbox 1555 2233 1710 2289; x_wconf 89' lang='lat' dir='ltr'><strong>enim</strong></span> <span class='ocrx_word' id='word_1_273' title='bbox 1742 2232 2063 2305; x_wconf 82' lang='lat' dir='ltr'><strong>Polycratis</strong></span> <span class='ocrx_word' id='word_1_274' title='bbox 2094 2231 2401 2304; x_wconf 78' lang='lat' dir='ltr'><strong>profitetur</strong></span> <span class='ocrx_word' id='word_1_275' title='bbox 2430 2231 2673 2302; x_wconf 82' lang='lat' dir='ltr'><strong>Epistola</strong></span> <span class='ocrx_word' id='word_1_276' title='bbox 2699 2231 2979 2304; x_wconf 82' lang='lat' dir='ltr'><strong>Synodiea</strong></span> <span class='ocrx_word' id='word_1_277' title='bbox 3001 2230 3137 2305; x_wconf 85' lang='grc'>(50),</span> <span class='ocrx_word' id='word_1_278' title='bbox 3176 2231 3348 2302; x_wconf 87' lang='lat' dir='ltr'><strong>cujus</strong></span> <span class='ocrx_word' id='word_1_279' title='bbox 3378 2234 3639 2301; x_wconf 88' lang='lat' dir='ltr'><strong>tempore</strong></span> 
     </span>
    </p>
   </div>
   <div class='ocr_carea' id='block_1_23' title="bbox 236 2317 3634 2394">
    <p class='ocr_par' dir='ltr' id='par_1_23' title="bbox 236 2317 3634 2394">
     <span class='ocr_line' id='line_1_23' title="bbox 236 2317 3634 2394; baseline 0.001 -23"><span class='ocrx_word' id='word_1_280' title='bbox 236 2318 354 2372; x_wconf 90' lang='lat' dir='ltr'><strong>sub</strong></span> <span class='ocrx_word' id='word_1_281' title='bbox 373 2317 671 2373; x_wconf 89' lang='lat' dir='ltr'><strong>Commodi</strong></span> <span class='ocrx_word' id='word_1_282' title='bbox 696 2318 942 2390; x_wconf 90' lang='lat' dir='ltr'><strong>imperio</strong></span> <span class='ocrx_word' id='word_1_283' title='bbox 965 2324 1025 2374; x_wconf 87' lang='lat' dir='ltr'><strong>et</strong></span> <span class='ocrx_word' id='word_1_284' title='bbox 1052 2318 1300 2376; x_wconf 85' lang='lat' dir='ltr'><strong>Victoris</strong></span> <span class='ocrx_word' id='word_1_285' title='bbox 1319 2321 1662 2393; x_wconf 81' lang='lat' dir='ltr'><strong>pontificatu</strong></span> <span class='ocrx_word' id='word_1_286' title='bbox 1686 2321 1857 2394; x_wconf 89' lang='lat' dir='ltr'><strong>longe</strong></span> <span class='ocrx_word' id='word_1_287' title='bbox 1889 2322 2140 2392; x_wconf 86' lang='lat' dir='ltr'><strong>majores</strong></span> <span class='ocrx_word' id='word_1_288' title='bbox 2162 2321 2234 2377; x_wconf 92' lang='lat' dir='ltr'><strong>de</strong></span> <span class='ocrx_word' id='word_1_289' title='bbox 2253 2319 2627 2377; x_wconf 89' lang='lat' dir='ltr'><strong>solemnitate</strong></span> <span class='ocrx_word' id='word_1_290' title='bbox 2648 2320 2906 2393; x_wconf 79' lang='lat' dir='ltr'><strong>paschali</strong></span> <span class='ocrx_word' id='word_1_291' title='bbox 2934 2328 3142 2377; x_wconf 68' lang='lat' dir='ltr'><strong>exortae</strong></span> <span class='ocrx_word' id='word_1_292' title='bbox 3172 2321 3407 2375; x_wconf 87' lang='lat' dir='ltr'><strong>fuerunt</strong></span> <span class='ocrx_word' id='word_1_293' title='bbox 3431 2319 3634 2374; x_wconf 68' lang='lat' dir='ltr'><strong>turbae.</strong></span> 
     </span>
    </p>
   </div>
   <div class='ocr_carea' id='block_1_24' title="bbox 236 2406 3637 2479">
    <p class='ocr_par' dir='ltr' id='par_1_24' title="bbox 236 2406 3637 2479">
     <span class='ocr_line' id='line_1_24' title="bbox 236 2406 3637 2479; baseline 0 -16"><span class='ocrx_word' id='word_1_294' title='bbox 236 2406 490 2479; x_wconf 87' lang='lat' dir='ltr'><strong>Scriptis</strong></span> <span class='ocrx_word' id='word_1_295' title='bbox 530 2408 733 2479; x_wconf 85' lang='lat' dir='ltr'><strong>itaque</strong></span> <span class='ocrx_word' id='word_1_296' title='bbox 762 2409 887 2465; x_wconf 87' lang='lat' dir='ltr'><strong>suis</strong></span> <span class='ocrx_word' id='word_1_297' title='bbox 918 2410 990 2465; x_wconf 89' lang='lat' dir='ltr'><strong>de</strong></span> <span class='ocrx_word' id='word_1_298' title='bbox 1022 2409 1306 2466; x_wconf 87' lang='lat' dir='ltr'><strong>Paschate</strong></span> <span class='ocrx_word' id='word_1_299' title='bbox 1336 2410 1501 2468; x_wconf 84' lang='lat' dir='ltr'><strong>libris</strong></span> <span class='ocrx_word' id='word_1_300' title='bbox 1548 2410 1746 2467; x_wconf 82' lang='lat' dir='ltr'><strong>Melito</strong></span> <span class='ocrx_word' id='word_1_301' title='bbox 1775 2428 2009 2468; x_wconf 91' lang='lat' dir='ltr'><strong>omnem</strong></span> <span class='ocrx_word' id='word_1_302' title='bbox 2046 2411 2500 2469; x_wconf 87' lang='lat' dir='ltr'><strong>controversiam</strong></span> <span class='ocrx_word' id='word_1_303' title='bbox 2532 2410 2787 2479; x_wconf 87' lang='lat' dir='ltr'><strong>diremit,</strong></span> <span class='ocrx_word' id='word_1_304' title='bbox 2820 2416 2878 2467; x_wconf 89' lang='lat' dir='ltr'><strong>et</strong></span> <span class='ocrx_word' id='word_1_305' title='bbox 2912 2411 3174 2468; x_wconf 68' lang='lat' dir='ltr'><strong>Ecclesiae</strong></span> <span class='ocrx_word' id='word_1_306' title='bbox 3205 2410 3488 2465; x_wconf 89' lang='lat' dir='ltr'><strong>unitatem</strong></span> <span class='ocrx_word' id='word_1_307' title='bbox 3537 2425 3637 2478; x_wconf 87' lang='lat' dir='ltr'><strong>pa-</strong></span> 
     </span>
    </p>
   </div>
   <div class='ocr_carea' id='block_1_25' title="bbox 232 2496 3639 2574">
    <p class='ocr_par' dir='ltr' id='par_1_25' title="bbox 232 2496 3639 2574">
     <span class='ocr_line' id='line_1_25' title="bbox 232 2496 3639 2574; baseline 0 -24"><span class='ocrx_word' id='word_1_308' title='bbox 232 2510 485 2568; x_wconf 89' lang='lat' dir='ltr'><strong>cemque</strong></span> <span class='ocrx_word' id='word_1_309' title='bbox 512 2496 783 2552; x_wconf 89' lang='lat' dir='ltr'><strong>reddidit.</strong></span> <span class='ocrx_word' id='word_1_310' title='bbox 817 2500 994 2555; x_wconf 79' lang='lat' dir='ltr'><strong>Addit</strong></span> <span class='ocrx_word' id='word_1_311' title='bbox 1022 2500 1307 2555; x_wconf 86' lang='lat' dir='ltr'><strong>Eusebius</strong></span> <span class='ocrx_word' id='word_1_312' title='bbox 1338 2501 1492 2571; x_wconf 90' lang='lat' dir='ltr'><strong>quod</strong></span> <span class='ocrx_word' id='word_1_313' title='bbox 1528 2500 1708 2572; x_wconf 89' lang='lat' dir='ltr'><strong>hujus</strong></span> <span class='ocrx_word' id='word_1_314' title='bbox 1737 2501 1963 2574; x_wconf 89' lang='lat' dir='ltr'><strong>scripti,</strong></span> <span class='ocrx_word' id='word_1_315' title='bbox 1991 2518 2024 2557; x_wconf 87' lang='lat' dir='ltr'><strong>a</strong></span> <span class='ocrx_word' id='word_1_316' title='bbox 2071 2501 2344 2557; x_wconf 90' lang='lat' dir='ltr'><strong>Melitone</strong></span> <span class='ocrx_word' id='word_1_317' title='bbox 2373 2500 2537 2570; x_wconf 89' lang='lat' dir='ltr'><strong>editi,</strong></span> <span class='ocrx_word' id='word_1_318' title='bbox 2569 2500 2740 2557; x_wconf 87' lang='lat' dir='ltr'><strong>etiam</strong></span> <span class='ocrx_word' id='word_1_319' title='bbox 2776 2501 3042 2558; x_wconf 89' lang='lat' dir='ltr'><strong>Clemens</strong></span> <span class='ocrx_word' id='word_1_320' title='bbox 3069 2500 3496 2558; x_wconf 80' lang='lat' dir='ltr'><strong>Alexandrinus</strong></span> <span class='ocrx_word' id='word_1_321' title='bbox 3529 2499 3639 2571; x_wconf 81' lang='grc'>(51)</span> 
     </span>
    </p>
   </div>
   <div class='ocr_carea' id='block_1_26' title="bbox 235 2589 3647 2665">
    <p class='ocr_par' dir='ltr' id='par_1_26' title="bbox 235 2589 3647 2665">
     <span class='ocr_line' id='line_1_26' title="bbox 235 2589 3647 2665; baseline 0 -23"><span class='ocrx_word' id='word_1_322' title='bbox 235 2589 597 2646; x_wconf 88' lang='lat' dir='ltr'><strong>mentionem</strong></span> <span class='ocrx_word' id='word_1_323' title='bbox 632 2589 824 2657; x_wconf 84' lang='lat' dir='ltr'><strong>faciat,</strong></span> <span class='ocrx_word' id='word_1_324' title='bbox 859 2593 915 2644; x_wconf 89' lang='lat' dir='ltr'><strong>et</strong></span> <span class='ocrx_word' id='word_1_325' title='bbox 958 2590 1114 2660; x_wconf 91' lang='lat' dir='ltr'><strong>quod</strong></span> <span class='ocrx_word' id='word_1_326' title='bbox 1146 2589 1255 2645; x_wconf 89' lang='lat' dir='ltr'><strong>hoc</strong></span> <span class='ocrx_word' id='word_1_327' title='bbox 1302 2590 1497 2662; x_wconf 91' lang='lat' dir='ltr'><strong>ipsum</strong></span> <span class='ocrx_word' id='word_1_328' title='bbox 1548 2590 1838 2648; x_wconf 80' lang='lat' dir='ltr'><strong>Melitonis</strong></span> <span class='ocrx_word' id='word_1_329' title='bbox 1876 2591 2161 2664; x_wconf 88' lang='lat' dir='ltr'><strong>scriptum</strong></span> <span class='ocrx_word' id='word_1_330' title='bbox 2193 2593 2472 2651; x_wconf 85' lang='lat' dir='ltr'><strong>Clementi</strong></span> <span class='ocrx_word' id='word_1_331' title='bbox 2527 2590 2687 2648; x_wconf 83' lang='lat' dir='ltr'><strong>Alex.</strong></span> <span class='ocrx_word' id='word_1_332' title='bbox 2719 2592 3086 2648; x_wconf 87' lang='lat' dir='ltr'><strong>occasionem</strong></span> <span class='ocrx_word' id='word_1_333' title='bbox 3121 2591 3459 2665; x_wconf 67' lang='lat' dir='ltr'><strong>praebuerit,</strong></span> <span class='ocrx_word' id='word_1_334' title='bbox 3494 2594 3559 2644; x_wconf 89' lang='lat' dir='ltr'><strong>ut</strong></span> <span class='ocrx_word' id='word_1_335' title='bbox 3588 2593 3647 2643; x_wconf 88' lang='lat' dir='ltr'><strong>et</strong></span> 
     </span>
    </p>
   </div>
   <div class='ocr_carea' id='block_1_27' title="bbox 240 2677 2675 2749">
    <p class='ocr_par' dir='ltr' id='par_1_27' title="bbox 240 2677 2675 2749">
     <span class='ocr_line' id='line_1_27' title="bbox 240 2677 2675 2749; baseline 0.003 -17"><span class='ocrx_word' id='word_1_336' title='bbox 240 2677 373 2749; x_wconf 88' lang='lat' dir='ltr'><strong>ipse</strong></span> <span class='ocrx_word' id='word_1_337' title='bbox 397 2678 610 2734; x_wconf 87' lang='lat' dir='ltr'><strong>librum</strong></span> <span class='ocrx_word' id='word_1_338' title='bbox 645 2684 722 2735; x_wconf 81' lang='lat' dir='ltr'><strong><em>De</em></strong></span> <span class='ocrx_word' id='word_1_339' title='bbox 761 2678 1023 2734; x_wconf 80' lang='lat' dir='ltr'><strong>Paschate</strong></span> <span class='ocrx_word' id='word_1_340' title='bbox 1045 2679 1259 2749; x_wconf 88' lang='lat' dir='ltr'><strong>ederet,</strong></span> <span class='ocrx_word' id='word_1_341' title='bbox 1293 2680 1391 2736; x_wconf 90' lang='lat' dir='ltr'><strong>sed</strong></span> <span class='ocrx_word' id='word_1_342' title='bbox 1426 2684 1698 2737; x_wconf 90' lang='lat' dir='ltr'><strong>neutrum</strong></span> <span class='ocrx_word' id='word_1_343' title='bbox 1729 2680 1939 2738; x_wconf 90' lang='lat' dir='ltr'><strong>horum</strong></span> <span class='ocrx_word' id='word_1_344' title='bbox 1972 2686 2204 2740; x_wconf 70' lang='lat' dir='ltr'><strong>aetatem</strong></span> <span class='ocrx_word' id='word_1_345' title='bbox 2235 2688 2498 2740; x_wconf 88' lang='lat' dir='ltr'><strong>nostram</strong></span> <span class='ocrx_word' id='word_1_346' title='bbox 2522 2682 2675 2739; x_wconf 89' lang='lat' dir='ltr'><strong>tulit.</strong></span> 
     </span>
    </p>
   </div>
   <div class='ocr_carea' id='block_1_28' title="bbox 1166 2852 2603 2928">
    <p class='ocr_par' dir='ltr' id='par_1_28' title="bbox 1166 2852 2603 2928">
     <span class='ocr_line' id='line_1_28' title="bbox 1166 2852 2603 2928; baseline 0.001 -19"><span class='ocrx_word' id='word_1_347' title='bbox 1166 2856 1193 2921; x_wconf 83' lang='lat'>§</span> <span class='ocrx_word' id='word_1_348' title='bbox 1223 2852 1398 2909; x_wconf 85' lang='lat' dir='ltr'><strong>XVII.</strong></span> <span class='ocrx_word' id='word_1_349' title='bbox 1431 2853 1506 2909; x_wconf 82' lang='lat' dir='ltr'><strong><em>De</em></strong></span> <span class='ocrx_word' id='word_1_350' title='bbox 1533 2852 1803 2910; x_wconf 78' lang='lat' dir='ltr'><strong>Melitonis</strong></span> <span class='ocrx_word' id='word_1_351' title='bbox 1830 2855 2092 2928; x_wconf 81' lang='lat' dir='ltr'><strong>Apologia</strong></span> <span class='ocrx_word' id='word_1_352' title='bbox 2119 2871 2221 2925; x_wconf 83' lang='lat' dir='ltr'><strong>pro</strong></span> <span class='ocrx_word' id='word_1_353' title='bbox 2251 2854 2603 2912; x_wconf 81' lang='lat' dir='ltr'><strong>Christianis.</strong></span> 
     </span>
    </p>
   </div>
   <div class='ocr_carea' id='block_1_29' title="bbox 312 3022 3635 3099">
    <p class='ocr_par' dir='ltr' id='par_1_29' title="bbox 312 3022 3635 3099">
     <span class='ocr_line' id='line_1_29' title="bbox 312 3022 3635 3099; baseline -0 -17"><span class='ocrx_word' id='word_1_354' title='bbox 312 3024 479 3082; x_wconf 88' lang='lat' dir='ltr'><strong>Nunc</strong></span> <span class='ocrx_word' id='word_1_355' title='bbox 508 3025 579 3081; x_wconf 89' lang='lat' dir='ltr'><strong>de</strong></span> <span class='ocrx_word' id='word_1_356' title='bbox 603 3025 728 3093; x_wconf 87' lang='lat' dir='ltr'><strong>ejus</strong></span> <span class='ocrx_word' id='word_1_357' title='bbox 751 3022 809 3078; x_wconf 91' lang='lat' dir='ltr'><strong>in</strong></span> <span class='ocrx_word' id='word_1_358' title='bbox 843 3023 1104 3079; x_wconf 88' lang='lat' dir='ltr'><strong>sedanda</strong></span> <span class='ocrx_word' id='word_1_359' title='bbox 1132 3022 1596 3082; x_wconf 88' lang='lat' dir='ltr'><strong>Christianorum</strong></span> <span class='ocrx_word' id='word_1_360' title='bbox 1622 3026 1933 3098; x_wconf 87' lang='lat' dir='ltr'><strong>peracerba</strong></span> <span class='ocrx_word' id='word_1_361' title='bbox 1960 3027 2263 3083; x_wconf 84' lang='lat' dir='ltr'><strong>vexatione</strong></span> <span class='ocrx_word' id='word_1_362' title='bbox 2292 3026 2450 3083; x_wconf 83' lang='lat' dir='ltr'><strong>haud</strong></span> <span class='ocrx_word' id='word_1_363' title='bbox 2481 3025 2794 3083; x_wconf 82' lang='lat' dir='ltr'><strong>infeliciter</strong></span> <span class='ocrx_word' id='word_1_364' title='bbox 2819 3026 3079 3084; x_wconf 88' lang='lat' dir='ltr'><strong>adhibita</strong></span> <span class='ocrx_word' id='word_1_365' title='bbox 3109 3025 3400 3082; x_wconf 85' lang='lat' dir='ltr'><strong>industria</strong></span> <span class='ocrx_word' id='word_1_366' title='bbox 3430 3025 3635 3099; x_wconf 90' lang='lat' dir='ltr'><strong>paucis</strong></span> 
     </span>
    </p>
   </div>
   <div class='ocr_carea' id='block_1_30' title="bbox 240 3114 3640 3191">
    <p class='ocr_par' dir='ltr' id='par_1_30' title="bbox 240 3114 3640 3191">
     <span class='ocr_line' id='line_1_30' title="bbox 240 3114 3640 3191; baseline -0.001 -18"><span class='ocrx_word' id='word_1_367' title='bbox 240 3116 561 3173; x_wconf 87' lang='lat' dir='ltr'><strong>dicendum</strong></span> <span class='ocrx_word' id='word_1_368' title='bbox 594 3114 786 3171; x_wconf 87' lang='lat' dir='ltr'><strong>adhuc</strong></span> <span class='ocrx_word' id='word_1_369' title='bbox 808 3120 1007 3171; x_wconf 89' lang='lat' dir='ltr'><strong>restat.</strong></span> <span class='ocrx_word' id='word_1_370' title='bbox 1030 3117 1234 3186; x_wconf 88' lang='lat' dir='ltr'><strong>Itaque</strong></span> <span class='ocrx_word' id='word_1_371' title='bbox 1268 3132 1381 3173; x_wconf 89' lang='lat' dir='ltr'><strong>non</strong></span> <span class='ocrx_word' id='word_1_372' title='bbox 1414 3118 1586 3174; x_wconf 89' lang='lat' dir='ltr'><strong>modo</strong></span> <span class='ocrx_word' id='word_1_373' title='bbox 1618 3117 1676 3173; x_wconf 89' lang='lat' dir='ltr'><strong>in</strong></span> <span class='ocrx_word' id='word_1_374' title='bbox 1709 3134 1851 3190; x_wconf 89' lang='lat' dir='ltr'><strong>pace</strong></span> <span class='ocrx_word' id='word_1_375' title='bbox 1879 3123 1936 3174; x_wconf 93' lang='lat' dir='ltr'><strong>et</strong></span> <span class='ocrx_word' id='word_1_376' title='bbox 1955 3118 2270 3191; x_wconf 87' lang='lat' dir='ltr'><strong>tranquillo</strong></span> <span class='ocrx_word' id='word_1_377' title='bbox 2291 3118 2561 3176; x_wconf 67' lang='lat' dir='ltr'><strong>Ecclesia:</strong></span> <span class='ocrx_word' id='word_1_378' title='bbox 2587 3124 2739 3175; x_wconf 87' lang='lat' dir='ltr'><strong>statu</strong></span> <span class='ocrx_word' id='word_1_379' title='bbox 2763 3117 2939 3174; x_wconf 83' lang='lat' dir='ltr'><strong>ﬁdem</strong></span> <span class='ocrx_word' id='word_1_380' title='bbox 2969 3116 3201 3173; x_wconf 80' lang='lat' dir='ltr'><strong>firmare</strong></span> <span class='ocrx_word' id='word_1_381' title='bbox 3222 3126 3275 3174; x_wconf 87' lang='lat' dir='ltr'><strong>et</strong></span> <span class='ocrx_word' id='word_1_382' title='bbox 3302 3131 3640 3189; x_wconf 73' lang='lat' dir='ltr'><strong>promovere</strong></span> 
     </span>
    </p>
   </div>
   <div class='ocr_carea' id='block_1_31' title="bbox 233 3204 3640 3282">
    <p class='ocr_par' dir='ltr' id='par_1_31' title="bbox 233 3204 3640 3282">
     <span class='ocr_line' id='line_1_31' title="bbox 233 3204 3640 3282; baseline -0.001 -18"><span class='ocrx_word' id='word_1_383' title='bbox 233 3206 470 3264; x_wconf 81' lang='lat' dir='ltr'><strong>studuit</strong></span> <span class='ocrx_word' id='word_1_384' title='bbox 503 3209 719 3273; x_wconf 89' lang='lat' dir='ltr'><strong>noster,</strong></span> <span class='ocrx_word' id='word_1_385' title='bbox 751 3205 850 3260; x_wconf 90' lang='lat' dir='ltr'><strong>sed</strong></span> <span class='ocrx_word' id='word_1_386' title='bbox 883 3210 939 3261; x_wconf 89' lang='lat' dir='ltr'><strong>et</strong></span> <span class='ocrx_word' id='word_1_387' title='bbox 983 3204 1042 3261; x_wconf 89' lang='lat' dir='ltr'><strong>in</strong></span> <span class='ocrx_word' id='word_1_388' title='bbox 1074 3205 1226 3263; x_wconf 90' lang='lat' dir='ltr'><strong>bello</strong></span> <span class='ocrx_word' id='word_1_389' title='bbox 1258 3211 1317 3262; x_wconf 86' lang='lat' dir='ltr'><strong>et</strong></span> <span class='ocrx_word' id='word_1_390' title='bbox 1369 3207 1793 3279; x_wconf 87' lang='lat' dir='ltr'><strong>persecutionis</strong></span> <span class='ocrx_word' id='word_1_391' title='bbox 1826 3224 1953 3265; x_wconf 86' lang='lat' dir='ltr'><strong>cum</strong></span> <span class='ocrx_word' id='word_1_392' title='bbox 1986 3208 2114 3281; x_wconf 89' lang='lat' dir='ltr'><strong>ipso</strong></span> <span class='ocrx_word' id='word_1_393' title='bbox 2166 3209 2294 3264; x_wconf 61' lang='lat' dir='ltr'><strong>vitae</strong></span> <span class='ocrx_word' id='word_1_394' title='bbox 2324 3226 2444 3265; x_wconf 63' lang='lat' dir='ltr'><strong>sua</strong></span> <span class='ocrx_word' id='word_1_395' title='bbox 2474 3209 2737 3282; x_wconf 88' lang='lat' dir='ltr'><strong>periculo</strong></span> <span class='ocrx_word' id='word_1_396' title='bbox 2787 3209 2856 3263; x_wconf 91' lang='lat' dir='ltr'><strong>de</strong></span> <span class='ocrx_word' id='word_1_397' title='bbox 2911 3213 3062 3265; x_wconf 83' lang='lat' dir='ltr'><strong>coetu</strong></span> <span class='ocrx_word' id='word_1_398' title='bbox 3094 3207 3196 3263; x_wconf 91' lang='lat' dir='ltr'><strong>Dei</strong></span> <span class='ocrx_word' id='word_1_399' title='bbox 3226 3210 3369 3264; x_wconf 90' lang='lat' dir='ltr'><strong>bene</strong></span> <span class='ocrx_word' id='word_1_400' title='bbox 3418 3221 3640 3263; x_wconf 88' lang='lat' dir='ltr'><strong>merere</strong></span> 
     </span>
    </p>
   </div>
   <div class='ocr_carea' id='block_1_32' title="bbox 231 3295 3642 3372">
    <p class='ocr_par' dir='ltr' id='par_1_32' title="bbox 231 3295 3642 3372">
     <span class='ocr_line' id='line_1_32' title="bbox 231 3295 3642 3372; baseline -0.001 -18"><span class='ocrx_word' id='word_1_401' title='bbox 231 3314 354 3354; x_wconf 89' lang='lat' dir='ltr'><strong>non</strong></span> <span class='ocrx_word' id='word_1_402' title='bbox 380 3295 570 3353; x_wconf 89' lang='lat' dir='ltr'><strong>desiit.</strong></span> <span class='ocrx_word' id='word_1_403' title='bbox 605 3295 747 3351; x_wconf 82' lang='lat' dir='ltr'><strong>Nam</strong></span> <span class='ocrx_word' id='word_1_404' title='bbox 783 3304 918 3351; x_wconf 87' lang='lat' dir='ltr'><strong>cum</strong></span> <span class='ocrx_word' id='word_1_405' title='bbox 949 3296 1177 3351; x_wconf 88' lang='lat' dir='ltr'><strong>duobus</strong></span> <span class='ocrx_word' id='word_1_406' title='bbox 1204 3298 1487 3371; x_wconf 87' lang='lat' dir='ltr'><strong>Augustis</strong></span> <span class='ocrx_word' id='word_1_407' title='bbox 1524 3298 1801 3355; x_wconf 83' lang='lat' dir='ltr'><strong>fratribus</strong></span> <span class='ocrx_word' id='word_1_408' title='bbox 1820 3302 1894 3354; x_wconf 84' lang='grc' dir='ltr'><strong>Μ.</strong></span> <span class='ocrx_word' id='word_1_409' title='bbox 1926 3298 2158 3356; x_wconf 89' lang='lat' dir='ltr'><strong>Aurelio</strong></span> <span class='ocrx_word' id='word_1_410' title='bbox 2178 3301 2469 3357; x_wconf 89' lang='lat' dir='ltr'><strong>Antonino</strong></span> <span class='ocrx_word' id='word_1_411' title='bbox 2493 3304 2552 3357; x_wconf 85' lang='lat' dir='ltr'><strong>et</strong></span> <span class='ocrx_word' id='word_1_412' title='bbox 2575 3299 2751 3357; x_wconf 85' lang='lat' dir='ltr'><strong>Lucio</strong></span> <span class='ocrx_word' id='word_1_413' title='bbox 2772 3300 2920 3357; x_wconf 88' lang='lat' dir='ltr'><strong>Vero</strong></span> <span class='ocrx_word' id='word_1_414' title='bbox 2944 3300 3370 3372; x_wconf 87' lang='lat' dir='ltr'><strong>imperantibus</strong></span> <span class='ocrx_word' id='word_1_415' title='bbox 3397 3303 3558 3355; x_wconf 82' lang='lat' dir='ltr'><strong>atrox</strong></span> <span class='ocrx_word' id='word_1_416' title='bbox 3580 3296 3642 3353; x_wconf 90' lang='lat' dir='ltr'><strong>in</strong></span> 
     </span>
    </p>
   </div>
   <div class='ocr_carea' id='block_1_33' title="bbox 226 3386 3637 3464">
    <p class='ocr_par' dir='ltr' id='par_1_33' title="bbox 226 3386 3637 3464">
     <span class='ocr_line' id='line_1_33' title="bbox 226 3386 3637 3464; baseline -0.001 -20"><span class='ocrx_word' id='word_1_417' title='bbox 226 3389 520 3444; x_wconf 82' lang='lat' dir='ltr'><strong>Asiaticus</strong></span> <span class='ocrx_word' id='word_1_418' title='bbox 553 3386 840 3443; x_wconf 88' lang='lat' dir='ltr'><strong>Ecclesias</strong></span> <span class='ocrx_word' id='word_1_419' title='bbox 870 3386 1232 3444; x_wconf 88' lang='lat' dir='ltr'><strong>incubuisset</strong></span> <span class='ocrx_word' id='word_1_420' title='bbox 1262 3391 1725 3463; x_wconf 58' lang='lat' dir='ltr'><strong>tempestasgtiZ),</strong></span> <span class='ocrx_word' id='word_1_421' title='bbox 1750 3391 1965 3447; x_wconf 88' lang='lat' dir='ltr'><strong>inertes</strong></span> <span class='ocrx_word' id='word_1_422' title='bbox 1990 3389 2246 3448; x_wconf 87' lang='lat' dir='ltr'><strong>latebras</strong></span> <span class='ocrx_word' id='word_1_423' title='bbox 2280 3398 2478 3448; x_wconf 78' lang='lat' dir='ltr'><strong>noster</strong></span> <span class='ocrx_word' id='word_1_424' title='bbox 2506 3392 2747 3448; x_wconf 87' lang='lat' dir='ltr'><strong>minime</strong></span> <span class='ocrx_word' id='word_1_425' title='bbox 2774 3390 3035 3464; x_wconf 57' lang='lat' dir='ltr'><strong>quaesivit</strong></span> <span class='ocrx_word' id='word_1_426' title='bbox 3062 3437 3070 3451; x_wconf 87' lang='lat'><strong>.</strong></span> <span class='ocrx_word' id='word_1_427' title='bbox 3096 3390 3196 3445; x_wconf 88' lang='lat' dir='ltr'><strong>sed</strong></span> <span class='ocrx_word' id='word_1_428' title='bbox 3242 3389 3395 3444; x_wconf 85' lang='lat' dir='ltr'><strong>haud</strong></span> <span class='ocrx_word' id='word_1_429' title='bbox 3420 3392 3637 3443; x_wconf 84' lang='lat' dir='ltr'><strong>fractus</strong></span> 
     </span>
    </p>
   </div>
   <div class='ocr_carea' id='block_1_34' title="bbox 233 3477 3636 3555">
    <p class='ocr_par' dir='ltr' id='par_1_34' title="bbox 233 3477 3636 3555">
     <span class='ocr_line' id='line_1_34' title="bbox 233 3477 3636 3555; baseline -0.001 -22"><span class='ocrx_word' id='word_1_430' title='bbox 233 3478 435 3534; x_wconf 77' lang='lat' dir='ltr'><strong>animo</strong></span> <span class='ocrx_word' id='word_1_431' title='bbox 464 3483 691 3548; x_wconf 89' lang='lat' dir='ltr'><strong>Deoque</strong></span> <span class='ocrx_word' id='word_1_432' title='bbox 721 3477 1000 3545; x_wconf 80' lang='lat' dir='ltr'><strong>conlisus,</strong></span> <span class='ocrx_word' id='word_1_433' title='bbox 1034 3478 1104 3533; x_wconf 92' lang='lat' dir='ltr'><strong>ad</strong></span> <span class='ocrx_word' id='word_1_434' title='bbox 1138 3477 1365 3534; x_wconf 89' lang='lat' dir='ltr'><strong>clavum</strong></span> <span class='ocrx_word' id='word_1_435' title='bbox 1395 3480 1657 3536; x_wconf 66' lang='lat' dir='ltr'><strong>Ecclesiae</strong></span> <span class='ocrx_word' id='word_1_436' title='bbox 1677 3482 1859 3550; x_wconf 88' lang='lat' dir='ltr'><strong>stetit,</strong></span> <span class='ocrx_word' id='word_1_437' title='bbox 1891 3486 1951 3537; x_wconf 83' lang='lat' dir='ltr'><strong>et</strong></span> <span class='ocrx_word' id='word_1_438' title='bbox 1979 3486 2184 3537; x_wconf 88' lang='lat' dir='ltr'><strong>contra</strong></span> <span class='ocrx_word' id='word_1_439' title='bbox 2213 3484 2550 3554; x_wconf 89' lang='lat' dir='ltr'><strong>iniquorum</strong></span> <span class='ocrx_word' id='word_1_440' title='bbox 2587 3483 3056 3555; x_wconf 83' lang='lat' dir='ltr'><strong>magistratuum,</strong></span> <span class='ocrx_word' id='word_1_441' title='bbox 3090 3497 3189 3535; x_wconf 91' lang='lat' dir='ltr'><strong>seu</strong></span> <span class='ocrx_word' id='word_1_442' title='bbox 3222 3478 3636 3550; x_wconf 86' lang='lat' dir='ltr'><strong>proconsulum</strong></span> 
     </span>
    </p>
   </div>
   <div class='ocr_carea' id='block_1_35' title="bbox 237 3566 3635 3640">
    <p class='ocr_par' dir='ltr' id='par_1_35' title="bbox 237 3566 3635 3640">
     <span class='ocr_line' id='line_1_35' title="bbox 237 3566 3635 3640; baseline -0.001 -18"><span class='ocrx_word' id='word_1_443' title='bbox 237 3583 345 3622; x_wconf 89' lang='lat' dir='ltr'><strong>seu</strong></span> <span class='ocrx_word' id='word_1_444' title='bbox 381 3568 809 3639; x_wconf 71' lang='lat' dir='ltr'><strong>praefectorum,</strong></span> <span class='ocrx_word' id='word_1_445' title='bbox 840 3567 939 3637; x_wconf 87' lang='lat' dir='ltr'><strong>qui</strong></span> <span class='ocrx_word' id='word_1_446' title='bbox 985 3566 1133 3622; x_wconf 81' lang='lat' dir='ltr'><strong>hanc</strong></span> <span class='ocrx_word' id='word_1_447' title='bbox 1173 3574 1583 3640; x_wconf 86' lang='lat' dir='ltr'><strong>tempestatem</strong></span> <span class='ocrx_word' id='word_1_448' title='bbox 1635 3570 2026 3626; x_wconf 75' lang='lat' dir='ltr'><strong>excitaverant</strong></span> <span class='ocrx_word' id='word_1_449' title='bbox 2068 3571 2340 3635; x_wconf 82' lang='lat' dir='ltr'><strong>maxime,</strong></span> <span class='ocrx_word' id='word_1_450' title='bbox 2385 3573 2623 3627; x_wconf 84' lang='lat' dir='ltr'><strong>insanos</strong></span> <span class='ocrx_word' id='word_1_451' title='bbox 2671 3572 2934 3625; x_wconf 87' lang='lat' dir='ltr'><strong>insultus</strong></span> <span class='ocrx_word' id='word_1_452' title='bbox 2983 3572 3209 3625; x_wconf 83' lang='lat' dir='ltr'><strong>fortiter</strong></span> <span class='ocrx_word' id='word_1_453' title='bbox 3256 3566 3635 3639; x_wconf 77' lang='lat' dir='ltr'><strong>depugnavit.</strong></span> 
     </span>
    </p>
   </div>
   <div class='ocr_carea' id='block_1_36' title="bbox 238 3654 3638 3733">
    <p class='ocr_par' dir='ltr' id='par_1_36' title="bbox 238 3654 3638 3733">
     <span class='ocr_line' id='line_1_36' title="bbox 238 3654 3638 3733; baseline -0.001 -23"><span class='ocrx_word' id='word_1_454' title='bbox 238 3656 738 3724; x_wconf 84' lang='lat' dir='ltr'><strong>Quemadmodum</strong></span> <span class='ocrx_word' id='word_1_455' title='bbox 772 3654 954 3727; x_wconf 84' lang='lat' dir='ltr'><strong>igitur</strong></span> <span class='ocrx_word' id='word_1_456' title='bbox 982 3656 1136 3711; x_wconf 91' lang='lat' dir='ltr'><strong>inter</strong></span> <span class='ocrx_word' id='word_1_457' title='bbox 1188 3658 1444 3713; x_wconf 76' lang='lat' dir='ltr'><strong>[urentes</strong></span> <span class='ocrx_word' id='word_1_458' title='bbox 1478 3659 1667 3714; x_wconf 89' lang='lat' dir='ltr'><strong>undas</strong></span> <span class='ocrx_word' id='word_1_459' title='bbox 1708 3663 1765 3714; x_wconf 88' lang='lat' dir='ltr'><strong>et</strong></span> <span class='ocrx_word' id='word_1_460' title='bbox 1794 3659 2010 3715; x_wconf 86' lang='lat' dir='ltr'><strong>ﬂuctus</strong></span> <span class='ocrx_word' id='word_1_461' title='bbox 2060 3662 2240 3716; x_wconf 84' lang='lat' dir='ltr'><strong>maris</strong></span> <span class='ocrx_word' id='word_1_462' title='bbox 2274 3661 2409 3716; x_wconf 90' lang='lat' dir='ltr'><strong>boni</strong></span> <span class='ocrx_word' id='word_1_463' title='bbox 2457 3661 2866 3733; x_wconf 77' lang='lat' dir='ltr'><strong>gubernatoris</strong></span> <span class='ocrx_word' id='word_1_464' title='bbox 2915 3675 3009 3712; x_wconf 83' lang='lat' dir='ltr'><strong>ars</strong></span> <span class='ocrx_word' id='word_1_465' title='bbox 3041 3674 3102 3714; x_wconf 89' lang='lat' dir='ltr'><strong>se</strong></span> <span class='ocrx_word' id='word_1_466' title='bbox 3148 3657 3377 3728; x_wconf 87' lang='lat' dir='ltr'><strong>prodit:</strong></span> <span class='ocrx_word' id='word_1_467' title='bbox 3411 3656 3488 3709; x_wconf 86' lang='lat' dir='ltr'><strong>ita</strong></span> <span class='ocrx_word' id='word_1_468' title='bbox 3523 3670 3638 3709; x_wconf 91' lang='lat' dir='ltr'><strong>non</strong></span> 
     </span>
    </p>
   </div>
   <div class='ocr_carea' id='block_1_37' title="bbox 235 3744 3643 3820">
    <p class='ocr_par' dir='ltr' id='par_1_37' title="bbox 235 3744 3643 3820">
     <span class='ocr_line' id='line_1_37' title="bbox 235 3744 3643 3820; baseline -0.001 -18"><span class='ocrx_word' id='word_1_469' title='bbox 235 3745 387 3802; x_wconf 76' lang='lat' dir='ltr'><strong>alias</strong></span> <span class='ocrx_word' id='word_1_470' title='bbox 423 3744 609 3817; x_wconf 87' lang='lat' dir='ltr'><strong>magis</strong></span> <span class='ocrx_word' id='word_1_471' title='bbox 640 3744 795 3799; x_wconf 88' lang='lat' dir='ltr'><strong>beati</strong></span> <span class='ocrx_word' id='word_1_472' title='bbox 821 3744 1109 3802; x_wconf 83' lang='lat' dir='ltr'><strong>Melitonis</strong></span> <span class='ocrx_word' id='word_1_473' title='bbox 1133 3747 1338 3819; x_wconf 82' lang='lat' dir='ltr'><strong>virtus,</strong></span> <span class='ocrx_word' id='word_1_474' title='bbox 1371 3764 1547 3820; x_wconf 90' lang='lat' dir='ltr'><strong>quam</strong></span> <span class='ocrx_word' id='word_1_475' title='bbox 1571 3747 1629 3803; x_wconf 89' lang='lat' dir='ltr'><strong>in</strong></span> <span class='ocrx_word' id='word_1_476' title='bbox 1664 3749 1873 3804; x_wconf 88' lang='lat' dir='ltr'><strong>mediis</strong></span> <span class='ocrx_word' id='word_1_477' title='bbox 1908 3751 2375 3819; x_wconf 86' lang='lat' dir='ltr'><strong>persecutionum</strong></span> <span class='ocrx_word' id='word_1_478' title='bbox 2405 3749 2760 3816; x_wconf 89' lang='lat' dir='ltr'><strong>turbinibus,</strong></span> <span class='ocrx_word' id='word_1_479' title='bbox 2793 3747 3050 3804; x_wconf 86' lang='lat' dir='ltr'><strong>emicuit.</strong></span> <span class='ocrx_word' id='word_1_480' title='bbox 3079 3752 3262 3801; x_wconf 69' lang='lat' dir='ltr'><strong>Doctae</strong></span> <span class='ocrx_word' id='word_1_481' title='bbox 3284 3745 3440 3800; x_wconf 87' lang='lat' dir='ltr'><strong>enim</strong></span> <span class='ocrx_word' id='word_1_482' title='bbox 3466 3751 3643 3816; x_wconf 89' lang='lat' dir='ltr'><strong>atque</strong></span> 
     </span>
    </p>
   </div>
   <div class='ocr_carea' id='block_1_38' title="bbox 234 3835 3635 3911">
    <p class='ocr_par' dir='ltr' id='par_1_38' title="bbox 234 3835 3635 3911">
     <span class='ocr_line' id='line_1_38' title="bbox 234 3835 3635 3911; baseline -0.003 -16"><span class='ocrx_word' id='word_1_483' title='bbox 234 3836 524 3907; x_wconf 82' lang='lat' dir='ltr'><strong>elegantis</strong></span> <span class='ocrx_word' id='word_1_484' title='bbox 549 3835 827 3891; x_wconf 86' lang='lat' dir='ltr'><strong>orationis</strong></span> <span class='ocrx_word' id='word_1_485' title='bbox 858 3852 976 3891; x_wconf 67' lang='lat' dir='ltr'><strong>sua</strong></span> <span class='ocrx_word' id='word_1_486' title='bbox 1010 3837 1297 3908; x_wconf 66' lang='lat' dir='ltr'><strong>praesidio,</strong></span> <span class='ocrx_word' id='word_1_487' title='bbox 1331 3838 1482 3894; x_wconf 90' lang='lat' dir='ltr'><strong>viam</strong></span> <span class='ocrx_word' id='word_1_488' title='bbox 1530 3838 1643 3894; x_wconf 90' lang='lat' dir='ltr'><strong>sibi</strong></span> <span class='ocrx_word' id='word_1_489' title='bbox 1694 3839 1764 3894; x_wconf 90' lang='lat' dir='ltr'><strong>ad</strong></span> <span class='ocrx_word' id='word_1_490' title='bbox 1817 3839 2188 3911; x_wconf 87' lang='lat' dir='ltr'><strong>imperatoris</strong></span> <span class='ocrx_word' id='word_1_491' title='bbox 2222 3840 2296 3895; x_wconf 84' lang='lat' dir='ltr'><strong>M.</strong></span> <span class='ocrx_word' id='word_1_492' title='bbox 2331 3838 2544 3894; x_wconf 84' lang='lat' dir='ltr'><strong>Aurelii</strong></span> <span class='ocrx_word' id='word_1_493' title='bbox 2576 3838 2855 3894; x_wconf 83' lang='lat' dir='ltr'><strong>Antonini</strong></span> <span class='ocrx_word' id='word_1_494' title='bbox 2904 3853 3075 3892; x_wconf 91' lang='lat' dir='ltr'><strong>aures</strong></span> <span class='ocrx_word' id='word_1_495' title='bbox 3129 3836 3284 3903; x_wconf 88' lang='lat' dir='ltr'><strong>fecit,</strong></span> <span class='ocrx_word' id='word_1_496' title='bbox 3319 3851 3485 3889; x_wconf 54' lang='lat' dir='ltr'><strong>suam</strong></span> <span class='ocrx_word' id='word_1_497' title='bbox 3520 3835 3635 3886; x_wconf 85' lang='lat' dir='ltr'><strong>fra-</strong></span> 
     </span>
    </p>
   </div>
   <div class='ocr_carea' id='block_1_39' title="bbox 232 3920 3638 4000">
    <p class='ocr_par' dir='ltr' id='par_1_39' title="bbox 232 3920 3638 4000">
     <span class='ocr_line' id='line_1_39' title="bbox 232 3920 3638 4000; baseline -0.001 -20"><span class='ocrx_word' id='word_1_498' title='bbox 232 3930 516 3998; x_wconf 90' lang='lat' dir='ltr'><strong>trumque</strong></span> <span class='ocrx_word' id='word_1_499' title='bbox 544 3941 786 3981; x_wconf 90' lang='lat' dir='ltr'><strong>suorum</strong></span> <span class='ocrx_word' id='word_1_500' title='bbox 821 3942 1058 3981; x_wconf 87' lang='lat' dir='ltr'><strong>causam</strong></span> <span class='ocrx_word' id='word_1_501' title='bbox 1094 3927 1248 3997; x_wconf 90' lang='lat' dir='ltr'><strong>apud</strong></span> <span class='ocrx_word' id='word_1_502' title='bbox 1298 3943 1434 3983; x_wconf 90' lang='lat' dir='ltr'><strong>eum</strong></span> <span class='ocrx_word' id='word_1_503' title='bbox 1494 3928 1634 4000; x_wconf 87' lang='lat' dir='ltr'><strong>egit,</strong></span> <span class='ocrx_word' id='word_1_504' title='bbox 1667 3933 1725 3983; x_wconf 85' lang='lat' dir='ltr'><strong>et</strong></span> <span class='ocrx_word' id='word_1_505' title='bbox 1770 3930 2091 3998; x_wconf 84' lang='lat' dir='ltr'><strong>Apologiam</strong></span> <span class='ocrx_word' id='word_1_506' title='bbox 2124 3927 2338 3984; x_wconf 89' lang='lat' dir='ltr'><strong>obtulit</strong></span> <span class='ocrx_word' id='word_1_507' title='bbox 2366 3928 2600 3997; x_wconf 65' lang='lat'><strong>(53-5/1),</strong></span> <span class='ocrx_word' id='word_1_508' title='bbox 2635 3944 2751 3998; x_wconf 88' lang='lat' dir='ltr'><strong>qua</strong></span> <span class='ocrx_word' id='word_1_509' title='bbox 2782 3926 3223 3982; x_wconf 87' lang='lat' dir='ltr'><strong>demonstrabat</strong></span> <span class='ocrx_word' id='word_1_510' title='bbox 3281 3920 3638 3994; x_wconf 87' lang='lat' dir='ltr'><strong>imperatori,</strong></span> 
     </span>
    </p>
   </div>
   <div class='ocr_carea' id='block_1_40' title="bbox 240 4011 3638 4090">
    <p class='ocr_par' dir='ltr' id='par_1_40' title="bbox 240 4011 3638 4090">
     <span class='ocr_line' id='line_1_40' title="bbox 240 4011 3638 4090; baseline -0.002 -17"><span class='ocrx_word' id='word_1_511' title='bbox 240 4033 359 4073; x_wconf 90' lang='lat' dir='ltr'><strong>non</strong></span> <span class='ocrx_word' id='word_1_512' title='bbox 391 4016 503 4071; x_wconf 88' lang='lat' dir='ltr'><strong>nisi</strong></span> <span class='ocrx_word' id='word_1_513' title='bbox 538 4020 814 4089; x_wconf 79' lang='lat' dir='ltr'><strong>tyrannos</strong></span> <span class='ocrx_word' id='word_1_514' title='bbox 845 4019 903 4072; x_wconf 94' lang='lat' dir='ltr'><strong>et</strong></span> <span class='ocrx_word' id='word_1_515' title='bbox 942 4016 1125 4073; x_wconf 89' lang='lat' dir='ltr'><strong>malos</strong></span> <span class='ocrx_word' id='word_1_516' title='bbox 1164 4017 1459 4090; x_wconf 90' lang='lat' dir='ltr'><strong>principes</strong></span> <span class='ocrx_word' id='word_1_517' title='bbox 1492 4016 1800 4090; x_wconf 89' lang='lat' dir='ltr'><strong>hucusque</strong></span> <span class='ocrx_word' id='word_1_518' title='bbox 1831 4018 2110 4075; x_wconf 83' lang='lat' dir='ltr'><strong>atﬂixisse</strong></span> <span class='ocrx_word' id='word_1_519' title='bbox 2152 4018 2496 4089; x_wconf 73' lang='lat' dir='ltr'><strong>Ecclesium,</strong></span> <span class='ocrx_word' id='word_1_520' title='bbox 2542 4021 2599 4074; x_wconf 90' lang='lat' dir='ltr'><strong>et</strong></span> <span class='ocrx_word' id='word_1_521' title='bbox 2627 4034 2745 4089; x_wconf 89' lang='lat' dir='ltr'><strong>qua</strong></span> <span class='ocrx_word' id='word_1_522' title='bbox 2770 4017 2835 4072; x_wconf 89' lang='lat' dir='ltr'><strong>in</strong></span> <span class='ocrx_word' id='word_1_523' title='bbox 2867 4017 3214 4072; x_wconf 89' lang='lat' dir='ltr'><strong>memoriam</strong></span> <span class='ocrx_word' id='word_1_524' title='bbox 3247 4013 3299 4070; x_wconf 89' lang='lat' dir='ltr'><strong>ei</strong></span> <span class='ocrx_word' id='word_1_525' title='bbox 3333 4011 3638 4069; x_wconf 82' lang='lat' dir='ltr'><strong>revocabat</strong></span> 
     </span>
    </p>
   </div>
   <div class='ocr_carea' id='block_1_41' title="bbox 315 4221 1388 4294">
    <p class='ocr_par' dir='ltr' id='par_1_41' title="bbox 315 4221 1388 4294">
     <span class='ocr_line' id='line_1_41' title="bbox 315 4221 1388 4294; baseline 0.001 -17"><span class='ocrx_word' id='word_1_526' title='bbox 315 4224 427 4289; x_wconf 67' lang='lat'><strong>(48)</strong></span> <span class='ocrx_word' id='word_1_527' title='bbox 460 4223 659 4279; x_wconf 80' lang='lat' dir='ltr'><strong>Hister.</strong></span> <span class='ocrx_word' id='word_1_528' title='bbox 694 4222 885 4278; x_wconf 72' lang='lat' dir='ltr'><strong>coclea.</strong></span> <span class='ocrx_word' id='word_1_529' title='bbox 922 4221 1024 4294; x_wconf 87' lang='lat' dir='ltr'><strong>lib.</strong></span> <span class='ocrx_word' id='word_1_530' title='bbox 1050 4238 1102 4289; x_wconf 93' lang='lat' dir='ltr'><strong>v,</strong></span> <span class='ocrx_word' id='word_1_531' title='bbox 1139 4238 1267 4294; x_wconf 87' lang='lat' dir='ltr'><strong>cap.</strong></span> <span class='ocrx_word' id='word_1_532' title='bbox 1297 4223 1388 4278; x_wconf 84' lang='lat'><strong>22.</strong></span> 
     </span>
    </p>
   </div>
   <div class='ocr_carea' id='block_1_42' title="bbox 319 4293 1420 4365">
    <p class='ocr_par' dir='ltr' id='par_1_42' title="bbox 319 4293 1420 4365">
     <span class='ocr_line' id='line_1_42' title="bbox 319 4293 1420 4365; baseline 0.001 -17"><span class='ocrx_word' id='word_1_533' title='bbox 319 4296 436 4364; x_wconf 71' lang='grc'>(49)</span> <span class='ocrx_word' id='word_1_534' title='bbox 468 4296 669 4349; x_wconf 67' lang='grc' dir='ltr'><strong>Πεδίον.</strong></span> <span class='ocrx_word' id='word_1_535' title='bbox 701 4294 887 4349; x_wconf 76' lang='lat' dir='ltr'><strong>cretes.</strong></span> <span class='ocrx_word' id='word_1_536' title='bbox 922 4293 1023 4347; x_wconf 91' lang='lat' dir='ltr'><strong>lib.</strong></span> <span class='ocrx_word' id='word_1_537' title='bbox 1056 4309 1133 4359; x_wconf 79' lang='lat' dir='ltr'><strong>iv,</strong></span> <span class='ocrx_word' id='word_1_538' title='bbox 1173 4293 1299 4365; x_wconf 81' lang='lat' dir='ltr'><strong>cap.</strong></span> <span class='ocrx_word' id='word_1_539' title='bbox 1330 4295 1420 4349; x_wconf 82' lang='lat'><strong>26.</strong></span> 
     </span>
    </p>
   </div>
   <div class='ocr_carea' id='block_1_43' title="bbox 313 4364 1883 4489">
    <p class='ocr_par' dir='ltr' id='par_1_43' title="bbox 313 4364 1883 4489">
     <span class='ocr_line' id='line_1_43' title="bbox 313 4364 1883 4489; baseline 0.001 -69"><span class='ocrx_word' id='word_1_540' title='bbox 313 4364 640 4489; x_wconf 47' lang='lat' dir='ltr'><strong>gsogﬁﬂanc</strong></span> <span class='ocrx_word' id='word_1_541' title='bbox 698 4366 827 4420; x_wconf 91' lang='lat' dir='ltr'><strong>vide</strong></span> <span class='ocrx_word' id='word_1_542' title='bbox 857 4366 1012 4436; x_wconf 89' lang='lat' dir='ltr'><strong>apud</strong></span> <span class='ocrx_word' id='word_1_543' title='bbox 1051 4364 1264 4421; x_wconf 74' lang='lat' dir='ltr'><strong>Euseb.</strong></span> <span class='ocrx_word' id='word_1_544' title='bbox 1299 4367 1432 4421; x_wconf 83' lang='lat' dir='ltr'><strong>Hist.</strong></span> <span class='ocrx_word' id='word_1_545' title='bbox 1478 4367 1667 4422; x_wconf 80' lang='lat' dir='ltr'><strong>eccles.</strong></span> <span class='ocrx_word' id='word_1_546' title='bbox 1700 4365 1803 4422; x_wconf 90' lang='lat' dir='ltr'><strong>lib.</strong></span> <span class='ocrx_word' id='word_1_547' title='bbox 1830 4384 1883 4423; x_wconf 73' lang='grc' dir='ltr'><strong>ν.</strong></span> 
     </span>
    </p>
   </div>
   <div class='ocr_carea' id='block_1_44' title="bbox 238 4439 496 4503">
    <p class='ocr_par' dir='ltr' id='par_1_44' title="bbox 238 4439 496 4503">
     <span class='ocr_line' id='line_1_44' title="bbox 238 4439 496 4503; baseline -0.008 -9"><span class='ocrx_word' id='word_1_548' title='bbox 238 4455 369 4503; x_wconf 71' lang='grc' dir='ltr'><strong>οαβι</strong></span> <span class='ocrx_word' id='word_1_549' title='bbox 403 4439 496 4492; x_wconf 77' lang='lat'><strong>26.</strong></span> 
     </span>
    </p>
   </div>
   <div class='ocr_carea' id='block_1_45' title="bbox 336 4507 1262 4573">
    <p class='ocr_par' dir='ltr' id='par_1_45' title="bbox 336 4507 1262 4573">
     <span class='ocr_line' id='line_1_45' title="bbox 336 4507 1262 4573; baseline 0.001 -10"><span class='ocrx_word' id='word_1_550' title='bbox 336 4510 430 4573; x_wconf 78' lang='grc'>51)</span> <span class='ocrx_word' id='word_1_551' title='bbox 466 4508 528 4563; x_wconf 87' lang='lat' dir='ltr'><strong>In</strong></span> <span class='ocrx_word' id='word_1_552' title='bbox 562 4507 711 4562; x_wconf 91' lang='lat' dir='ltr'><strong>libro</strong></span> <span class='ocrx_word' id='word_1_553' title='bbox 743 4523 848 4562; x_wconf 91' lang='lat' dir='ltr'><strong>suo</strong></span> <span class='ocrx_word' id='word_1_554' title='bbox 879 4507 950 4561; x_wconf 86' lang='lat' dir='ltr'><strong>De</strong></span> <span class='ocrx_word' id='word_1_555' title='bbox 978 4508 1262 4564; x_wconf 81' lang='lat' dir='ltr'><strong>Paschate.</strong></span> 
     </span>
    </p>
   </div>
   <div class='ocr_carea' id='block_1_46' title="bbox 336 4579 1888 4650">
    <p class='ocr_par' dir='ltr' id='par_1_46' title="bbox 336 4579 1888 4650">
     <span class='ocr_line' id='line_1_46' title="bbox 336 4579 1888 4650; baseline 0.001 -17"><span class='ocrx_word' id='word_1_556' title='bbox 336 4582 430 4648; x_wconf 81' lang='lat'><strong>52)</strong></span> <span class='ocrx_word' id='word_1_557' title='bbox 469 4580 602 4643; x_wconf 67' lang='lat' dir='ltr'><strong>Quae</strong></span> <span class='ocrx_word' id='word_1_558' title='bbox 650 4580 760 4634; x_wconf 89' lang='lat' dir='ltr'><strong>sub</strong></span> <span class='ocrx_word' id='word_1_559' title='bbox 812 4579 1267 4650; x_wconf 88' lang='lat' dir='ltr'><strong>imperatoribus</strong></span> <span class='ocrx_word' id='word_1_560' title='bbox 1318 4579 1481 4635; x_wconf 88' lang='lat' dir='ltr'><strong>hisce</strong></span> <span class='ocrx_word' id='word_1_561' title='bbox 1510 4580 1729 4650; x_wconf 88' lang='lat' dir='ltr'><strong>agitata</strong></span> <span class='ocrx_word' id='word_1_562' title='bbox 1760 4581 1888 4649; x_wconf 90' lang='lat' dir='ltr'><strong>fuit,</strong></span> 
     </span>
    </p>
   </div>
   <div class='ocr_carea' id='block_1_47' title="bbox 238 4651 1890 4723">
    <p class='ocr_par' dir='ltr' id='par_1_47' title="bbox 238 4651 1890 4723">
     <span class='ocr_line' id='line_1_47' title="bbox 238 4651 1890 4723; baseline 0 -17"><span class='ocrx_word' id='word_1_563' title='bbox 238 4651 450 4723; x_wconf 86' lang='lat' dir='ltr'><strong>quinta</strong></span> <span class='ocrx_word' id='word_1_564' title='bbox 479 4656 563 4706; x_wconf 88' lang='lat' dir='ltr'><strong>est</strong></span> <span class='ocrx_word' id='word_1_565' title='bbox 587 4651 913 4721; x_wconf 90' lang='lat' dir='ltr'><strong>persecutio</strong></span> <span class='ocrx_word' id='word_1_566' title='bbox 938 4652 1105 4721; x_wconf 84' lang='lat' dir='ltr'><strong>juxta</strong></span> <span class='ocrx_word' id='word_1_567' title='bbox 1130 4651 1348 4721; x_wconf 85' lang='lat' dir='ltr'><strong>Sulpic.</strong></span> <span class='ocrx_word' id='word_1_568' title='bbox 1399 4656 1521 4707; x_wconf 91' lang='lat' dir='ltr'><strong>Sev.</strong></span> <span class='ocrx_word' id='word_1_569' title='bbox 1559 4651 1659 4707; x_wconf 81' lang='lat' dir='ltr'><strong>lib.</strong></span> <span class='ocrx_word' id='word_1_570' title='bbox 1694 4669 1736 4708; x_wconf 81' lang='grc' dir='ltr'>ιι</span> <span class='ocrx_word' id='word_1_571' title='bbox 1767 4654 1890 4708; x_wconf 78' lang='lat' dir='ltr'><strong>His-</strong></span> 
     </span>
    </p>
   </div>
   <div class='ocr_carea' id='block_1_48' title="bbox 236 4722 1891 4795">
    <p class='ocr_par' dir='ltr' id='par_1_48' title="bbox 236 4722 1891 4795">
     <span class='ocr_line' id='line_1_48' title="bbox 236 4722 1891 4795; baseline 0 -15"><span class='ocrx_word' id='word_1_572' title='bbox 236 4722 348 4780; x_wconf 77' lang='lat' dir='ltr'><strong>ter.</strong></span> <span class='ocrx_word' id='word_1_573' title='bbox 381 4737 554 4780; x_wconf 68' lang='lat' dir='ltr'><strong>sacrae</strong></span> <span class='ocrx_word' id='word_1_574' title='bbox 579 4738 705 4795; x_wconf 84' lang='lat' dir='ltr'><strong>cap.</strong></span> <span class='ocrx_word' id='word_1_575' title='bbox 736 4722 826 4795; x_wconf 73' lang='lat'><strong>32,</strong></span> <span class='ocrx_word' id='word_1_576' title='bbox 868 4738 998 4793; x_wconf 87' lang='lat' dir='ltr'><strong>pag.</strong></span> <span class='ocrx_word' id='word_1_577' title='bbox 1031 4739 1108 4778; x_wconf 85' lang='grc' dir='ltr'><strong>ω.</strong></span> <span class='ocrx_word' id='word_1_578' title='bbox 1139 4723 1265 4791; x_wconf 74' lang='grc'>246,</span> <span class='ocrx_word' id='word_1_579' title='bbox 1301 4740 1333 4778; x_wconf 89' lang='lat' dir='ltr'><strong>a</strong></span> <span class='ocrx_word' id='word_1_580' title='bbox 1363 4740 1477 4795; x_wconf 90' lang='lat' dir='ltr'><strong>quo</strong></span> <span class='ocrx_word' id='word_1_581' title='bbox 1510 4724 1727 4779; x_wconf 87' lang='lat' dir='ltr'><strong>abeunt</strong></span> <span class='ocrx_word' id='word_1_582' title='bbox 1754 4725 1891 4781; x_wconf 85' lang='lat' dir='ltr'><strong>Hie-</strong></span> 
     </span>
    </p>
   </div>
   <div class='ocr_carea' id='block_1_49' title="bbox 238 4793 1886 4868">
    <p class='ocr_par' dir='ltr' id='par_1_49' title="bbox 238 4793 1886 4868">
     <span class='ocr_line' id='line_1_49' title="bbox 238 4793 1886 4868; baseline 0.001 -18"><span class='ocrx_word' id='word_1_583' title='bbox 238 4812 523 4868; x_wconf 90' lang='lat' dir='ltr'><strong>ronymus</strong></span> <span class='ocrx_word' id='word_1_584' title='bbox 556 4810 613 4848; x_wconf 85' lang='lat' dir='ltr'><strong>in</strong></span> <span class='ocrx_word' id='word_1_585' title='bbox 648 4793 823 4868; x_wconf 64' lang='lat' dir='ltr'><strong>Calai.</strong></span> <span class='ocrx_word' id='word_1_586' title='bbox 848 4797 1038 4866; x_wconf 80' lang='lat' dir='ltr'><strong>script.</strong></span> <span class='ocrx_word' id='word_1_587' title='bbox 1061 4793 1412 4868; x_wconf 37' lang='lat' dir='ltr'><strong>ecclesscap.</strong></span> <span class='ocrx_word' id='word_1_588' title='bbox 1440 4795 1539 4861; x_wconf 82' lang='lat' dir='ltr'><strong>i7;</strong></span> <span class='ocrx_word' id='word_1_589' title='bbox 1576 4798 1886 4866; x_wconf 82' lang='lat' dir='ltr'><strong>Augustin.</strong></span> 
     </span>
    </p>
   </div>
   <div class='ocr_carea' id='block_1_50' title="bbox 222 4866 1886 4934">
    <p class='ocr_par' dir='ltr' id='par_1_50' title="bbox 222 4866 1886 4934">
     <span class='ocr_line' id='line_1_50' title="bbox 222 4866 1886 4934; baseline 0 -12"><span class='ocrx_word' id='word_1_590' title='bbox 222 4869 316 4922; x_wconf 80' lang='lat' dir='ltr'><strong><em>De</em></strong></span> <span class='ocrx_word' id='word_1_591' title='bbox 358 4866 601 4921; x_wconf 52' lang='lat' dir='ltr'><strong>&#39;ciuitate</strong></span> <span class='ocrx_word' id='word_1_592' title='bbox 648 4866 744 4921; x_wconf 85' lang='lat' dir='ltr'><strong>Dei</strong></span> <span class='ocrx_word' id='word_1_593' title='bbox 803 4880 931 4934; x_wconf 90' lang='lat' dir='ltr'><strong>cap.</strong></span> <span class='ocrx_word' id='word_1_594' title='bbox 984 4868 1085 4931; x_wconf 83' lang='lat'><strong>52;</strong></span> <span class='ocrx_word' id='word_1_595' title='bbox 1119 4867 1354 4922; x_wconf 88' lang='lat' dir='ltr'><strong>Orosius</strong></span> <span class='ocrx_word' id='word_1_596' title='bbox 1386 4867 1445 4920; x_wconf 89' lang='lat' dir='ltr'><strong>in</strong></span> <span class='ocrx_word' id='word_1_597' title='bbox 1479 4868 1721 4923; x_wconf 73' lang='lat' dir='ltr'><strong>Historia</strong></span> <span class='ocrx_word' id='word_1_598' title='bbox 1761 4868 1886 4924; x_wconf 82' lang='lat' dir='ltr'><strong>adv.</strong></span> 
     </span>
    </p>
   </div>
   <div class='ocr_carea' id='block_1_51' title="bbox 234 4937 1888 5061">
    <p class='ocr_par' dir='ltr' id='par_1_51' title="bbox 234 4937 1888 5061">
     <span class='ocr_line' id='line_1_51' title="bbox 234 4937 1888 5061; baseline 0.001 -67"><span class='ocrx_word' id='word_1_599' title='bbox 234 4937 628 5022; x_wconf 52' lang='lat' dir='ltr'><strong>paganosdib.</strong></span> <span class='ocrx_word' id='word_1_600' title='bbox 659 4951 781 5003; x_wconf 84' lang='lat' dir='ltr'><strong>vm,</strong></span> <span class='ocrx_word' id='word_1_601' title='bbox 815 4952 944 5061; x_wconf 68' lang='lat' dir='ltr'><strong>cap.</strong></span> <span class='ocrx_word' id='word_1_602' title='bbox 986 4937 1242 5019; x_wconf 39' lang='lat' dir='ltr'><strong>45,.eam</strong></span> <span class='ocrx_word' id='word_1_603' title='bbox 1277 4945 1547 5009; x_wconf 87' lang='lat' dir='ltr'><strong>quartam</strong></span> <span class='ocrx_word' id='word_1_604' title='bbox 1591 4939 1888 5005; x_wconf 83' lang='lat' dir='ltr'><strong>facientes,</strong></span> 
     </span>
     <span class='ocr_line' id='line_1_52' title="bbox 238 5010 1888 5061; baseline 0 0"><span class='ocrx_word' id='word_1_605' title='bbox 238 5012 467 5061; x_wconf 85' lang='lat' dir='ltr'><strong>omissa</strong></span> <span class='ocrx_word' id='word_1_606' title='bbox 496 5014 630 5061; x_wconf 73' lang='lat' dir='ltr'><strong>ista.</strong></span> <span class='ocrx_word' id='word_1_607' title='bbox 657 5024 783 5061; x_wconf 63' lang='lat' dir='ltr'><strong>uuae</strong></span> <span class='ocrx_word' id='word_1_608' title='bbox 815 5025 883 5061; x_wconf 85' lang='lat' dir='ltr'><strong>su</strong></span> <span class='ocrx_word' id='word_1_609' title='bbox 957 5011 1217 5061; x_wconf 84' lang='lat' dir='ltr'><strong>Adriano</strong></span> <span class='ocrx_word' id='word_1_610' title='bbox 1249 5014 1437 5061; x_wconf 70' lang='lat' dir='ltr'><strong>omnia</strong></span> <span class='ocrx_word' id='word_1_611' title='bbox 1466 5015 1522 5061; x_wconf 86' lang='lat' dir='ltr'><strong>et</strong></span> <span class='ocrx_word' id='word_1_612' title='bbox 1553 5010 1662 5061; x_wconf 89' lang='lat' dir='ltr'><strong>sub</strong></span> <span class='ocrx_word' id='word_1_613' title='bbox 1708 5015 1888 5061; x_wconf 87' lang='lat' dir='ltr'><strong>Anto-</strong></span> 
     </span>
    </p>
   </div>
   <div class='ocr_carea' id='block_1_52' title="bbox 238 5008 1891 5075">
    <p class='ocr_par' dir='ltr' id='par_1_52' title="bbox 238 5008 1891 5075">
     <span class='ocr_line' id='line_1_53' title="bbox 238 5008 1891 5075; baseline -0.001 -9"><span class='ocrx_word' id='word_1_614' title='bbox 238 5008 467 5066; x_wconf 83' lang='lat' dir='ltr'><strong>omissa</strong></span> <span class='ocrx_word' id='word_1_615' title='bbox 496 5009 630 5074; x_wconf 74' lang='lat' dir='ltr'><strong>ista,</strong></span> <span class='ocrx_word' id='word_1_616' title='bbox 657 5024 783 5075; x_wconf 67' lang='lat' dir='ltr'><strong>quis</strong></span> <span class='ocrx_word' id='word_1_617' title='bbox 815 5008 924 5063; x_wconf 86' lang='lat' dir='ltr'><strong>sub</strong></span> <span class='ocrx_word' id='word_1_618' title='bbox 957 5008 1217 5063; x_wconf 84' lang='lat' dir='ltr'><strong>Adriano</strong></span> <span class='ocrx_word' id='word_1_619' title='bbox 1249 5014 1437 5075; x_wconf 74' lang='lat' dir='ltr'><strong>caspia</strong></span> <span class='ocrx_word' id='word_1_620' title='bbox 1466 5015 1522 5065; x_wconf 89' lang='lat' dir='ltr'><strong>et</strong></span> <span class='ocrx_word' id='word_1_621' title='bbox 1553 5010 1662 5065; x_wconf 92' lang='lat' dir='ltr'><strong>sub</strong></span> <span class='ocrx_word' id='word_1_622' title='bbox 1708 5015 1891 5067; x_wconf 88' lang='lat' dir='ltr'><strong>Anto-</strong></span> 
     </span>
    </p>
   </div>
   <div class='ocr_carea' id='block_1_53' title="bbox 238 5079 1887 5152">
    <p class='ocr_par' dir='ltr' id='par_1_53' title="bbox 238 5079 1887 5152">
     <span class='ocr_line' id='line_1_54' title="bbox 238 5079 1887 5152; baseline 0 -15"><span class='ocrx_word' id='word_1_623' title='bbox 238 5082 382 5137; x_wconf 89' lang='lat' dir='ltr'><strong>nino</strong></span> <span class='ocrx_word' id='word_1_624' title='bbox 417 5082 512 5137; x_wconf 87' lang='lat' dir='ltr'><strong>Pio</strong></span> <span class='ocrx_word' id='word_1_625' title='bbox 543 5081 884 5152; x_wconf 86' lang='lat' dir='ltr'><strong>continuata</strong></span> <span class='ocrx_word' id='word_1_626' title='bbox 908 5079 1035 5152; x_wconf 87' lang='lat' dir='ltr'><strong>fuit.</strong></span> <span class='ocrx_word' id='word_1_627' title='bbox 1073 5079 1467 5152; x_wconf 74' lang='lat' dir='ltr'><strong>sustulithsac</strong></span> <span class='ocrx_word' id='word_1_628' title='bbox 1486 5082 1887 5152; x_wconf 85' lang='lat' dir='ltr'><strong>persecutioin</strong></span> 
     </span>
    </p>
   </div>
   <div class='ocr_carea' id='block_1_54' title="bbox 237 5150 1891 5245">
    <p class='ocr_par' dir='ltr' id='par_1_54' title="bbox 237 5150 1891 5245">
     <span class='ocr_line' id='line_1_55' title="bbox 237 5150 1891 5245; baseline 0 -37"><span class='ocrx_word' id='word_1_629' title='bbox 237 5154 399 5219; x_wconf 87' lang='lat' dir='ltr'><strong>Asia,</strong></span> <span class='ocrx_word' id='word_1_630' title='bbox 435 5157 641 5245; x_wconf 68' lang='lat' dir='ltr'><strong>praeter</strong></span> <span class='ocrx_word' id='word_1_631' title='bbox 669 5151 932 5234; x_wconf 76' lang='lat' dir='ltr'><strong>Sagarim</strong></span> <span class='ocrx_word' id='word_1_632' title='bbox 977 5150 1266 5245; x_wconf 58' lang='lat' dir='ltr'><strong>Laodicea:</strong></span> <span class='ocrx_word' id='word_1_633' title='bbox 1297 5150 1661 5245; x_wconf 44' lang='lat' dir='ltr'><strong>episclo&#39;pum,</strong></span> <span class='ocrx_word' id='word_1_634' title='bbox 1713 5153 1891 5245; x_wconf 65' lang='lat' dir='ltr'><strong>Poly-</strong></span> 
     </span>
    </p>
   </div>
   <div class='ocr_carea' id='block_1_55' title="bbox 238 5224 1888 5368">
    <p class='ocr_par' dir='ltr' id='par_1_55' title="bbox 238 5224 1888 5368">
     <span class='ocr_line' id='line_1_56' title="bbox 240 5224 1882 5307; baseline -0.001 -27"><span class='ocrx_word' id='word_1_635' title='bbox 240 5240 483 5307; x_wconf 77' lang='lat' dir='ltr'><strong>carpum</strong></span> <span class='ocrx_word' id='word_1_636' title='bbox 503 5228 759 5294; x_wconf 67' lang='lat' dir='ltr'><strong>Smyrna:</strong></span> <span class='ocrx_word' id='word_1_637' title='bbox 781 5224 1139 5306; x_wconf 74' lang='lat' dir='ltr'><strong>episcopum,</strong></span> <span class='ocrx_word' id='word_1_638' title='bbox 1159 5224 1372 5306; x_wconf 58' lang='lat' dir='ltr'><strong>(Euseb.</strong></span> <span class='ocrx_word' id='word_1_639' title='bbox 1394 5225 1493 5279; x_wconf 82' lang='lat' dir='ltr'><strong>lib.</strong></span> <span class='ocrx_word' id='word_1_640' title='bbox 1520 5241 1598 5292; x_wconf 86' lang='lat' dir='ltr'><strong>1v,</strong></span> <span class='ocrx_word' id='word_1_641' title='bbox 1617 5241 1733 5295; x_wconf 80' lang='lat' dir='ltr'><strong>cap.</strong></span> <span class='ocrx_word' id='word_1_642' title='bbox 1762 5224 1882 5292; x_wconf 76' lang='lat'><strong>15);</strong></span> 
     </span>
     <span class='ocr_line' id='line_1_57' title="bbox 238 5294 1888 5368; baseline -0.001 -16"><span class='ocrx_word' id='word_1_643' title='bbox 238 5296 540 5368; x_wconf 81' lang='lat' dir='ltr'><strong>Justinum</strong></span> <span class='ocrx_word' id='word_1_644' title='bbox 558 5302 905 5368; x_wconf 79' lang='lat' dir='ltr'><strong>martyrem,</strong></span> <span class='ocrx_word' id='word_1_645' title='bbox 925 5296 1310 5368; x_wconf 66' lang='lat' dir='ltr'><strong>quadriennio</strong></span> <span class='ocrx_word' id='word_1_646' title='bbox 1329 5300 1461 5350; x_wconf 87' lang='lat' dir='ltr'><strong>ante</strong></span> <span class='ocrx_word' id='word_1_647' title='bbox 1484 5294 1888 5368; x_wconf 83' lang='lat' dir='ltr'><strong>Polycarpum,</strong></span> 
     </span>
    </p>
   </div>
   <div class='ocr_carea' id='block_1_56' title="bbox 239 5312 1889 5440">
    <p class='ocr_par' dir='ltr' id='par_1_56' title="bbox 239 5312 1889 5440">
     <span class='ocr_line' id='line_1_58' title="bbox 239 5312 1888 5419; baseline -0.001 -67"><span class='ocrx_word' id='word_1_648' title='bbox 239 5312 540 5352; x_wconf 79' lang='lat' dir='ltr'><strong>Jusunum</strong></span> <span class='ocrx_word' id='word_1_649' title='bbox 567 5312 903 5363; x_wconf 74' lang='lat' dir='ltr'><strong>martyrem,</strong></span> <span class='ocrx_word' id='word_1_650' title='bbox 920 5312 1310 5419; x_wconf 63' lang='lat' dir='ltr'><strong>guaoricnmo</strong></span> <span class='ocrx_word' id='word_1_651' title='bbox 1329 5312 1461 5350; x_wconf 78' lang='lat' dir='ltr'><strong>ante</strong></span> <span class='ocrx_word' id='word_1_652' title='bbox 1484 5312 1888 5368; x_wconf 73' lang='lat' dir='ltr'><strong>reiycarpum,</strong></span> 
     </span>
     <span class='ocr_line' id='line_1_59' title="bbox 239 5364 1889 5440; baseline 0.001 -18"><span class='ocrx_word' id='word_1_653' title='bbox 239 5368 461 5440; x_wconf 66' lang='lat' dir='ltr'><strong>(Euseb.</strong></span> <span class='ocrx_word' id='word_1_654' title='bbox 498 5365 601 5422; x_wconf 85' lang='lat' dir='ltr'><strong>lib.</strong></span> <span class='ocrx_word' id='word_1_655' title='bbox 634 5382 711 5440; x_wconf 72' lang='lat' dir='ltr'><strong>1y,</strong></span> <span class='ocrx_word' id='word_1_656' title='bbox 741 5381 859 5440; x_wconf 72' lang='lat' dir='ltr'><strong>cap.</strong></span> <span class='ocrx_word' id='word_1_657' title='bbox 888 5366 929 5440; x_wconf 67' lang='grc' dir='ltr'><strong>1Δ</strong></span> <span class='ocrx_word' id='word_1_658' title='bbox 959 5364 1412 5440; x_wconf 69' lang='lat' dir='ltr'><strong>);_Ptoloma3um</strong></span> <span class='ocrx_word' id='word_1_659' title='bbox 1443 5372 1506 5440; x_wconf 76' lang='lat' dir='ltr'><strong>et</strong></span> <span class='ocrx_word' id='word_1_660' title='bbox 1533 5367 1795 5440; x_wconf 86' lang='lat' dir='ltr'><strong>Lucium,</strong></span> <span class='ocrx_word' id='word_1_661' title='bbox 1819 5369 1889 5424; x_wconf 91' lang='lat' dir='ltr'><strong>de</strong></span> 
     </span>
    </p>
   </div>
   <div class='ocr_carea' id='block_1_57' title="bbox 240 5437 1890 5511">
    <p class='ocr_par' dir='ltr' id='par_1_57' title="bbox 240 5437 1890 5511">
     <span class='ocr_line' id='line_1_60' title="bbox 240 5437 1890 5511; baseline 0.001 -18"><span class='ocrx_word' id='word_1_662' title='bbox 240 5437 360 5511; x_wconf 80' lang='lat' dir='ltr'><strong>quo</strong></span> <span class='ocrx_word' id='word_1_663' title='bbox 405 5439 620 5511; x_wconf 79' lang='lat' dir='ltr'><strong>Justin.</strong></span> <span class='ocrx_word' id='word_1_664' title='bbox 658 5437 733 5494; x_wconf 94' lang='lat' dir='ltr'><strong>M.</strong></span> <span class='ocrx_word' id='word_1_665' title='bbox 786 5437 844 5491; x_wconf 92' lang='lat' dir='ltr'><strong>in</strong></span> <span class='ocrx_word' id='word_1_666' title='bbox 897 5438 1162 5511; x_wconf 66' lang='lat' dir='ltr'><strong>Apologia</strong></span> <span class='ocrx_word' id='word_1_667' title='bbox 1200 5455 1253 5511; x_wconf 15' lang='lat' dir='ltr'><strong>VI,</strong></span> <span class='ocrx_word' id='word_1_668' title='bbox 1287 5454 1415 5509; x_wconf 85' lang='lat' dir='ltr'><strong>pag.</strong></span> <span class='ocrx_word' id='word_1_669' title='bbox 1448 5438 1537 5505; x_wconf 80' lang='grc'><strong>42,</strong></span> <span class='ocrx_word' id='word_1_670' title='bbox 1571 5438 1804 5494; x_wconf 70' lang='lat' dir='ltr'><strong>disserit</strong></span> <span class='ocrx_word' id='word_1_671' title='bbox 1835 5446 1890 5495; x_wconf 88' lang='lat' dir='ltr'><strong>et</strong></span> 
     </span>
    </p>
   </div>
   <div class='ocr_carea' id='block_1_58' title="bbox 237 5508 1885 5580">
    <p class='ocr_par' dir='ltr' id='par_1_58' title="bbox 237 5508 1885 5580">
     <span class='ocr_line' id='line_1_61' title="bbox 237 5508 1885 5580; baseline 0.001 -16"><span class='ocrx_word' id='word_1_672' title='bbox 237 5508 454 5566; x_wconf 81' lang='lat' dir='ltr'><strong>Euseb.</strong></span> <span class='ocrx_word' id='word_1_673' title='bbox 487 5508 588 5566; x_wconf 88' lang='lat' dir='ltr'><strong>lib.</strong></span> <span class='ocrx_word' id='word_1_674' title='bbox 633 5525 709 5575; x_wconf 88' lang='lat' dir='ltr'><strong>iv,</strong></span> <span class='ocrx_word' id='word_1_675' title='bbox 742 5522 867 5579; x_wconf 86' lang='lat' dir='ltr'><strong>cap.</strong></span> <span class='ocrx_word' id='word_1_676' title='bbox 904 5508 1004 5580; x_wconf 70' lang='lat' dir='ltr'><strong>i7;</strong></span> <span class='ocrx_word' id='word_1_677' title='bbox 1041 5508 1416 5574; x_wconf 81' lang='lat' dir='ltr'><strong>Felicitatem,</strong></span> <span class='ocrx_word' id='word_1_678' title='bbox 1458 5514 1766 5580; x_wconf 84' lang='lat' dir='ltr'><strong>postquam</strong></span> <span class='ocrx_word' id='word_1_679' title='bbox 1797 5526 1885 5565; x_wconf 89' lang='lat' dir='ltr'><strong>se-</strong></span> 
     </span>
    </p>
   </div>
   <div class='ocr_carea' id='block_1_59' title="bbox 283 5579 1885 5652">
    <p class='ocr_par' dir='ltr' id='par_1_59' title="bbox 283 5579 1885 5652">
     <span class='ocr_line' id='line_1_62' title="bbox 283 5579 1885 5652; baseline -0.001 -16"><span class='ocrx_word' id='word_1_680' title='bbox 283 5587 399 5636; x_wconf 87' lang='lat' dir='ltr'><strong>tem</strong></span> <span class='ocrx_word' id='word_1_681' title='bbox 436 5582 585 5637; x_wconf 83' lang='lat' dir='ltr'><strong>filios</strong></span> <span class='ocrx_word' id='word_1_682' title='bbox 610 5585 896 5652; x_wconf 76' lang='lat' dir='ltr'><strong>martyres</strong></span> <span class='ocrx_word' id='word_1_683' title='bbox 926 5579 985 5634; x_wconf 89' lang='lat' dir='ltr'><strong>in</strong></span> <span class='ocrx_word' id='word_1_684' title='bbox 1010 5582 1215 5635; x_wconf 69' lang='lat' dir='ltr'><strong>caelum</strong></span> <span class='ocrx_word' id='word_1_685' title='bbox 1252 5579 1634 5652; x_wconf 67' lang='lat' dir='ltr'><strong>praemiserat,</strong></span> <span class='ocrx_word' id='word_1_686' title='bbox 1668 5581 1738 5636; x_wconf 89' lang='lat' dir='ltr'><strong>de</strong></span> <span class='ocrx_word' id='word_1_687' title='bbox 1760 5581 1885 5652; x_wconf 89' lang='lat' dir='ltr'><strong>qui-</strong></span> 
     </span>
    </p>
   </div>
   <div class='ocr_carea' id='block_1_60' title="bbox 238 5599 1889 5724">
    <p class='ocr_par' dir='ltr' id='par_1_60' title="bbox 238 5599 1889 5724">
     <span class='ocr_line' id='line_1_63' title="bbox 283 5599 1885 5652; baseline -0.001 -16"><span class='ocrx_word' id='word_1_688' title='bbox 283 5599 399 5636; x_wconf 81' lang='lat' dir='ltr'><strong>tem</strong></span> <span class='ocrx_word' id='word_1_689' title='bbox 436 5599 585 5637; x_wconf 83' lang='lat' dir='ltr'><strong>llllOS</strong></span> <span class='ocrx_word' id='word_1_690' title='bbox 610 5599 896 5651; x_wconf 76' lang='lat' dir='ltr'><strong>martyres</strong></span> <span class='ocrx_word' id='word_1_691' title='bbox 926 5599 985 5634; x_wconf 79' lang='lat' dir='ltr'><strong>lu</strong></span> <span class='ocrx_word' id='word_1_692' title='bbox 1010 5599 1215 5635; x_wconf 74' lang='lat' dir='ltr'><strong>castum</strong></span> <span class='ocrx_word' id='word_1_693' title='bbox 1252 5599 1634 5652; x_wconf 63' lang='lat' dir='ltr'><strong>praemiserat,</strong></span> <span class='ocrx_word' id='word_1_694' title='bbox 1668 5599 1738 5636; x_wconf 79' lang='lat'><strong>(18</strong></span> <span class='ocrx_word' id='word_1_695' title='bbox 1760 5599 1885 5652; x_wconf 75' lang='lat' dir='ltr'><strong>QUI-</strong></span> 
     </span>
     <span class='ocr_line' id='line_1_64' title="bbox 238 5599 1889 5724; baseline 0 -15"><span class='ocrx_word' id='word_1_696' title='bbox 238 5599 353 5709; x_wconf 58' lang='lat' dir='ltr'><strong>gus</strong></span> <span class='ocrx_word' id='word_1_697' title='bbox 381 5651 501 5708; x_wconf 88' lang='lat' dir='ltr'><strong>vid.</strong></span> <span class='ocrx_word' id='word_1_698' title='bbox 534 5651 1013 5724; x_wconf 28' lang='grc' dir='ltr'><strong>Μανιῃνριτ-Ποῖη.</strong></span> <span class='ocrx_word' id='word_1_699' title='bbox 1054 5652 1159 5724; x_wconf 78' lang='lat' dir='ltr'><strong>die</strong></span> <span class='ocrx_word' id='word_1_700' title='bbox 1191 5653 1258 5707; x_wconf 89' lang='grc'><strong>10</strong></span> <span class='ocrx_word' id='word_1_701' title='bbox 1287 5651 1445 5724; x_wconf 45' lang='grc' dir='ltr'>,ΙυΙη</span> <span class='ocrx_word' id='word_1_702' title='bbox 1492 5652 1774 5724; x_wconf 82' lang='lat' dir='ltr'><strong>aliosque.</strong></span> <span class='ocrx_word' id='word_1_703' title='bbox 1807 5658 1889 5709; x_wconf 88' lang='lat' dir='ltr'><strong>De</strong></span> 
     </span>
    </p>
   </div>
   <div class='ocr_carea' id='block_1_61' title="bbox 236 5721 1886 5797">
    <p class='ocr_par' dir='ltr' id='par_1_61' title="bbox 236 5721 1886 5797">
     <span class='ocr_line' id='line_1_65' title="bbox 236 5721 1886 5797; baseline -0.002 -13"><span class='ocrx_word' id='word_1_704' title='bbox 236 5724 549 5784; x_wconf 82' lang='lat' dir='ltr'><strong>horrendis</strong></span> <span class='ocrx_word' id='word_1_705' title='bbox 581 5721 891 5797; x_wconf 81' lang='lat' dir='ltr'><strong>suppliciis</strong></span> <span class='ocrx_word' id='word_1_706' title='bbox 929 5722 990 5779; x_wconf 88' lang='lat' dir='ltr'><strong>in</strong></span> <span class='ocrx_word' id='word_1_707' title='bbox 1040 5722 1244 5790; x_wconf 76' lang='lat' dir='ltr'><strong>Gallia,</strong></span> <span class='ocrx_word' id='word_1_708' title='bbox 1280 5723 1537 5796; x_wconf 86' lang='lat' dir='ltr'><strong>Lugduni</strong></span> <span class='ocrx_word' id='word_1_709' title='bbox 1569 5728 1625 5782; x_wconf 91' lang='lat' dir='ltr'><strong>et</strong></span> <span class='ocrx_word' id='word_1_710' title='bbox 1652 5721 1886 5781; x_wconf 79' lang='lat' dir='ltr'><strong>Viennae</strong></span> 
     </span>
    </p>
   </div>
   <div class='ocr_carea' id='block_1_62' title="bbox 1999 4218 3634 4289">
    <p class='ocr_par' dir='ltr' id='par_1_62' title="bbox 1999 4218 3634 4289">
     <span class='ocr_line' id='line_1_66' title="bbox 1999 4218 3634 4289; baseline -0.002 -8"><span class='ocrx_word' id='word_1_711' title='bbox 1999 4224 2344 4281; x_wconf 86' lang='lat' dir='ltr'><strong>Christianis</strong></span> <span class='ocrx_word' id='word_1_712' title='bbox 2374 4222 2553 4279; x_wconf 85' lang='lat' dir='ltr'><strong>illatis</strong></span> <span class='ocrx_word' id='word_1_713' title='bbox 2597 4224 2773 4280; x_wconf 81' lang='lat' dir='ltr'><strong>refert</strong></span> <span class='ocrx_word' id='word_1_714' title='bbox 2801 4222 3042 4279; x_wconf 91' lang='lat' dir='ltr'><strong>Orosius</strong></span> <span class='ocrx_word' id='word_1_715' title='bbox 3072 4222 3112 4280; x_wconf 92' lang='lat' dir='ltr'><strong>l.</strong></span> <span class='ocrx_word' id='word_1_716' title='bbox 3159 4238 3235 4289; x_wconf 92' lang='lat' dir='ltr'><strong>c.,</strong></span> <span class='ocrx_word' id='word_1_717' title='bbox 3283 4220 3497 4278; x_wconf 81' lang='lat' dir='ltr'><strong>Euseb.</strong></span> <span class='ocrx_word' id='word_1_718' title='bbox 3532 4218 3634 4277; x_wconf 89' lang='lat' dir='ltr'><strong>lib.</strong></span> 
     </span>
    </p>
   </div>
   <div class='ocr_carea' id='block_1_63' title="bbox 2001 4293 3636 4374">
    <p class='ocr_par' dir='ltr' id='par_1_63' title="bbox 2001 4293 3636 4374">
     <span class='ocr_line' id='line_1_67' title="bbox 2001 4293 3636 4374; baseline -0.003 -22"><span class='ocrx_word' id='word_1_719' title='bbox 2001 4312 2053 4365; x_wconf 76' lang='grc' dir='ltr'><strong>ν,</strong></span> <span class='ocrx_word' id='word_1_720' title='bbox 2085 4313 2210 4374; x_wconf 85' lang='lat' dir='ltr'><strong>cap.</strong></span> <span class='ocrx_word' id='word_1_721' title='bbox 2247 4297 2303 4374; x_wconf 62' lang='grc' dir='ltr'><strong>1ἶ</strong></span> <span class='ocrx_word' id='word_1_722' title='bbox 2347 4295 3022 4374; x_wconf 57' lang='lat' dir='ltr'><strong>Repressaaliquantum</strong></span> <span class='ocrx_word' id='word_1_723' title='bbox 3057 4295 3313 4374; x_wconf 72' lang='lat' dir='ltr'><strong>creditor</strong></span> <span class='ocrx_word' id='word_1_724' title='bbox 3339 4293 3463 4374; x_wconf 63' lang='lat' dir='ltr'><strong>haec</strong></span> <span class='ocrx_word' id='word_1_725' title='bbox 3508 4308 3636 4374; x_wconf 86' lang='lat' dir='ltr'><strong>per-</strong></span> 
     </span>
    </p>
   </div>
   <div class='ocr_carea' id='block_1_64' title="bbox 1999 4366 3637 4440">
    <p class='ocr_par' dir='ltr' id='par_1_64' title="bbox 1999 4366 3637 4440">
     <span class='ocr_line' id='line_1_68' title="bbox 1999 4366 3637 4440; baseline -0.002 -17"><span class='ocrx_word' id='word_1_726' title='bbox 1999 4370 2221 4423; x_wconf 89' lang='lat' dir='ltr'><strong>secutio</strong></span> <span class='ocrx_word' id='word_1_727' title='bbox 2253 4368 2325 4423; x_wconf 91' lang='lat' dir='ltr'><strong>ob</strong></span> <span class='ocrx_word' id='word_1_728' title='bbox 2355 4366 2588 4440; x_wconf 83' lang='lat' dir='ltr'><strong>insigne</strong></span> <span class='ocrx_word' id='word_1_729' title='bbox 2633 4368 2980 4440; x_wconf 82' lang='lat' dir='ltr'><strong>beneficium</strong></span> <span class='ocrx_word' id='word_1_730' title='bbox 3019 4385 3051 4440; x_wconf 87' lang='lat' dir='ltr'><strong>a</strong></span> <span class='ocrx_word' id='word_1_731' title='bbox 3092 4367 3337 4439; x_wconf 77' lang='lat' dir='ltr'><strong>Legione</strong></span> <span class='ocrx_word' id='word_1_732' title='bbox 3364 4366 3637 4440; x_wconf 41' lang='lat' dir='ltr'><strong>fulmina:</strong></span> 
     </span>
    </p>
   </div>
   <div class='ocr_carea' id='block_1_65' title="bbox 1997 4436 3640 4511">
    <p class='ocr_par' dir='ltr' id='par_1_65' title="bbox 1997 4436 3640 4511">
     <span class='ocr_line' id='line_1_69' title="bbox 1997 4436 3640 4511; baseline -0.003 -18"><span class='ocrx_word' id='word_1_733' title='bbox 1997 4441 2141 4495; x_wconf 80' lang='lat' dir='ltr'><strong>trice</strong></span> <span class='ocrx_word' id='word_1_734' title='bbox 2200 4436 2545 4511; x_wconf 77' lang='lat' dir='ltr'><strong>przsstilum,</strong></span> <span class='ocrx_word' id='word_1_735' title='bbox 2605 4439 2758 4510; x_wconf 91' lang='lat' dir='ltr'><strong>quod</strong></span> <span class='ocrx_word' id='word_1_736' title='bbox 2808 4436 3263 4511; x_wconf 32' lang='lat' dir='ltr'><strong>miraculumiet</strong></span> <span class='ocrx_word' id='word_1_737' title='bbox 3321 4436 3539 4511; x_wconf 75' lang='lat' dir='ltr'><strong>ethnici</strong></span> <span class='ocrx_word' id='word_1_738' title='bbox 3582 4438 3640 4511; x_wconf 90' lang='lat' dir='ltr'><strong>et</strong></span> 
     </span>
    </p>
   </div>
   <div class='ocr_carea' id='block_1_66' title="bbox 1995 4508 3636 4579">
    <p class='ocr_par' dir='ltr' id='par_1_66' title="bbox 1995 4508 3636 4579">
     <span class='ocr_line' id='line_1_70' title="bbox 1995 4508 3636 4579; baseline -0.004 -13"><span class='ocrx_word' id='word_1_739' title='bbox 1995 4508 2312 4566; x_wconf 72' lang='lat' dir='ltr'><strong>Christiani</strong></span> <span class='ocrx_word' id='word_1_740' title='bbox 2366 4508 2676 4579; x_wconf 77' lang='lat' dir='ltr'><strong>scriptores</strong></span> <span class='ocrx_word' id='word_1_741' title='bbox 2728 4519 2985 4566; x_wconf 89' lang='lat' dir='ltr'><strong>narrant.</strong></span> <span class='ocrx_word' id='word_1_742' title='bbox 3028 4510 3096 4565; x_wconf 86' lang='lat' dir='ltr'><strong>Et</strong></span> <span class='ocrx_word' id='word_1_743' title='bbox 3125 4510 3210 4564; x_wconf 92' lang='lat' dir='ltr'><strong>illi</strong></span> <span class='ocrx_word' id='word_1_744' title='bbox 3255 4508 3487 4577; x_wconf 90' lang='lat' dir='ltr'><strong>quidem</strong></span> <span class='ocrx_word' id='word_1_745' title='bbox 3532 4510 3636 4579; x_wconf 75' lang='lat' dir='ltr'><strong>aut</strong></span> 
     </span>
    </p>
   </div>
   <div class='ocr_carea' id='block_1_67' title="bbox 1996 4576 3633 4655">
    <p class='ocr_par' dir='ltr' id='par_1_67' title="bbox 1996 4576 3633 4655">
     <span class='ocr_line' id='line_1_71' title="bbox 1996 4576 3633 4655; baseline -0.002 -18"><span class='ocrx_word' id='word_1_746' title='bbox 1996 4599 2167 4655; x_wconf 90' lang='lat' dir='ltr'><strong>mago</strong></span> <span class='ocrx_word' id='word_1_747' title='bbox 2197 4583 2427 4639; x_wconf 79' lang='lat' dir='ltr'><strong>cuidam</strong></span> <span class='ocrx_word' id='word_1_748' title='bbox 2466 4576 2733 4655; x_wconf 72' lang='lat' dir='ltr'><strong>Egyptio</strong></span> <span class='ocrx_word' id='word_1_749' title='bbox 2792 4582 3079 4651; x_wconf 88' lang='lat' dir='ltr'><strong>tribuunt,</strong></span> <span class='ocrx_word' id='word_1_750' title='bbox 3113 4587 3177 4635; x_wconf 89' lang='lat' dir='ltr'><strong>ut</strong></span> <span class='ocrx_word' id='word_1_751' title='bbox 3208 4576 3318 4655; x_wconf 87' lang='lat' dir='ltr'><strong>D_io_</strong></span> <span class='ocrx_word' id='word_1_752' title='bbox 3342 4576 3633 4655; x_wconf 62' lang='lat' dir='ltr'><strong>Cess._lib.</strong></span> 
     </span>
    </p>
   </div>
   <div class='ocr_carea' id='block_1_68' title="bbox 1996 4647 3633 4725">
    <p class='ocr_par' dir='ltr' id='par_1_68' title="bbox 1996 4647 3633 4725">
     <span class='ocr_line' id='line_1_72' title="bbox 1996 4647 3633 4725; baseline -0.004 -16"><span class='ocrx_word' id='word_1_753' title='bbox 1996 4647 2144 4723; x_wconf 61' lang='lat' dir='ltr'><strong>Lxxi,</strong></span> <span class='ocrx_word' id='word_1_754' title='bbox 2192 4660 2292 4709; x_wconf 88' lang='lat' dir='ltr'><strong>aut</strong></span> <span class='ocrx_word' id='word_1_755' title='bbox 2341 4647 3075 4725; x_wconf 35' lang='lat' dir='ltr'><strong>precibus&#39;imperatoris,’</strong></span> <span class='ocrx_word' id='word_1_756' title='bbox 3104 4657 3166 4707; x_wconf 88' lang='lat' dir='ltr'><strong>ut</strong></span> <span class='ocrx_word' id='word_1_757' title='bbox 3231 4650 3342 4707; x_wconf 84' lang='lat' dir='ltr'><strong>Jul.</strong></span> <span class='ocrx_word' id='word_1_758' title='bbox 3387 4647 3633 4725; x_wconf 85' lang='lat' dir='ltr'><strong>Capitol.</strong></span> 
     </span>
    </p>
   </div>
   <div class='ocr_carea' id='block_1_69' title="bbox 1994 4721 3635 4796">
    <p class='ocr_par' dir='ltr' id='par_1_69' title="bbox 1994 4721 3635 4796">
     <span class='ocr_line' id='line_1_73' title="bbox 1994 4721 3635 4796; baseline -0.002 -16"><span class='ocrx_word' id='word_1_759' title='bbox 1994 4726 2052 4780; x_wconf 88' lang='lat' dir='ltr'><strong>in</strong></span> <span class='ocrx_word' id='word_1_760' title='bbox 2092 4721 2222 4780; x_wconf 73' lang='lat' dir='ltr'><strong>Vita</strong></span> <span class='ocrx_word' id='word_1_761' title='bbox 2262 4721 2459 4781; x_wconf 68' lang='lat' dir='ltr'><strong>Anton.</strong></span> <span class='ocrx_word' id='word_1_762' title='bbox 2510 4725 2656 4781; x_wconf 87' lang='lat' dir='ltr'><strong>Phil.</strong></span> <span class='ocrx_word' id='word_1_763' title='bbox 2704 4721 2830 4796; x_wconf 76' lang='lat' dir='ltr'><strong>cap.</strong></span> <span class='ocrx_word' id='word_1_764' title='bbox 2862 4726 2954 4790; x_wconf 87' lang='grc'><strong>24,</strong></span> <span class='ocrx_word' id='word_1_765' title='bbox 2985 4727 3096 4796; x_wconf 73' lang='lat' dir='ltr'><strong>aut</strong></span> <span class='ocrx_word' id='word_1_766' title='bbox 3138 4724 3307 4779; x_wconf 90' lang='lat' dir='ltr'><strong>bonis</strong></span> <span class='ocrx_word' id='word_1_767' title='bbox 3354 4721 3482 4793; x_wconf 87' lang='lat' dir='ltr'><strong>ejus</strong></span> <span class='ocrx_word' id='word_1_768' title='bbox 3516 4736 3635 4776; x_wconf 84' lang='lat' dir='ltr'><strong>mo-</strong></span> 
     </span>
    </p>
   </div>
   <div class='ocr_carea' id='block_1_70' title="bbox 1994 4794 3635 4868">
    <p class='ocr_par' dir='ltr' id='par_1_70' title="bbox 1994 4794 3635 4868">
     <span class='ocr_line' id='line_1_74' title="bbox 1994 4794 3635 4868; baseline -0.005 -14"><span class='ocrx_word' id='word_1_769' title='bbox 1994 4797 2183 4859; x_wconf 81' lang='lat' dir='ltr'><strong>ribus,</strong></span> <span class='ocrx_word' id='word_1_770' title='bbox 2214 4802 2314 4851; x_wconf 92' lang='lat' dir='ltr'><strong>aut</strong></span> <span class='ocrx_word' id='word_1_771' title='bbox 2344 4797 2698 4868; x_wconf 77' lang='lat' dir='ltr'><strong>Claudianua</strong></span> <span class='ocrx_word' id='word_1_772' title='bbox 2738 4794 2796 4851; x_wconf 78' lang='lat' dir='ltr'><strong>in</strong></span> <span class='ocrx_word' id='word_1_773' title='bbox 2823 4794 3101 4868; x_wconf 78' lang='lat' dir='ltr'><strong>panegyri</strong></span> <span class='ocrx_word' id='word_1_774' title='bbox 3156 4796 3229 4851; x_wconf 85' lang='lat' dir='ltr'><strong>De</strong></span> <span class='ocrx_word' id='word_1_775' title='bbox 3256 4798 3406 4868; x_wconf 76' lang='lat' dir='ltr'><strong>sexto</strong></span> <span class='ocrx_word' id='word_1_776' title='bbox 3435 4808 3635 4868; x_wconf 52' lang='lat' dir='ltr'><strong>consu-</strong></span> 
     </span>
    </p>
   </div>
   <div class='ocr_carea' id='block_1_71' title="bbox 1996 4864 3632 4939">
    <p class='ocr_par' dir='ltr' id='par_1_71' title="bbox 1996 4864 3632 4939">
     <span class='ocr_line' id='line_1_75' title="bbox 1996 4864 3632 4939; baseline -0.003 -16"><span class='ocrx_word' id='word_1_777' title='bbox 1996 4869 2113 4923; x_wconf 83' lang='lat' dir='ltr'><strong>latu</strong></span> <span class='ocrx_word' id='word_1_778' title='bbox 2153 4867 2401 4938; x_wconf 85' lang='lat' dir='ltr'><strong>Honorii,</strong></span> <span class='ocrx_word' id='word_1_779' title='bbox 2438 4885 2600 4924; x_wconf 84' lang='lat' dir='ltr'><strong>versu</strong></span> <span class='ocrx_word' id='word_1_780' title='bbox 2652 4868 2778 4938; x_wconf 87' lang='lat'><strong>339,</strong></span> <span class='ocrx_word' id='word_1_781' title='bbox 2823 4864 2919 4939; x_wconf 73' lang='lat' dir='ltr'><strong>sq.</strong></span> <span class='ocrx_word' id='word_1_782' title='bbox 2972 4864 3039 4939; x_wconf 80' lang='lat' dir='ltr'><strong>Hi</strong></span> <span class='ocrx_word' id='word_1_783' title='bbox 3071 4872 3262 4922; x_wconf 86' lang='lat' dir='ltr'><strong>autem</strong></span> <span class='ocrx_word' id='word_1_784' title='bbox 3311 4864 3632 4939; x_wconf 87' lang='lat' dir='ltr'><strong>veluti_Eu-</strong></span> 
     </span>
    </p>
   </div>
   <div class='ocr_carea' id='block_1_72' title="bbox 1994 4935 3634 5011">
    <p class='ocr_par' dir='ltr' id='par_1_72' title="bbox 1994 4935 3634 5011">
     <span class='ocr_line' id='line_1_76' title="bbox 1994 4935 3634 5011; baseline -0.004 -16"><span class='ocrx_word' id='word_1_785' title='bbox 1994 4941 2115 4996; x_wconf 84' lang='lat' dir='ltr'><strong>seb.</strong></span> <span class='ocrx_word' id='word_1_786' title='bbox 2160 4940 2260 4996; x_wconf 93' lang='lat' dir='ltr'><strong>lib.</strong></span> <span class='ocrx_word' id='word_1_787' title='bbox 2299 4956 2352 5005; x_wconf 91' lang='lat' dir='ltr'><strong>v,</strong></span> <span class='ocrx_word' id='word_1_788' title='bbox 2385 4935 2509 5010; x_wconf 82' lang='lat' dir='ltr'><strong>cap.</strong></span> <span class='ocrx_word' id='word_1_789' title='bbox 2560 4942 2615 5005; x_wconf 87' lang='lat'><strong>5,</strong></span> <span class='ocrx_word' id='word_1_790' title='bbox 2646 4944 2702 4995; x_wconf 87' lang='lat' dir='ltr'><strong>et</strong></span> <span class='ocrx_word' id='word_1_791' title='bbox 2732 4935 2803 4995; x_wconf 85' lang='lat' dir='ltr'><strong>ab</strong></span> <span class='ocrx_word' id='word_1_792' title='bbox 2838 4935 2905 4995; x_wconf 77' lang='lat' dir='ltr'><strong>eo</strong></span> <span class='ocrx_word' id='word_1_793' title='bbox 2936 4938 3118 5006; x_wconf 90' lang='lat' dir='ltr'><strong>citati,</strong></span> <span class='ocrx_word' id='word_1_794' title='bbox 3151 4938 3448 5011; x_wconf 87' lang='lat' dir='ltr'><strong>precibus_</strong></span> <span class='ocrx_word' id='word_1_795' title='bbox 3470 4935 3634 5011; x_wconf 70' lang='lat' dir='ltr'><strong>dictis</strong></span> 
     </span>
    </p>
   </div>
   <div class='ocr_carea' id='block_1_73' title="bbox 1993 5007 3632 5085">
    <p class='ocr_par' dir='ltr' id='par_1_73' title="bbox 1993 5007 3632 5085">
     <span class='ocr_line' id='line_1_77' title="bbox 1993 5007 3632 5085; baseline -0.002 -17"><span class='ocrx_word' id='word_1_796' title='bbox 1993 5007 2472 5085; x_wconf 77' lang='lat' dir='ltr'><strong>Christianorum</strong></span> <span class='ocrx_word' id='word_1_797' title='bbox 2513 5010 2756 5085; x_wconf 86' lang='lat' dir='ltr'><strong>legionis</strong></span> <span class='ocrx_word' id='word_1_798' title='bbox 2819 5011 3110 5085; x_wconf 80' lang='lat' dir='ltr'><strong>tribuunt,</strong></span> <span class='ocrx_word' id='word_1_799' title='bbox 3153 5007 3339 5085; x_wconf 75' lang='lat' dir='ltr'><strong>quam</strong></span> <span class='ocrx_word' id='word_1_800' title='bbox 3399 5007 3472 5085; x_wconf 73' lang='lat' dir='ltr'><strong>ab</strong></span> <span class='ocrx_word' id='word_1_801' title='bbox 3521 5007 3632 5085; x_wconf 77' lang='lat' dir='ltr'><strong>im-</strong></span> 
     </span>
    </p>
   </div>
   <div class='ocr_carea' id='block_1_74' title="bbox 1996 5079 3634 5153">
    <p class='ocr_par' dir='ltr' id='par_1_74' title="bbox 1996 5079 3634 5153">
     <span class='ocr_line' id='line_1_78' title="bbox 1996 5079 3634 5153; baseline -0.003 -14"><span class='ocrx_word' id='word_1_802' title='bbox 1996 5088 2257 5153; x_wconf 88' lang='lat' dir='ltr'><strong>peratore</strong></span> <span class='ocrx_word' id='word_1_803' title='bbox 2289 5082 2439 5138; x_wconf 85' lang='lat' dir='ltr'><strong>hanc</strong></span> <span class='ocrx_word' id='word_1_804' title='bbox 2498 5079 2599 5139; x_wconf 59' lang='lat' dir='ltr'><strong>ob&#39;</strong></span> <span class='ocrx_word' id='word_1_805' title='bbox 2629 5099 2867 5138; x_wconf 87' lang='lat' dir='ltr'><strong>causam</strong></span> <span class='ocrx_word' id='word_1_806' title='bbox 2920 5079 3369 5137; x_wconf 72' lang='lat' dir='ltr'><strong>Futminairz‘cem</strong></span> <span class='ocrx_word' id='word_1_807' title='bbox 3417 5079 3634 5153; x_wconf 79' lang='lat' dir='ltr'><strong>dictam</strong></span> 
     </span>
    </p>
   </div>
   <div class='ocr_carea' id='block_1_75' title="bbox 1996 5148 3631 5224">
    <p class='ocr_par' dir='ltr' id='par_1_75' title="bbox 1996 5148 3631 5224">
     <span class='ocr_line' id='line_1_79' title="bbox 1996 5148 3631 5224; baseline -0.003 -15"><span class='ocrx_word' id='word_1_808' title='bbox 1996 5148 2175 5211; x_wconf 81' lang='lat' dir='ltr'><strong>fuisse</strong></span> <span class='ocrx_word' id='word_1_809' title='bbox 2235 5155 2417 5210; x_wconf 89' lang='lat' dir='ltr'><strong>aiunt.</strong></span> <span class='ocrx_word' id='word_1_810' title='bbox 2479 5155 2652 5210; x_wconf 87' lang='lat' dir='ltr'><strong>Addit</strong></span> <span class='ocrx_word' id='word_1_811' title='bbox 2708 5154 3049 5211; x_wconf 87' lang='lat' dir='ltr'><strong>Tertullian.</strong></span> <span class='ocrx_word' id='word_1_812' title='bbox 3111 5170 3236 5224; x_wconf 86' lang='lat' dir='ltr'><strong>cap.</strong></span> <span class='ocrx_word' id='word_1_813' title='bbox 3297 5153 3333 5206; x_wconf 87' lang='lat'>5</span> <span class='ocrx_word' id='word_1_814' title='bbox 3380 5148 3631 5223; x_wconf 78' lang='lat' dir='ltr'><strong>Apolog.,</strong></span> 
     </span>
    </p>
   </div>
   <div class='ocr_carea' id='block_1_76' title="bbox 1992 5224 3629 5298">
    <p class='ocr_par' dir='ltr' id='par_1_76' title="bbox 1992 5224 3629 5298">
     <span class='ocr_line' id='line_1_80' title="bbox 1992 5224 3629 5298; baseline -0.005 -15"><span class='ocrx_word' id='word_1_815' title='bbox 1992 5226 2397 5295; x_wconf 85' lang='lat' dir='ltr'><strong>imperatorem</strong></span> <span class='ocrx_word' id='word_1_816' title='bbox 2452 5225 2675 5282; x_wconf 89' lang='lat' dir='ltr'><strong>litteras</strong></span> <span class='ocrx_word' id='word_1_817' title='bbox 2734 5225 2989 5293; x_wconf 85' lang='lat' dir='ltr'><strong>dedisse,</strong></span> <span class='ocrx_word' id='word_1_818' title='bbox 3022 5226 3241 5298; x_wconf 14' lang='lat' dir='ltr'><strong>quibus,</strong></span> <span class='ocrx_word' id='word_1_819' title='bbox 3295 5224 3405 5298; x_wconf 81' lang='lat' dir='ltr'><strong>hoc</strong></span> <span class='ocrx_word' id='word_1_820' title='bbox 3455 5224 3629 5277; x_wconf 77' lang='lat' dir='ltr'><strong>mira-</strong></span> 
     </span>
    </p>
   </div>
   <div class='ocr_carea' id='block_1_77' title="bbox 1994 5296 3632 5369">
    <p class='ocr_par' dir='ltr' id='par_1_77' title="bbox 1994 5296 3632 5369">
     <span class='ocr_line' id='line_1_81' title="bbox 1994 5296 3632 5369; baseline -0.002 -17"><span class='ocrx_word' id='word_1_821' title='bbox 1994 5298 2191 5353; x_wconf 90' lang='lat' dir='ltr'><strong>culum</strong></span> <span class='ocrx_word' id='word_1_822' title='bbox 2244 5298 2706 5354; x_wconf 87' lang='lat' dir='ltr'><strong>Christianorum</strong></span> <span class='ocrx_word' id='word_1_823' title='bbox 2767 5296 3053 5369; x_wconf 83' lang='lat' dir='ltr'><strong>precibus</strong></span> <span class='ocrx_word' id='word_1_824' title='bbox 3099 5296 3474 5367; x_wconf 87' lang='lat' dir='ltr'><strong>ascripserit;</strong></span> <span class='ocrx_word' id='word_1_825' title='bbox 3507 5310 3632 5369; x_wconf 64' lang='lat' dir='ltr'><strong>quae</strong></span> 
     </span>
    </p>
   </div>
   <div class='ocr_carea' id='block_1_78' title="bbox 1994 5365 3632 5439">
    <p class='ocr_par' dir='ltr' id='par_1_78' title="bbox 1994 5365 3632 5439">
     <span class='ocr_line' id='line_1_82' title="bbox 1994 5365 3632 5439; baseline -0.003 -15"><span class='ocrx_word' id='word_1_826' title='bbox 1994 5375 2187 5424; x_wconf 87' lang='lat' dir='ltr'><strong>tamen</strong></span> <span class='ocrx_word' id='word_1_827' title='bbox 2222 5386 2334 5424; x_wconf 90' lang='lat' dir='ltr'><strong>non</strong></span> <span class='ocrx_word' id='word_1_828' title='bbox 2390 5370 2640 5439; x_wconf 89' lang='lat' dir='ltr'><strong>amplius</strong></span> <span class='ocrx_word' id='word_1_829' title='bbox 2682 5365 2948 5424; x_wconf 85' lang='lat' dir='ltr'><strong>exstant:</strong></span> <span class='ocrx_word' id='word_1_830' title='bbox 2981 5368 3124 5424; x_wconf 90' lang='lat' dir='ltr'><strong>istas</strong></span> <span class='ocrx_word' id='word_1_831' title='bbox 3158 5365 3350 5439; x_wconf 81' lang='lat' dir='ltr'><strong>enim,</strong></span> <span class='ocrx_word' id='word_1_832' title='bbox 3401 5383 3526 5438; x_wconf 71' lang='lat' dir='ltr'><strong>quas</strong></span> <span class='ocrx_word' id='word_1_833' title='bbox 3560 5365 3632 5420; x_wconf 88' lang='lat' dir='ltr'><strong>ad</strong></span> 
     </span>
    </p>
   </div>
   <div class='ocr_carea' id='block_1_79' title="bbox 1994 5438 3633 5568">
    <p class='ocr_par' dir='ltr' id='par_1_79' title="bbox 1994 5438 3633 5568">
     <span class='ocr_line' id='line_1_83' title="bbox 1994 5438 3633 5511; baseline -0.004 -15"><span class='ocrx_word' id='word_1_834' title='bbox 1994 5439 2205 5496; x_wconf 87' lang='lat' dir='ltr'><strong>calcem</strong></span> <span class='ocrx_word' id='word_1_835' title='bbox 2245 5438 2528 5511; x_wconf 64' lang='lat' dir='ltr'><strong>Apologim</strong></span> <span class='ocrx_word' id='word_1_836' title='bbox 2553 5458 2590 5495; x_wconf 86' lang='lat' dir='ltr'><strong>Il</strong></span> <span class='ocrx_word' id='word_1_837' title='bbox 2619 5440 2774 5497; x_wconf 83' lang='lat' dir='ltr'><strong>Just.</strong></span> <span class='ocrx_word' id='word_1_838' title='bbox 2832 5444 2973 5495; x_wconf 83' lang='lat' dir='ltr'><strong>Mart</strong></span> <span class='ocrx_word' id='word_1_839' title='bbox 3020 5440 3098 5495; x_wconf 89' lang='lat' dir='ltr'><strong>ris</strong></span> <span class='ocrx_word' id='word_1_840' title='bbox 3155 5438 3451 5511; x_wconf 84' lang='lat' dir='ltr'><strong>leguntur,</strong></span> <span class='ocrx_word' id='word_1_841' title='bbox 3504 5452 3633 5491; x_wconf 84' lang='lat' dir='ltr'><strong>esse</strong></span> 
     </span>
     <span class='ocr_line' id='line_1_84' title="bbox 1994 5458 3630 5568; baseline -0.003 0"><span class='ocrx_word' id='word_1_842' title='bbox 1994 5512 2393 5568; x_wconf 86' lang='lat' dir='ltr'><strong>sunnosititias</strong></span> <span class='ocrx_word' id='word_1_843' title='bbox 2427 5512 2629 5568; x_wconf 91' lang='lat' dir='ltr'><strong>multis</strong></span> <span class='ocrx_word' id='word_1_844' title='bbox 2656 5512 2920 5568; x_wconf 88' lang='lat' dir='ltr'><strong>nrobavit</strong></span> <span class='ocrx_word' id='word_1_845' title='bbox 2973 5458 3231 5568; x_wconf 56' lang='lat' dir='ltr'><strong>gcaliaer</strong></span> <span class='ocrx_word' id='word_1_846' title='bbox 3287 5511 3359 5567; x_wconf 90' lang='lat' dir='ltr'><strong>ad</strong></span> <span class='ocrx_word' id='word_1_847' title='bbox 3419 5508 3630 5565; x_wconf 87' lang='lat' dir='ltr'><strong>Euseb.</strong></span> 
     </span>
    </p>
   </div>
   <div class='ocr_carea' id='block_1_80' title="bbox 1993 5508 3630 5637">
    <p class='ocr_par' dir='ltr' id='par_1_80' title="bbox 1993 5508 3630 5637">
     <span class='ocr_line' id='line_1_85' title="bbox 1993 5508 3630 5637; baseline -0.003 -69"><span class='ocrx_word' id='word_1_848' title='bbox 1993 5508 2393 5637; x_wconf 45' lang='lat' dir='ltr'><strong>sugqggtitias</strong></span> <span class='ocrx_word' id='word_1_849' title='bbox 2416 5508 2629 5568; x_wconf 83' lang='lat' dir='ltr'><strong>multis</strong></span> <span class='ocrx_word' id='word_1_850' title='bbox 2654 5512 2920 5583; x_wconf 89' lang='lat' dir='ltr'><strong>probavit</strong></span> <span class='ocrx_word' id='word_1_851' title='bbox 2973 5508 3239 5583; x_wconf 65' lang='lat' dir='ltr'><strong>Scaliger</strong></span> <span class='ocrx_word' id='word_1_852' title='bbox 3287 5511 3359 5567; x_wconf 90' lang='lat' dir='ltr'><strong>ad</strong></span> <span class='ocrx_word' id='word_1_853' title='bbox 3419 5508 3630 5565; x_wconf 87' lang='lat' dir='ltr'><strong>Euseb.</strong></span> 
     </span>
     <span class='ocr_line' id='line_1_86' title="bbox 1994 5601 2244 5637; baseline 0 0"><span class='ocrx_word' id='word_1_854' title='bbox 1994 5601 2052 5637; x_wconf 91' lang='lat' dir='ltr'><strong>n.</strong></span> <span class='ocrx_word' id='word_1_855' title='bbox 2232 5624 2244 5637; x_wconf 94' lang='lat'><strong>.</strong></span> 
     </span>
    </p>
   </div>
   <div class='ocr_carea' id='block_1_81' title="bbox 1994 5601 2244 5639">
    <p class='ocr_par' dir='ltr' id='par_1_81' title="bbox 1994 5601 2244 5639">
     <span class='ocr_line' id='line_1_87' title="bbox 1994 5601 2244 5639; baseline -0.008 0"><span class='ocrx_word' id='word_1_856' title='bbox 1994 5601 2052 5639; x_wconf 89' lang='lat' dir='ltr'><strong>n.</strong></span> <span class='ocrx_word' id='word_1_857' title='bbox 2085 5601 2244 5638; x_wconf 66' lang='grc' dir='ltr'><strong>κιδυ.</strong></span> 
     </span>
    </p>
   </div>
   <div class='ocr_carea' id='block_1_82' title="bbox 2064 5727 3628 5807">
    <p class='ocr_par' dir='ltr' id='par_1_82' title="bbox 2064 5727 3628 5807">
     <span class='ocr_line' id='line_1_88' title="bbox 2064 5727 3628 5807; baseline 0.006 -25"><span class='ocrx_word' id='word_1_858' title='bbox 2064 5727 2267 5802; x_wconf 73' lang='grc'><strong>(53-54)</strong></span> <span class='ocrx_word' id='word_1_859' title='bbox 2290 5727 2500 5787; x_wconf 86' lang='lat' dir='ltr'><strong>Euseb.</strong></span> <span class='ocrx_word' id='word_1_860' title='bbox 2522 5727 2582 5785; x_wconf 89' lang='lat' dir='ltr'><strong>in</strong></span> <span class='ocrx_word' id='word_1_861' title='bbox 2604 5727 2893 5801; x_wconf 79' lang='lat' dir='ltr'><strong>Chronico,</strong></span> <span class='ocrx_word' id='word_1_862' title='bbox 2905 5728 3007 5788; x_wconf 90' lang='lat' dir='ltr'><strong>lib.</strong></span> <span class='ocrx_word' id='word_1_863' title='bbox 3022 5733 3177 5804; x_wconf 89' lang='lat' dir='ltr'><strong>post.</strong></span> <span class='ocrx_word' id='word_1_864' title='bbox 3192 5746 3325 5807; x_wconf 88' lang='lat' dir='ltr'><strong>pag.</strong></span> <span class='ocrx_word' id='word_1_865' title='bbox 3341 5730 3468 5790; x_wconf 75' lang='grc'><strong>214.</strong></span> <span class='ocrx_word' id='word_1_866' title='bbox 3489 5730 3628 5792; x_wconf 89' lang='lat' dir='ltr'><strong>edit.</strong></span> 
     </span>
    </p>
   </div>
  </div>
