4026 6214
244 414 410 476 1185
1084 409 1434 474 ΝΟΤΙΤΙΑ.
1479 443 1558 458 -—
1599 411 1654 474 ll
1698 411 1798 472 DE

2071 411 2195 474 TIS
2236 411 2297 473 S.
2346 413 2795 479 MELITONIS.
3505 425 3656 488 1186

241 547 506 604 ctissimi
531 545 873 616 fragmentis
905 543 1146 602 sedulus
1175 545 1418 619 insuper
1448 545 1631 618 fuero,
1656 545 1822 618 sique
1853 545 2132 604 nonnulla
2153 563 2352 605 eorum
2383 549 2537 624 typis
2567 549 2757 609 adhuc
2788 551 3047 608 nondum
3073 554 3362 631 exscripta
3382 556 3440 615 in
3462 558 3654 618 lucem

235 638 542 712 publicam
576 642 936 710 protraxero.

949 757 976 823 §
1003 754 1042 810 Ι.
1071 755 1258 812 Melita
1288 755 1466 811 multa
1501 755 1717 828 scripsit
1748 755 1984 811 erudite.
2024 757 2094 812 De
2122 758 2241 829 ejus
2261 759 2571 815 eruditione
2601 761 2943 819 testimonia.

237 883 397 941 Bene
423 886 480 940 et
509 881 801 954 sapienter
832 881 998 949 dixit,
1022 880 1120 954 qui
1142 880 1304 950 dixit,
1338 882 1730 940 eruditionem
1771 899 1876 939 nec
1899 884 2111 954 jactari
2143 885 2373 956 debere,
2402 903 2505 943 nec
2535 887 2816 945 abscondi
2856 890 2970 965 (65)
2996 911 3010 961 ;
3051 894 3458 968 poeticumque
3486 895 3652 966 illud,

1296 1011 1314 1029 .
1358 1011 1372 1029 .
1415 1013 1433 1032 .
1476 1012 1490 1027 .
1532 973 1666 1028 bene
1695 974 1792 1044 qui
1821 973 2008 1044 latuit,
2043 973 2172 1030 bene
2201 976 2368 1044 vixit,
2412 1017 2426 1033 .
2473 1017 2487 1032 .
2534 1019 2547 1034 .
2593 1020 2606 1033 .

2383 1070 2547 1122 Ovm.
2573 1067 2732 1124 Trist.
2768 1084 2855 1136 Ill,
2880 1071 2970 1124 25.

231 1155 372 1212 illos
393 1153 799 1211 tantummodo
834 1154 1270 1225 potestjuvare,
1305 1153 1519 1225 quibus
1540 1152 1838 1209 tenuitatis
1868 1170 1987 1211 suae
2011 1154 2371 1211 conscientia
2402 1157 2583 1212 altum
2613 1174 2844 1228 semper
2876 1161 2932 1214 in
2957 1159 3342 1219 litteratorum
3375 1166 3650 1225 societate

229 1245 488 1318 imponit
519 1243 836 1300 silentium.
868 1243 982 1299 Nec
1013 1260 1176 1300 suam
1214 1243 1604 1300 eruditionem
1635 1245 1842 1300 beatus
1869 1244 2064 1301 Melite
2096 1246 2488 1314 abscondidit,
2517 1264 2716 1302 verum
2742 1247 2992 1318 egregiis
3022 1248 3241 1320 ingenii
3261 1251 3475 1308 fetibus
3496 1270 3652 1309 eam-

228 1337 369 1392 dem
402 1339 650 1391 teslatus
667 1339 776 1400 est,
809 1337 865 1389 et
883 1335 950 1388 ad
987 1333 1382 1405 posteritatem
1417 1333 1756 1405 propagavit
1777 1334 1880 1402 ita,
1905 1335 2044 1390 utin
2079 1351 2145 1391 eo
2175 1351 2405 1408 quoque
2430 1337 2682 1393 nominis
2712 1337 2803 1392 sui
2825 1338 3643 1410 nunquamintermorituram

224 1427 347 1482 sibi
378 1425 577 1482 fecerit
607 1423 1028 1494 celebritatem,
1062 1424 1216 1496 quod
1251 1441 1284 1479 a
1313 1424 1641 1479 scribendis
1672 1423 1838 1480 libris
1870 1441 1985 1480 non
2017 1425 2382 1482 abstinuerit.
2423 1427 2557 1483 Utut
2587 1428 2740 1482 enim
2776 1444 2954 1500 quam
2994 1426 3284 1498 plurimis,
3331 1445 3461 1499 quas
3503 1448 3646 1502 prae-

226 1515 423 1573 sulem
464 1514 736 1571 Ecclesia:
771 1515 974 1569 decent
996 1513 1142 1569 bene
1166 1518 1506 1579 merentem,
1533 1530 1849 1586 oppressus
1871 1518 1994 1569 erat
2016 1517 2528 1585 occupationibus,
2568 1534 2602 1572 a
2634 1517 3054 1589 componendis
3088 1523 3279 1573 tamen
3311 1522 3484 1589 atque
3518 1538 3649 1592 per-

234 1608 534 1681 poliendis
560 1606 739 1662 variis
773 1606 957 1677 frugis
988 1604 1406 1676 optimrelibris
1436 1604 1698 1661 animum
1735 1622 2062 1678 manusque
2107 1624 2409 1679 nunquam
2467 1608 2755 1679 cohibuit,
2797 1610 2938 1681 quin
2999 1609 3217 1681 potin-,
3277 1609 3646 1684 amplissimo

229 1715 436 1755 eorum
471 1713 739 1764 numero,
781 1695 974 1751 locum
1008 1695 1119 1751 sibi
1154 1695 1286 1751 fecit
1315 1695 1468 1752 inter
1495 1695 1887 1768 polygraphos
1923 1713 2109 1769 usque
2139 1699 2282 1754 adeo
2326 1698 2663 1769 scriptores.
2725 1698 3156 1772 Polygrapbum
3216 1699 3450 1771 quidem
3507 1701 3643 1770 dici,

229 1788 389 1844 haud
425 1803 638 1859 magna
669 1800 899 1857 semper
923 1783 1054 1840 laus
1083 1787 1191 1852 est,
1218 1800 1321 1840 nec
1352 1801 1467 1856 quo
1489 1784 1622 1857 quis
1652 1786 1851 1858 plures
1872 1787 2330 1859 grandioresque
2352 1787 2533 1844 libros
2564 1788 2848 1856 condidit,
2872 1804 2937 1844 eo
2955 1789 3258 1856 eruditior,
3282 1790 3642 1864 reliquisque

224 1878 602 1953 praestantior
633 1893 860 1949 semper
882 1879 970 1931 est
992 1876 1360 1936 censendus:
1391 1875 1544 1932 haud
1571 1877 1742 1948 pauci
1776 1877 1953 1947 enim,
1985 1895 2099 1949 quo
2134 1883 2292 1934 tenet
2313 1878 2638 1934 insanabile
2668 1879 2958 1934 scribendi
2992 1877 3319 1944 cacoethes,
3354 1879 3482 1950 ipsa
3503 1895 3643 1950 epe-

225 1987 365 2026 rum
398 1985 639 2025 suorum
673 1966 1075 2039 magnitudine
1110 1965 1259 2021 ﬁunt
1289 1965 1567 2022 minores.
1614 1965 1808 2021 Prima
1840 1966 2020 2039 igitur
2051 1967 2338 2040 unicaque
2368 1968 2658 2024 Melitonis
2690 1967 2816 2023 laus
2845 1967 2964 2022 haec
3012 1967 3256 2022 minime
3285 1973 3431 2036 esto,
3483 1970 3638 2039 quod

223 2059 551 2118 multorum
586 2059 999 2115 tantummodo
1032 2056 1312 2112 librorum
1337 2059 1540 2112 auctor
1559 2057 1880 2125 exstiterit;
1911 2057 2013 2113 sed
2045 2057 2154 2113 hoc
2186 2059 2381 2129 potius
2408 2058 2466 2113 in
2498 2057 2775 2114 honorem
2807 2058 2936 2128 ejus
2956 2061 3176 2130 vergat,
3209 2060 3359 2130 quod
3384 2056 3646 2115 elabora-

217 2150 596 2207 tissimorum
628 2148 970 2221 scriptorum
1001 2161 1244 2203 suorum
1276 2146 1446 2218 copia
1478 2145 1853 2219 polygraphis
1875 2147 2263 2203 eruditissimi
2286 2147 2508 2220 ingenii
2538 2147 2748 2204 debeat
2762 2147 3156 2215 adnumerari,
3190 2148 3292 2220 qui
3316 2148 3636 2206 multorum

217 2240 592 2299 voluminum
619 2238 1016 2313 publicatione
1047 2237 1289 2292 nomina
1319 2252 1426 2292 sua
1457 2236 1837 2292 reddiderunt
1868 2235 2138 2292 illustria.
2173 2237 2236 2294 In
2268 2253 2336 2293 eo
2383 2238 2540 2295 enim
2583 2238 2730 2295 mire
2783 2238 3162 2295 consentiunt
3207 2255 3432 2307 omnes,
3493 2257 3639 2312 quos

221 2333 444 2406 prisca,
472 2346 620 2403 quos
654 2329 847 2386 media
877 2327 1011 2384 tulit
1042 2332 1202 2398 artas,
1237 2327 1572 2401 scriptores,
1605 2331 1663 2384 et
1691 2344 1809 2383 uno
1841 2327 2011 2401 quasi
2035 2344 2133 2386 ore
2163 2329 2536 2400 conﬁtentur,
2568 2329 2924 2399 Melitonem,
2979 2330 3052 2386 ob
3102 2330 3388 2400 insignem
3439 2331 3637 2388 erudi-

216 2423 444 2478 tionem
491 2426 547 2477 et
576 2420 941 2492 egregiorum
975 2417 1324 2490 scriptorum
1358 2416 1605 2490 copiam,
1642 2418 1763 2474 suis
1793 2417 2154 2489 temporibus
2186 2435 2370 2475 unum
2402 2419 2666 2475 omnium
2701 2421 2954 2476 maxime
2984 2420 3276 2477 exstitisse
3327 2420 3633 2491 celebrem,

215 2522 552 2594 Polycrates
579 2520 719 2590 (66),
751 2518 963 2590 Ephesi
992 2517 1325 2590 episcopus,
1362 2517 1420 2571 in
1453 2534 1562 2573 sua
1591 2518 1660 2572 ad
1692 2516 1981 2574 Victorem
2005 2517 2252 2589 epistola
2283 2519 2560 2590 synodica
2589 2518 3240 2576 honorificentissimam
3267 2521 3396 2591 ejus
3430 2521 3634 2592 injecit

215 2611 604 2676 mentionem,
637 2609 1027 2680 eamdemque
1056 2609 1206 2662 inter
1235 2607 1526 2678 principes
1555 2606 1738 2662 totius
1769 2607 1918 2662 Asis:
1951 2607 2184 2680 ingenio
2216 2609 2599 2681 doctrinaque
2628 2610 2783 2665 viros
2815 2611 3163 2666 numeravit.
3198 2611 3467 2667 Ruiﬁnus
3490 2613 3631 2686 (67).

217 2703 622 2773 fragmentum
653 2714 722 2753 ex
760 2698 886 2768 ejus
915 2697 1180 2768 Apologia
1210 2696 1477 2764 atterens,
1511 2717 1539 2747 ‹‹
1564 2696 1684 2751 haec
1706 2701 1764 2752 et
1805 2695 1986 2752 multa
2027 2697 2143 2753 alia
2172 2698 2445 2754 nobiliter
2500 2701 2573 2754 ab
2627 2715 2692 2755 eo
2741 2700 2955 2772 scripta
3007 2702 3209 2766 fuisse,
3235 2721 3264 2750 »
3303 2702 3631 2774 subjungit.

220 2790 516 2848 Eusebius
544 2789 678 2861 (68),
713 2797 911 2843 contra
935 2793 1305 2843 Artemonem
1334 2792 1386 2842 et
1420 2786 1664 2842 Paulum
1694 2792 2161 2844 Samosatensem
2189 2788 2343 2844 edita
2375 2790 2591 2862 scripta
2615 2806 2943 2856 recensens,
2967 2790 3048 2846 ita
3069 2793 3306 2846 tandem
3325 2793 3632 2862 exclamat,

223 2880 314 2936 Τὰ
347 2875 405 2932 δὶ
445 2875 743 2951 Εἴρηναίου
779 2895 838 2930 τε
876 2875 965 2930 καὶ
1002 2874 1342 2946 Μελίτωνος,
1379 2877 1468 2931 καὶ
1510 2881 1618 2931 τῶν
1642 2875 1813 2932 λοιπᾶ

2045 2883 2202 2955 ιγνοεῖ
2242 2874 2434 2952 βιϐλία
2475 2897 2489 2948 ;
2529 2904 2549 2930 ι
2585 2880 2779 2937 [renati
2814 2898 2946 2936 vero
2978 2885 3036 2937 et
3064 2881 3372 2949 Melitonis,
3401 2889 3635 2939 caetero-

218 2985 475 3040 rumque
505 2967 804 3024 volumina
834 2967 968 3038 quis
1008 2967 1294 3039 ignorat?
1325 2988 1354 3019 ››
1388 2968 1547 3024 Idem
1579 2968 1867 3024 Eusebius
1899 2969 2037 3041 (69),
2072 2972 2396 3041 praecipuus
2431 2971 2598 3026 istius
2631 2973 2820 3028 aetatis
2850 2972 3160 3044 scriptores
3205 2972 3633 3031 ecclesiasticos

207 3075 572 3117 enumerans
607 3057 978 3125 ;Melitonem
1012 3073 1246 3130 quoque
1278 3058 1432 3113 inter
1461 3073 1560 3114 eos
1591 3073 1704 3113 non
1738 3057 1989 3124 reticuit,
2023 3059 2123 3113 sed
2149 3060 2228 3113 ita
2259 3061 2370 3114 sub
2399 3061 2572 3115 tinem
2607 3060 2812 3132 capitis
2843 3062 3067 3118 addidit
3100 3063 3228 3119 :'Qv
3252 3070 3341 3116 καὶ
3383 3061 3458 3124 εἰς
3479 3064 3630 3135 ἡμᾶς

207 3156 316 3218 τῆς
356 3145 730 3216 ἀποπολικῆς
769 3141 1118 3220 παράδόσεως
1159 3147 1193 3215 ἡ
1234 3150 1332 3214 τῆς
1375 3144 1559 3221 ὑγιοῦς
1598 3143 1797 3200 πίστεω

2042 3167 2140 3220 eo:
2181 3145 2446 3215 κατῆλθεν
2487 3147 2790 3222 ὀρθοδοξία,
2832 3174 2860 3202 ‹‹
2893 3168 3144 3224 quorum
3177 3153 3440 3209 omnium
3472 3153 3628 3226 libri,

207 3242 503 3297 sinceram
536 3237 868 3310 apostolicae
898 3235 1231 3292 traditionis
1263 3252 1327 3290 ac
1355 3251 1500 3290 vera:
1553 3235 1691 3291 fidei
1744 3236 2069 3291 doctrinam
2102 3238 2488 3303 continentes,
2521 3240 2589 3294 ad
2651 3256 2758 3294 nos
2815 3257 3001 3313 usque
3062 3248 3469 3313 pervenerunt.
3504 3265 3531 3293 »
3566 3248 3630 3300 Et

210 3331 356 3387 alibi
388 3330 494 3399 (70)
527 3343 540 3384 :
571 3327 697 3383 Ἐπὶ
735 3322 907 3380 τῶνδε
944 3324 1034 3379 καὶ
1070 3322 1324 3382 Μελίτων
1363 3331 1463 3394 τῆς
1505 3323 1556 3378 ἐν
1595 3320 1819 3399 Σάρδεσι
1858 3325 2148 3400 παροικίας
2183 3325 2506 3394 Ἐπίσκοπος,
2549 3327 2972 3401 Ἀπολλινάριός
3002 3351 3061 3384 τε
3097 3333 3196 3399 τῆς
3239 3330 3291 3386 ἐν
3326 3331 3628 3408 Ἱεραπόλει

205 3417 521 3491 διαπρεπῶς
546 3415 814 3489 ἤκμαζον.
849 3439 876 3466 ‹‹
910 3416 1122 3472 Iisdem
1163 3415 1524 3486 temporibus
1545 3415 1735 3471 Melite
1766 3415 1795 3471 S

2035 3434 2085 3472 is
2107 3422 2164 3473 et
2193 3417 2549 3488 Apollinaris
2582 3419 3050 3491 Hierapolitanus
3083 3421 3362 3492 episcopi,
3391 3439 3625 3481 summa

200 3510 381 3566 laude
419 3509 753 3580 viguerunt.
788 3528 816 3556 ››
849 3503 1206 3561 Tertulliano
1238 3513 1507 3561 ornatum
1536 3505 1660 3576 ejus
1691 3505 1922 3560 dicendi
1949 3508 2358 3577 scribendique
2375 3524 2562 3579 genus
2590 3509 2804 3564 mirum
2838 3510 2897 3565 in
2937 3511 3172 3565 modum
3224 3512 3445 3581 arrisit,
3479 3518 3622 3568 teste

203 3601 557 3670 Hieronymo
591 3597 724 3667 (71),
748 3596 846 3668 qui
870 3595 1107 3666 elegans
1139 3595 1266 3664 ejus
1289 3598 1345 3650 et
1368 3594 1848 3649 declamatorium
1876 3594 2176 3666 ingenium
2211 3595 2484 3650 laudasse
2501 3596 2932 3652 Tertullianum
2958 3598 3246 3654 memoria:
3267 3600 3539 3669 prodidit,
3563 3605 3619 3656 et

202 3691 334 3763 ipse
357 3690 426 3745 de
457 3689 726 3746 Melitone
761 3697 960 3742 nostro
995 3686 1075 3741 ita
1106 3701 1338 3757 quoque
1369 3683 1508 3740 alibi
1542 3685 1692 3756 (72):
1728 3707 1755 3734 «
1781 3685 1927 3750 Quid
1968 3684 2174 3757 loquar
2204 3686 2273 3741 de
2333 3685 2626 3755 Melitone,
2680 3687 2956 3742 Sardensi
3013 3688 3310 3758 episcopo,
3370 3689 3510 3758 quid
3545 3689 3616 3744 de

201 3778 585 3853 Apollinario,
608 3782 742 3844 etc.,
776 3775 875 3848 qui
908 3775 1164 3848 origines
1192 3775 1502 3829 hmresium
1535 3773 1927 3847 singularum,
1960 3780 2016 3831 et
2044 3791 2112 3830 ex
2144 3776 2358 3847 quibus
2383 3776 2864 3848 philosophorum
2898 3777 3158 3832 fontibus
3191 3779 3618 3849 emanaverint,

199 3868 407 3926 multis
437 3867 834 3923 voluminibus
857 3864 1310 3937 explicarunt?»
1345 3869 1478 3920 Haec
1503 3865 1785 3935 satisjam
1805 3865 1930 3934 jam
1957 3881 2244 3936 superque
2274 3866 2565 3933 evincunt,
2591 3865 2881 3922 Melitonis
2909 3866 3122 3937 scripta
3142 3881 3256 3920 non
3285 3866 3616 3937 proletaria,

199 3959 302 4017 sed
338 3957 551 4014 eximia
581 3972 821 4030 prorsus
850 3956 1046 4021 fuisse,
1075 3955 1464 4026 eamdemque
1498 3956 1646 4010 inter
1677 3958 1912 4010 caeteros
1943 3971 2061 4009 sua:
2103 3955 2286 4010 sitatis
2318 3955 2492 4022 viros,
2535 3956 2607 4011 de
2640 3954 2892 4011 Ecclesia
2914 3956 3014 4010 Dei
3045 3961 3102 4011 et
3125 3956 3276 4011 fama
3301 3959 3358 4011 et
3379 3955 3616 4028 scriptis

195 4049 375 4120 longe
403 4046 836 4113 meritissimos,
873 4046 1121 4100 maxime
1144 4045 1438 4100 exstitisse
1461 4043 1768 4100 celebrem.
1804 4044 2040 4100 Possem
2077 4050 2348 4117 praeterea
2371 4045 2431 4100 in
2461 4046 3031 4103 commendationem
3066 4045 3419 4116 scriptorum
3444 4065 3478 4103 a
3501 4049 3614 4103 Me-

200 4141 382 4196 litone
406 4143 768 4194 exaratorum
791 4137 931 4192 illud
960 4152 1195 4208 quoque
1226 4135 1458 4191 Eusebii
1477 4135 1592 4206 (73)
1616 4135 1874 4190 curatius
1901 4140 2188 4201 excutere,
2213 4136 2310 4190 ubi
2339 4139 2663 4208 generatim
2689 4138 2982 4193 memoriae
3007 4137 3076 4193 de
3097 4137 3306 4193 iisdem
3335 4137 3610 4209 prodidit,

201 4251 231 4279 ‹‹
265 4227 484 4283 Christi
513 4227 872 4282 divinitatem
906 4225 965 4280 in
999 4224 1208 4280 iisdem
1242 4225 1446 4290 astrui,
1477 4224 1871 4294 eumdemque
1902 4222 2084 4279 Deum
2117 4225 2294 4280 simul
2327 4231 2496 4295 atque
2529 4225 2826 4281 hominem
2853 4228 3150 4294 praedicari
3182 4227 3241 4282 in
3275 4227 3370 4293 iis,
3396 4250 3422 4277 η
3445 4225 3497 4282 ἐν
3526 4229 3612 4290 οἷς

200 4317 369 4372 ἃπασι
413 4313 755 4390 θεολογεῖται
796 4314 823 4369 ὁ
863 4313 1166 4386 Χριστός...
1213 4307 1402 4386 βιϐλία
1433 4313 1560 4367 Θεὸν
1603 4311 1691 4366 καὶ
1731 4311 2015 4387 ἄνθρωπον
2055 4312 2502 4391 καταγγέλλοντα
2541 4315 2632 4368 τὸν
2676 4316 2930 4387 Χριστόν.
2968 4319 3199 4374 Possem
3259 4333 3505 4391 insuper
3539 4320 3610 4374 ad

199 4407 582 4463 Anastasium
615 4405 900 4462 Sinaitam
927 4405 1038 4476 (74)
1073 4421 1403 4475 provocare,
1437 4405 1537 4475 qui
1567 4405 1789 4460 cumdel

2041 4404 2132 4458 καὶ
2171 4406 2447 4482 πάνσοφον
2475 4403 2527 4458 ἐν
2553 4401 2925 4474 διδασκάλοις,
2968 4407 3233 4461 divinum
3292 4412 3346 4462 et
3377 4407 3609 4479 sapien-

196 4496 497 4552 tissimum
530 4497 682 4552 inter
712 4497 997 4561 doctores,
1030 4493 1309 4570 θεόσοφον,
1331 4493 1551 4550 cmlesti
1585 4495 1915 4565 cognitione
1947 4495 2346 4562 excellentem,
2373 4502 2618 4551 vocavit.
2643 4499 2881 4552 Possem
2914 4497 3222 4567 Nicephori
3246 4495 3608 4570 aliorumque

196 4585 589 4642 recentiorum
620 4583 680 4640 in
714 4584 969 4639 mciium
997 4582 1252 4654 proferre
1284 4583 1637 4654 testimonia,
1676 4582 1888 4655 quibus
1917 4584 2151 4653 scriptis
2184 4584 2575 4641 Melitonianis
2608 4587 2858 4656 pretium
2886 4591 3176 4643 statuatur
3206 4585 3362 4642 haud
3398 4586 3532 4645 vile.

415 4710 445 4784 §
478 4710 545 4766 II.
576 4711 866 4768 Librorum
896 4725 936 4765 α
966 4707 1221 4765 Melitone
1257 4709 1583 4781 scriptorum
1613 4708 1931 4780 catatogum
1978 4707 2154 4765 multi
2179 4708 2466 4767 dederunt.
2500 4711 2721 4766 Eusebii
2747 4711 3057 4768 earumdem
3085 4711 3386 4782 catalogus.

261 4837 373 4893 Sed
410 4835 580 4892 mitto
607 4834 751 4903 haec,
776 4834 1026 4908 noloque
1055 4833 1279 4889 diutius
1299 4832 1359 4889 in
1390 4833 1516 4906 ipso
1544 4833 1742 4890 statim
1761 4833 1964 4890 limine
1995 4833 2234 4903 haerere,
2259 4835 2404 4907 quin
2439 4835 2633 4907 potius
2657 4837 2728 4891 ad
2757 4835 3049 4891 Melitonis
3079 4837 3437 4893 recensenda
3462 4837 3601 4893 scri-

199 4937 298 4999 pta
331 4943 595 4998 prepero,
629 4941 874 4994 quorum
909 4942 1022 4981 non
1048 4943 1201 4983 unus
1232 4925 1448 4981 alterve
1475 4931 1728 4992 tantum,
1763 4926 1864 4981 sed
1903 4926 2326 4999 quamplurimi
2363 4931 2622 4984 veterum
2681 4933 2948 4983 exactum
3002 4928 3140 4983 dare
3197 4926 3599 4984 allaborarunt

186 5016 549 5089 catalogum.
583 5015 894 5072 Contexuit
932 5032 1134 5072 eorum
1165 5015 1492 5072 indiculum
1527 5032 1642 5072 non
1675 5017 1846 5072 modo
1865 5016 2148 5074 Eusebius
2173 5018 2307 5090 (75),
2342 5016 2533 5073 omnis
2567 5018 2819 5073 historiae
2851 5033 3026 5073 sacrae
3060 5018 3187 5073 tons
3213 5023 3385 5090 atque
3407 5023 3596 5074 scatu-

254 5198 373 5277 (65)
402 5196 1016 5277 SenecaAepistolLtQ.
1107 5267 1120 5277 _
1637 5268 1698 5277 υ
1949 5198 2132 5277 “(‘72)
2164 5197 2527 5277 idemepist.
2559 5199 2649 5268 83,
2681 5203 2807 5254 tom.
2842 5197 2917 5253 IV
2951 5199 3112 5272 0pp.,
3161 5202 3314 5277 part.
3374 5217 3437 5271 ιι,
3493 5199 3595 5258 fol.

253 5270 370 5339 (66)
397 5270 566 5340 Apud
603 5266 809 5324 Euseb.
844 5267 981 5323 Hist.
1010 5267 1197 5340 coclea.
1229 5266 1334 5323 lib.
1366 5283 1420 5337 v,
1453 5283 1581 5340 cap.
1635 5268 1726 5322 24.
1941 5266 2068 5337 656,
2111 5266 2249 5326 edit.
2286 5266 2556 5326 Martiau.

279 5342 374 5418 6:7)
408 5338 627 5418 R‘ulﬁn.
663 5340 799 5418 Hist.
833 5338 1163 5418 eccles._l_i_b.
1197 5356 1277 5404 iv,
1316 5339 1568 5418 “p.25.
1942 5411 1956 5418 _
2013 5342 2363 5418 (73)_Eu_seb.
2394 5341 2532 5418 Hist.
2565 5342 2751 5399 eccles.
2785 5340 2887 5397 lib.
2938 5359 2990 5409 ν,
3023 5358 3147 5415 cap.
3206 5343 3299 5411 28,
3353 5344 3423 5400 de
3474 5361 3590 5418 quo

276 5410 370 5481 68)
398 5416 612 5468 Euseb.
641 5413 786 5468 Hist.
817 5413 1010 5466 cccles.
1049 5410 1145 5466 lib.
1181 5428 1231 5474 v,
1267 5427 1395 5482 cap.
1426 5410 1519 5464 28.
1941 5411 2066 5468 loco
2093 5410 2364 5480 pluribus
2395 5415 2568 5470 intra.

259 5481 373 5558 (69)
404 5485 559 5558 idem
596 5487 739 5558 Hist.
766 5485 954 5558 (cotes.
987 5483 1090 5558 lib.
1115 5499 1193 5549 ιν,
1226 5481 1352 5553 cap.
1384 5482 1502 5558 21._
1525 5553 1545 5558 Α
1633 5554 1661 5558 _
1755 5554 1774 5558 _
2010 5485 2123 5556 (74)
2154 5487 2496 5558 Anastasius
2528 5486 2591 5558 in
2621 5481 2864 5558 Ὁδηγῷ,
2899 5503 3005 5541 seu
3066 5487 3208 5542 Duce
3237 5486 3347 5544 viae
3394 5488 3591 5544 adver-

259 5553 370 5631 (7_0)
403 5555 560 5611 Idem
596 5555 732 5631 Hist.
764 5557 950 5631 coclea.
1002 5554 1104 5610 lib.
1167 5570 1420 5631 1v,__cap.
1480 5553 1570 5610 26.
1624 5554 1832 5610 Confer
1939 5553 2031 5612 sus
2063 5553 2376 5631 itcephalos,
2412 5573 2539 5629 cap.
2575 5557 2666 5627 l3,
2698 5553 2831 5631 pag;
2866 5558 2993 5627 258,
3027 5559 3170 5616 edit.
3200 5559 3402 5618 Jacob.
3446 5560 3589 5619 Gre-

180 5626 402 5684 Rutﬁn.
440 5631 576 5683 Hist.
610 5629 800 5684 eccles.
838 5628 938 5682 lib.
984 5643 1063 5696 ιν,
1086 5643 1214 5695 cap.
1239 5626 1332 5682 25.
1373 5626 1378 5627 “
1940 5629 2100 5685 tseri.

244 5700 360 5772 (71)
393 5703 734 5774 Hieronym.
763 5700 1019 5772 Catalog.
1053 5698 1312 5771 scriptor.
1359 5699 1545 5755 eccles.
1580 5713 1706 5770 cap.
1736 5699 1827 5756 24.
2010 5702 2129 5772 (75)
2161 5700 2368 5758 Euseb.
2404 5700 2542 5760 Hist.
2575 5701 2759 5759 eccles.
2794 5700 2898 5760 lib.
2931 5719 3007 5773 iv,
3033 5720 3157 5777 cap.
3190 5704 3281 5760 26.
