4000 6220
482 292 638 390 m7
1560 318 1622 381 s.
1666 320 1972 383 MELITO
2016 321 2367 385 SARDIUM
2409 323 2863 390 EPISCOPUS.
3659 344 3774 406 1133

481 464 609 537 riga
651 482 666 533 ;
700 461 799 518 sed
831 464 889 515 et
916 459 1072 513 idem
1106 454 1507 529 praestiterunt
1540 453 1928 526 Hieronymus
1967 457 2102 527 (76),
2134 456 2402 513 Bufﬁnus
2421 458 2563 531 (77),
2596 460 2884 518 Honorius
2926 463 3459 536 Augustodunensis
3484 468 3598 540 (78),
3650 473 3771 533 Nice-

485 556 707 627 phorus
739 550 876 624 (79),
898 545 1259 603 'l‘ritbemius
1290 544 1426 616 (80),
1458 544 1659 600 Sixtus
1687 545 1964 601 Senensis
1996 545 2129 618 (81),
2165 545 2381 618 aliique
2404 552 2750 607 recentiores
2781 568 2928 623 quos
2958 557 3144 609 taceo.
3199 554 3336 610 Cum
3378 562 3552 613 autem
3600 561 3674 616 isti
3692 564 3770 622 fere

483 670 683 713 omnes
711 668 779 706 ex
809 648 1178 718 Hieronymo,
1201 644 1586 716 Hieronymus
1618 661 1751 699 vero
1781 661 1848 699 ex
1873 645 2114 701 Eusebio
2146 663 2252 702 sua
2284 648 2556 715 habeant,
2585 651 2656 706 ad
2689 652 2969 719 majorem
3000 653 3081 708 rei
3115 656 3553 725 perspicuitatem
3578 660 3772 731 ipsaEu-

481 743 627 802 sebii
659 741 833 796 verba
865 751 1153 808 apponam
1191 752 1206 799 ;
1239 739 1364 788 tum
1398 735 1554 805 quod
1586 735 1666 789 sit
1695 735 2148 807 antiquissimus
2179 737 2444 793 omnium
2475 740 2745 812 scriptor,
2779 743 3131 814 dulciusque
3154 762 3223 800 ex
3246 746 3365 815 ipso
3420 748 3556 803 fonte
3576 750 3776 812 bibantur

479 849 676 907 aqua;
708 836 831 885 tum
849 827 1002 899 quod
1030 830 1108 880 sit
1139 823 2175 898 locupletissimusexactissimusque
2198 845 2213 895 ;
2235 832 2355 883 tum
2377 830 2776 901 demumideo,
2801 834 2955 904 quod
2981 832 3310 903 catalogum
3326 851 3487 890 suum
3503 852 3561 893 ex
3580 838 3781 908 ipsismet

480 924 769 984 Melitonis
799 919 988 988 libris,
1020 933 1166 989 quos
1200 913 1660 970 instructissima
1691 914 2062 972 Caesariensis
2088 918 2354 974 servabat
2385 919 2761 991 bibliotheca,
2794 923 3110 979 confecisse
3169 924 3444 979 videatur.
3500 927 3777 989 Brevissimis

478 1017 722 1087 insuper
750 1009 1046 1075 indicabo,
1089 1005 1307 1077 quibus
1338 1004 1396 1058 in
1431 1006 1607 1059 rebus
1637 1003 1911 1060 differant
1949 1005 2181 1078 reliqui,
2213 1012 2270 1063 et
2291 1009 2428 1080 quid
2463 1010 2537 1066 ab
2566 1010 2775 1068 iisdem
2808 1013 2984 1069 fuerit
3010 1018 3335 1084 peccatum.

547 1107 639 1162 Sic
660 1104 843 1177 igitur
872 1098 1157 1157 Eusebius
1189 1112 1203 1150 ε
1237 1117 1266 1146 ‹‹
1300 1095 1383 1151 Ex
1411 1092 1579 1149 libris
1608 1098 1801 1150 autem
1828 1094 2134 1167 utriusque
2164 1096 2399 1154 illorum
2450 1100 2766 1174 (Melitonis
2795 1103 3018 1160 scilicet
3072 1103 3362 1171 Sardiani,
3408 1113 3461 1163 et
3510 1108 3783 1179 Apollinaris

478 1191 895 1268 Hierapolitani
924 1188 1226 1262 episcOpi),
1261 1182 1344 1254 hi,
1375 1199 1521 1256 quos
1551 1182 1702 1240 infra
1727 1184 2112 1256 subjecimus,
2143 1187 2213 1243 ad
2249 1193 2508 1245 nostram
2540 1192 2803 1249 notitiam
2847 1197 3256 1266 pervenerunt.
3315 1192 3586 1252 Melitonis
3609 1198 3782 1268 quidem

472 1286 656 1340 sunt:

507 1411 557 1465 1.
594 1407 753 1466 Libri
780 1404 889 1461 duo
925 1403 991 1460 de
1021 1401 1302 1458 Paschate.

2262 1407 2311 1460 1.
2347 1402 2430 1461 Τὰ
2460 1406 2591 1481 Περὶ
2624 1408 2722 1461 τοῦ
2754 1406 2972 1485 Πάσχα,
3006 1403 3125 1476 δύο,

503 1502 558 1556 2.
591 1500 667 1555 De
678 1504 826 1554 recta
848 1493 1061 1551 vivendi
1081 1491 1292 1547 ratione
1313 1488 1439 1545 etde
1445 1487 1729 1562 prophetis
1749 1489 1892 1547 liber
1909 1507 2073 1549 unus.

1909 1507 2073 1549 unus.
2257 1499 2310 1553 2.
2345 1494 2443 1549 Καὶ
2470 1495 2533 1550 τὸ
2558 1494 2680 1571 περὶ
2711 1494 3019 1566 πολιτείας,
3052 1496 3142 1550 καὶ
3173 1500 3481 1576 προφητῶν.

506 1589 558 1643 3.
590 1585 746 1642 Alius
777 1582 909 1640 item
936 1582 1001 1637 de
1023 1580 1282 1636 Ecclesia.

2258 1588 2310 1641 3.
2346 1584 2443 1640 Καὶ
2474 1584 2501 1638 6
2532 1585 2653 1660 περὶ
2688 1586 3040 1657 Ἐκκλησίας,

505 1680 559 1735 4.
589 1677 746 1733 Alius
785 1674 849 1730 de
879 1672 967 1728 die
997 1670 1302 1725 Dominica.

2256 1679 2309 1733 4.
2342 1674 2442 1730 Καὶ
2473 1675 2503 1730 6
2532 1674 2654 1750 περὶ
2685 1678 2962 1751 Κυριακῆς
2996 1674 3183 1753 λόγος.

500 1772 554 1827 5.
588 1771 678 1825 Est
707 1773 758 1823 et
786 1764 851 1820 de
878 1766 1081 1819 natura
1111 1757 1351 1815 hominis
1381 1757 1525 1813 liber
1553 1772 1715 1812 unus.

2257 1768 2309 1821 5.
2343 1770 2461 1820 Ἔτι
2496 1761 2553 1819 δὲ
2592 1764 2620 1820 6
2652 1765 2776 1839 περί
2815 1763 3028 1838 φύσεως
3059 1764 3369 1841 ἀνθρώπου,

502 1863 555 1916 6.
592 1861 652 1915 Et
681 1859 755 1913 de
781 1852 1066 1913 creatione
1095 1866 1262 1921 unus,

2255 1857 2308 1909 6.
2343 1852 2446 1909 Καὶ
2477 1854 2505 1908 6
2532 1852 2657 1928 περὶ
2688 1850 2962 1924 πλάσεως,

502 1951 557 2006 7.
594 1948 744 2005 Alius
767 1945 830 2001 de
861 1940 1173 2000 obedientia
1200 1956 1459 1997 sensuum
1485 1939 1648 2009 ﬁdei,

2255 1946 2306 1999 7.
2338 1942 2434 1996 Καὶ
2466 1942 2494 1995 6
2536 1941 2658 2017 περὶ
2690 1942 2935 2012 ὑπακοῆς
2965 1941 3199 2007 πίστεως
3229 1941 3541 2019 αἱσθηρίων,

502 2042 558 2095 8.
590 2041 866 2094 Praeterea
895 2036 945 2089 et
970 2033 1108 2087 liber
1135 2029 1202 2085 de
1223 2031 1413 2087 anima
1440 2039 1494 2087 et
1520 2048 1762 2105 corpore.

2252 2035 2305 2088 8.
2343 2031 2439 2087 Καὶ
2471 2032 2607 2107 πρὸς
2635 2031 2852 2095 τούτοις
2880 2032 2908 2085 6
2945 2032 3070 2106 περὶ
3101 2036 3292 2108 ψυχῆς
3320 2031 3414 2089 καῖ
3443 2033 3683 2107 σώματος.

501 2131 554 2187 9.
588 2131 737 2186 Inter
766 2125 889 2181 illos
916 2127 1086 2179 etiam
1114 2123 1232 2177 erat
1262 2120 1326 2177 de
1356 2122 1599 2181 lavacro.

2253 2124 2306 2176 9.
2340 2121 2440 2176 Ἦν
2473 2117 2524 2173 ἐν
2556 2121 2640 2182 οἷς
2670 2119 2760 2174 καὶ
2801 2120 2828 2174 ὁ
2859 2120 2983 2195 περὶ
3039 2119 3298 2196 λουτροῦ,

468 2221 556 2277 10.
588 2220 652 2273 Et
679 2216 746 2271 de
773 2215 1004 2270 veritate
1033 2211 1199 2279 liber,

2218 2211 2302 2265 10.
2338 2209 2434 2263 Καὶ
2470 2209 2497 2263 6
2528 2209 2653 2281 περῖ
2685 2208 2966 2280 ἀληθείας,

468 2309 556 2365 11.
590 2306 820 2364 Etalius
850 2305 917 2359 de
940 2301 1156 2357 conditu
1188 2305 1243 2354 et
1274 2299 1629 2368 generatione
1660 2300 1885 2357 Christi.

2219 2301 2304 2355 11.
2338 2297 2435 2353 Καὶ
2468 2300 2591 2373 περὶ
2622 2297 2848 2360 κτίσεως
2874 2298 2964 2354 καὶ
2996 2300 3257 2373 γενέσεως
3287 2303 3551 2375 Χριστοῦ.

469 2401 557 2454 12.
589 2399 633 2451 Ε
641 2404 660 2451 ι
693 2395 831 2449 liber
861 2393 978 2464 ejus
1009 2389 1073 2444 de
1093 2388 1396 2460 prephetia.

2220 2392 2304 2442 12.
2338 2385 2437 2441 Καὶ
2469 2384 2638 2462 λόγος
2669 2386 2834 2442 αὐτοῦ
2864 2388 2989 2461 περῖ
3018 2387 3386 2465 προφητείας,

468 2488 556 2543 13.
582 2487 643 2540 Et
673 2498 817 2539 unus
846 2480 910 2537 de
942 2478 1356 2550 hospitalitate.

2218 2479 2304 2533 13.
2340 2475 2443 2532 Καὶ
2474 2476 2502 2530 ὁ
2534 2476 2657 2550 περὶ
2684 2473 3011 2552 φιλοξενίας,

468 2579 554 2632 14.
581 2576 643 2630 Et
671 2573 818 2628 alius
847 2570 946 2644 qui
976 2567 1159 2624 Clavis
1186 2566 1534 2623 inscribitur.
1716 2640 1721 2644 ἡ

1149 2584 1159 2620 ς
1186 2566 1534 2623 inscribitur.
1716 2640 1721 2644 ἢ
2218 2569 2304 2621 14.
2339 2564 2440 2622 Καὶ
2472 2567 2507 2634 ἡ
2541 2562 2729 2627 Κλείς.

466 2668 552 2722 15.
588 2662 717 2720 Alia
748 2661 875 2718 item
895 2659 1099 2730 scripta
1128 2656 1194 2713 de
1221 2656 1458 2722 diabolo,

2216 2658 2302 2712 15.
2337 2655 2440 2711 Καὶ
2477 2654 2545 2710 τὰ
2574 2655 2699 2729 περὶ
2728 2658 2826 2710 τοῦ
2858 2651 3144 2724 διαϐόλου,

461 2756 551 2813 46.
584 2755 646 2809 Et
666 2753 733 2809 de
755 2746 1093 2822 Apocalypsi
1117 2746 1380 2816 Joannis,
1916 2784 1919 2785 ν

1916 2784 1919 2785 ν
2217 2745 2302 2797 16.
2330 2740 2437 2797 Καὶ
2468 2741 2591 2815 περῖ
2620 2748 2721 2811 τῆς
2746 2740 3179 2818 Ἀποκαλύψεως
3207 2743 3495 2814 Ἰωάννου,

465 2847 552 2900 17.
588 2847 649 2900 Et
679 2843 747 2897 de
778 2840 882 2895 Deo
914 2844 1219 2909 corporato.

2217 2835 2302 2887 17.
2333 2830 2429 2884 Καὶ
2464 2831 2491 2885 6
2524 2830 2647 2905 περῖ
2674 2829 2990 2905 ἐνσωμάτου
3021 2836 3183 2891 Θεοῦ.

463 2936 552 2992 18.
584 2933 895 2988 Postremus
924 2927 1171 2984 omnium
1210 2933 1286 2981 est
1314 2924 1538 2981 libellus
1568 2924 1638 2981 ad
1666 2925 2025 2981 Antoninum.

2219 2923 2302 2977 18.
2337 2920 2462 2977 Ἐπὶ
2492 2925 2623 2976 πᾶσι
2653 2921 2744 2976 καὶ
2775 2924 2837 2976 τὸ
2866 2923 3002 2997 πρὸς
3035 2924 3361 2981 Ἀντωνῖνον
3398 2919 3675 3002 βιϐλίδιον.

535 3048 777 3117 Quibus,
800 3044 1158 3113 interpositis
1189 3042 1533 3114 fragmentis
1570 3040 1890 3113 nonnullis,
1924 3041 2161 3098 tandem
2184 3039 2295 3096 sub
2327 3038 2503 3094 finem
2532 3038 2741 3111 capitis
2772 3039 3090 3097 adduntur.

465 3168 553 3223 19.
582 3165 971 3235 Excerptorum
1009 3158 1142 3215 libri
1168 3174 1285 3215 sex.

2221 3159 2307 3211 19.
2340 3152 2621 3229 Ἐκλογῶν
2654 3151 2708 3225 ’ἐξ
2734 3149 2947 3230 βιϐλία,

532 3294 651 3349 Hoc
680 3290 884 3347 ordine
915 3288 1142 3360 hacque
1173 3285 1321 3342 serie
1352 3283 1722 3341 Caesariensis
1744 3282 2036 3340 Melitonis
2058 3283 2421 3339 enumeravit
2451 3283 2691 3355 scripta,
2717 3299 2986 3354 quorum,
3035 3301 3101 3341 ex
3129 3285 3340 3343 eodem
3374 3303 3603 3360 quoque
3628 3290 3801 3341 auctore

457 3383 780 3453 catalogum
801 3379 962 3435 dedit
992 3376 1311 3433 Halloixius
1340 3375 1474 3447 (82),
1503 3381 1591 3429 ast
1624 3373 2140 3429 valdediversuma
2166 3381 2397 3442 nostro;
2425 3389 2607 3428 unum
2638 3373 2791 3428 enim
2811 3374 3078 3445 etviginti
3113 3380 3411 3447 numerat,
3447 3376 3547 3447 ita,
3570 3381 3799 3449 utprorsu

455 3472 734 3540 nesciam,
769 3483 1089 3542 quemnam
1120 3465 1451 3522 adhibuerit
1481 3462 1712 3520 Eusebii
1744 3462 2082 3519 editionem.
2117 3462 2326 3519 Valesii
2357 3466 2414 3518 et
2435 3461 2736 3535 Readingii
2777 3461 2923 3518 mihi
2961 3464 3033 3519 ad
3068 3480 3281 3521 manus
3317 3466 3454 3535 fuit,
3513 3483 3545 3521 ι
3596 3482 3696 3536 qua
3720 3480 3799 3519 non

457 3563 572 3622 nisi
603 3558 783 3619 semel
818 3557 1052 3614 recessi.

1304 3648 1331 3716 §
1364 3645 1466 3701 III.
1501 3644 1723 3701 Eusebii
1748 3644 2043 3713 Catalogus
2083 3659 2207 3700 cum
2234 3645 2674 3717 Hieronymiano
2703 3645 3007 3716 confertur.

521 3774 606 3830 Ab
635 3769 883 3829 Eusebio
914 3768 973 3824 in
1007 3764 1206 3839 paucis
1236 3766 1498 3821 diversus
1529 3767 1622 3820 est
1659 3763 2068 3836 Hieronymus.
2100 3762 2416 3835 Apologiam
2438 3761 2600 3818 enim
2632 3761 2819 3836 primo
2851 3762 2976 3819 loco
3007 3764 3327 3836 recensuit,
3363 3781 3544 3838 quam
3571 3761 3797 3821 Eusebius

445 3864 676 3931 ultimo,
710 3858 990 3932 temporis
1024 3874 1138 3913 non
1170 3855 1372 3912 habita
1403 3854 1644 3911 ratione.
1667 3853 1886 3910 Deinde
1924 3851 2025 3909 libi

2215 3850 2307 3924 ίερὶ
2348 3850 2559 3930 φύσεώς
2601 3851 2886 3928 ἀνθρώπου
2925 3854 3144 3911 omisit.
3197 3858 3383 3913 Porro
3442 3855 3646 3913 librum
3702 3850 3795 3923 Περῖ

447 3955 694 4021 ὑπακοῆς
731 3948 962 4008 πίστεως
1001 3943 1394 4020 αἰσθητηρίων,
1435 3960 1601 4017 quem
1627 3943 1876 4017 septimo
1908 3941 2027 4000 loco

2218 3943 2434 3999 lusebio
2478 3942 2934 4013 nominavimus,
2968 3944 3163 4002 divisit
3230 3945 3294 4001 in
3359 3947 3536 4018 duos,
3582 3950 3643 4003 ut
3686 3958 3798 4001 unus

447 4046 525 4103 sit
555 4047 626 4100 De
652 4043 779 4115 ﬁde,
813 4040 959 4098 alter
992 4040 1060 4095 De
1090 4037 1362 4094 sensibus.
1396 4035 1463 4091 Et
1490 4034 1729 4091 tandem
1760 4033 1914 4090 circa
1942 4033 2162 4090 librum
2185 4031 2315 4106 Περὶ
2370 4030 2706 4111 προφητείας
2774 4033 3208 4106 aliquantulum
3260 4035 3542 4095 desciscit
3593 4053 3621 4091 α
3657 4032 3798 4090 verbis

444 4132 701 4191 Eusebii.
726 4130 1005 4202 Reliquas
1038 4127 1318 4185 minutias
1351 4142 1467 4183 non
1500 4140 1663 4195 curo,
1691 4140 1796 4180 nec
1822 4123 2038 4180 curabo
2060 4123 2214 4195 apud
2243 4122 2523 4194 reliquos.

1566 4274 1593 4340 §
1625 4268 1717 4325 ιν.
1751 4267 2011 4325 Eusebius
2050 4282 2179 4326 cum
2214 4268 2442 4339 Ru/fino
2470 4269 2723 4326 collatus.

514 4434 787 4492 Rufﬁnus
819 4431 878 4487 in
911 4447 977 4486 eo
1008 4429 1305 4500 discrepat
1333 4426 1404 4481 ab
1435 4423 1682 4480 Eusebio
1713 4423 1865 4493 quod
1892 4422 2130 4491 librum,
2172 4437 2347 4494 quem
2378 4421 2745 4479 Caesariensis
2764 4421 3093 4478 secundum
3129 4421 3352 4495 posuit,
3386 4421 3520 4498 Περὶ
3571 4414 3794 4477 πολιτείας

438 4524 529 4581 καὶ
570 4524 889 4601 προφητῶν,
930 4519 988 4574 in
1022 4519 1171 4573 duos
1201 4513 1435 4572 divellat
1473 4513 1785 4601 boopmodo
1819 4528 1833 4569 ε
1865 4512 1939 4568 De
1967 4511 2175 4601 optima
2203 4513 2615 4570 conversatione
2643 4511 2785 4568 liber
2807 4528 2974 4568 unus.
2997 4510 3103 4568 Sed
3129 4515 3183 4568 et
3203 4513 3277 4568 De
3301 4513 3605 4586 prophetis.
3633 4505 3802 4568 Deinde

439 4598 939 4683 numero'quinto,
974 4606 1099 4663 loco
1129 4603 1339 4683 φύσεως
1376 4602 1517 4673 legit
1544 4599 1797 4669 πίστεως,
1839 4604 1896 4657 et
1926 4601 2001 4657 De
2028 4600 2136 4672 ﬁde
2164 4600 2402 4658 hominis
2430 4601 2764 4659 Melitonem
2784 4599 2999 4657 librum
3035 4601 3351 4673 scripsisse
3383 4602 3623 4660 indicat.
3666 4598 3795 4654 Porro

436 4720 504 4759 ex
534 4682 783 4773 septimo
815 4698 984 4769 libro,
1016 4682 1150 4752 cum
1183 4693 1554 4763 Hieronymo,
1596 4692 1745 4746 duos
1771 4688 1924 4748 facit.
1958 4693 2014 4745 et
2043 4689 2420 4748 undecimum
2448 4690 2653 4746 itidem
2685 4689 2894 4747 dividit
2947 4689 3009 4746 in
3060 4689 3256 4760 binos,
3296 4690 3561 4748 alterum
3597 4690 3662 4747 De
3704 4682 3793 4758 βαι,

436 4792 711 4860 alterum,
744 4791 816 4846 De
845 4787 1206 4859 generatione
1235 4783 1444 4842 Christi
1472 4783 1522 4837 et
1555 4780 1620 4836 tle
1645 4780 1930 4853 prophetia
1957 4784 2101 4853 ejus,
2127 4796 2263 4837 cum
2294 4784 2494 4837 tamen
2526 4780 2815 4837 Eusebius
2848 4781 3065 4853 pariter
3082 4797 3149 4836 ac
3179 4780 3576 4854 Hieronymus
3606 4780 3672 4833 De
3704 4787 3794 4846 pro-

431 4883 614 4955 phetia
645 4880 861 4936 librum
887 4875 1243 4948 singularem
1276 4870 1492 4927 faciant
1520 4873 1694 4941 atque
1717 4868 2098 4942 distinguant.
2121 4868 2460 4926 Duodecimi
2483 4868 2630 4940 loco,
2663 4866 2792 4943 Περὶ
2814 4866 3171 4948 προφητείας,
3196 4868 3366 4941 ponit
3397 4865 3791 4927 iterumlibrum

430 4953 505 5030 De
532 4972 728 5029 anima
755 4974 807 5025 et
836 4981 1077 5038 corpore,
1109 4978 1283 5037 quem
1314 4965 1510 5019 tamen
1532 4958 1706 5032 paulo
1730 4960 2129 5031 antejamjam
2152 4962 2569 5035 nominaverat,
2595 4962 2829 5020 tertiam
2861 4960 3117 5019 hominis
3142 4966 3403 5036 partem,
3438 4966 3685 5023 mentem,
3719 4953 3792 5011 ad-

439 5062 604 5120 dens.
638 5065 771 5117 Haec
792 5059 863 5115 de
894 5056 1147 5113 Bufﬁno.

511 5216 622 5289 (76)
654 5206 1128 5289 Hieronymusin
1171 5204 1430 5289 gatalogo
1463 5200 1798 5289 scriptorum
1824 5200 2085 5258 ecclesia-
2204 5202 2763 5289 _.(8(n))._'l"ri_t.hemius
2790 5205 2890 5289 ὐς
2945 5203 3306 5289 scriptoribus
3365 5204 3658 5289 ecclesia“.
3706 5208 3793 5265 σιμ

440 5273 732 5351 sti‘cor'um,
756 5300 859 5341 seu
871 5273 968 5338 'De
995 5281 1130 5337 viris
1159 5276 1488 5351 illustribus,
1512 5290 1640 5345 cap.
1671 5273 1767 5351 2b.
2196 5273 2669 5351 14,_Eibliothecag
2691 5276 2989 5351 ecclesiast.
3007 5275 3394 5351 fabricianae,
3431 5274 3549 5351 fol_._
3566 5275 3618 5327 7.

509 5345 623 5434 (:77)
654 5345 874 5434 Bullin,
911 5356 1046 5434 Hist.
1080 5351 1272 5434 eccles.
1297 5348 1396 5434 tib:
1434 5363 1512 5413 1v,
1543 5362 1671 5434 cap.
2195 5419 2224 5434 ν
2268 5347 2606 5434 (BQ-Silana
2627 5348 2870 5406 Senens.
2897 5347 3241 5405 Bibliotheca
3272 5361 3461 5405 sacra
3490 5346 3591 5402 lib.
3620 5361 3656 5413 ι,
3698 5350 3792 5412 pas.

515 5415 628 5505 Z78)
654 5429 966 5505 Honorius
997 5429 1078 5505 Qe
1104 5420 1467 5505 scriptoribus
1488 5491 1500 5502 .
1528 5415 2082 5505 ecclesiasticishlib.
2193 5419 2250 5491 5,
2274 5415 2637 5505 ’edit."l’aris.

443 5521 486 5569 ι,
517 5478 969 5573 ὶὶινόίέἔξίᾷρξῤ
998 5478 1100 5552 llo.
1151 5478 1280 5550 Al'b.
1334 5490 1686 5560 Fabricium,
1734 5478 2086 5546 Bibliotheca:
2235 5478 2382 5573 '(82)
2420 5489 2744 5573 Halloixius
2777 5490 3183 5573 innlllu‘strium
3221 5490 3513 5573 Ecclesiae
3566 5478 3795 5573 Oritani:

441 5561 735 5629 eccles'iast.
769 5561 871 5627 fol.‘
897 5568 994 5625 75-
1362 5634 1371 5635 ,
1514 5633 1537 5635 ,λ
1926 5633 1933 5635 Α
2197 5561 2556 5635 scriptorum,
2580 5564 2679 5635 qui
2704 5562 3001 5620 sanctitate
3018 5569 3070 5620 et
3100 5561 3417 5635 eruditione
3451 5564 3608 5631 iusta
3648 5570 3751 5613 sae.
3770 5564 3795 5603 ιι

518 5643 630 5711 (‘79)
666 5640 977 5712 Nicephor.
1010 5639 1222 5695 Hister.
1254 5634 1455 5695 eecles.
1484 5633 1586 5691 lib.
1612 5651 1688 5703 1v,
1716 5648 1842 5706 cap.
1880 5633 1962 5689 10.
2198 5633 2531 5708 floruerunt,
2571 5633 2719 5692 Vitis
2748 5639 2801 5693 et
2821 5635 3175 5702 documentis,
3208 5633 3311 5692 lol.
3367 5635 3497 5690 828.
