4026 6214
263 367 419 427 1189
1090 354 1434 418 ΝΟΤΙΤΙΑ.
1481 387 1559 402 --
1599 354 1679 415 II.
1724 353 1827 415 DE

2081 354 2212 416 'TIS
2257 354 2320 415 S.
2367 355 2818 418 MELITONIS.
3515 365 3671 426 1190

1352 518 1380 584 §
1409 515 1477 573 V.
1510 516 1783 571 Honorius
1810 533 1934 572 cum
1964 519 2190 575 Eusebio
2220 518 2586 574 contenditur.

337 613 625 673 Honorius
657 620 871 679 autem,
906 609 1006 682 qui
1038 623 1167 664 saec.
1201 623 1279 662 ιιι
1311 606 1864 676 Augustodunensis
1887 606 2098 663 claruit
2127 609 2447 682 presbyter,
2477 626 2608 665 eum
2642 625 2756 665 non
2789 608 2977 665 solum
3002 610 3222 682 omisit,
3256 629 3428 685 quem
3454 621 3510 672 et
3535 617 3668 675 Hie-

265 722 570 779 ronymus,
623 701 750 776 Περὶ
804 697 1012 775 φύσεως
1052 697 1358 772 ἀνθρώπου,
1416 698 1670 766 librum;
1721 698 1824 754 sed

2087 716 2216 754 erea
2265 701 2375 772 ipsi
2409 702 2596 757 adhuc
2647 702 2848 772 plures
2879 702 3131 768 reticuit,
3165 702 3293 775 Περὶ
3342 705 3670 777 Ἐκκλησίας

265 796 573 859 nimirum,
624 790 754 863 Περὶ
794 790 1090 862 Κυριακῆς,
1134 785 1262 860 Περὶ
1317 783 1590 853 πλάσεως,
1633 791 1689 842 et
1749 791 1852 860 Περ

2078 785 2232 841 uiros
2273 792 2425 843 Θεοῦ.
2470 797 2778 862 Perperam
2839 791 3016 862 igitur
3075 793 3392 851 Hallouxius
3442 801 3668 871 asserit,

264 903 424 953 eum,
462 888 666 955 printer
694 880 860 934 illum
895 877 966 932 ab
999 877 1340 950 Hieronymo
1377 895 1489 932 non
1539 885 2065 933 commemoratum
2100 877 2336 945 librum,
2369 880 2622 934 Melitoni
2676 887 2902 936 tantum
2941 900 3118 938 unum
3155 885 3487 954 sustulisse,
3543 888 3671 964 Περὶ

266 971 582 1048 ὲνσωμοὶτοο
623 972 757 1025 Θεοῦ
796 967 1057 1039 scilicet;
1093 968 1246 1040 quod
1285 969 1429 1023 forte
1459 967 1588 1023 ideo
1619 967 1836 1022 factum
1884 967 2064 1022 fuisse
2097 968 2365 1038 conjicio,
2399 970 2553 1040 quod
2589 971 2805 1025 dubius
2842 973 3091 1044 haeserit,
3127 978 3421 1046 quomodo
3468 982 3670 1038 Latine

267 1065 476 1122 reddat
529 1061 662 1117 libri
696 1059 874 1130 hujus
927 1055 1185 1112 titulum.
1219 1056 1466 1129 Insuper
1495 1056 1744 1112 Eusebio
1799 1071 1857 1112 se

2108 1055 2232 1111 loco
2290 1062 2684 1126 numeratum,
2745 1059 2875 1132 Περὶ
2916 1059 3160 1132 ὑπακοῆς
3201 1063 3438 1128 πίστεως
3475 1066 3666 1140 αἰσθη-

267 1153 500 1231 τηρίων,
543 1153 616 1207 De
642 1147 888 1207 sensibus
913 1150 1142 1203 tantum
1183 1147 1505 1220 inscripsit.

1077 1299 1106 1365 §
1135 1295 1227 1352 VI.
1257 1296 1483 1353 Eusebii
1505 1303 1556 1353 et
1583 1294 1881 1368 Nicephori
1907 1295 2146 1366 catalogi
2173 1296 2409 1352 invicem
2439 1300 2864 1364 comparantur.

346 1419 709 1489 Nicephorus
732 1417 788 1472 in
823 1415 1097 1472 omnibus
1129 1414 1247 1472 fere
1285 1431 1421 1471 cum
1453 1414 1702 1470 Eusebio
1733 1413 2054 1485 conspirat,
2081 1412 2193 1468 nisi
2225 1413 2380 1484 quod
2409 1429 2478 1468 ex
2507 1415 2707 1485 quinto
2739 1418 2796 1471 et
2839 1419 2998 1472 sexto
3033 1435 3213 1475 unum
3248 1421 3512 1480 videatur
3540 1441 3677 1481 con-

273 1513 418 1568 ﬂare
449 1509 686 1577 librum,
739 1505 816 1560 ἔτι
852 1504 932 1572 δὲ,
976 1508 1271 1580 inquiens,
1304 1507 1331 1559 ὁ
1371 1505 1500 1579 Περὶ
1543 1504 1780 1565 πίστεως
1836 1502 1863 1557 ἆ

2087 1523 2126 1554 ιυ
2165 1503 2254 1556 καὶ
2294 1502 2547 1565 πλάσεως
2585 1504 2684 1572 τήν
2726 1501 3032 1584 ἔπιγραφήν
3065 1506 3331 1586 εἰληςξώς,
3375 1530 3480 1570 nec
3529 1518 3677 1574 male

274 1604 505 1665 forsan;
531 1600 684 1671 quod
718 1599 964 1670 septimo
994 1597 1121 1654 loco
1152 1597 1374 1654 dictum
1405 1597 1653 1652 Eusebio
1683 1595 2071 1663 librum,cum
2093 1593 2440 1667 Hieronymo
2471 1600 2526 1650 et
2553 1596 2883 1662 Rufﬁno,in
2908 1598 3054 1654 duos
3087 1598 3289 1656 itidem
3317 1601 3674 1677 distinguat;

274 1691 546 1762 quodque
585 1697 857 1754 praeterea
883 1687 1062 1743 libros
1096 1686 1224 1762 Περὶ
1264 1683 1618 1765 προφητείας,
1666 1685 1793 1760 Περὶ
1834 1705 1864 1760 φ

2086 1702 2164 1752 αις,
2207 1688 2263 1739 et
2313 1683 2524 1740 librum
2559 1684 2774 1741 Clavem
2805 1687 3026 1742 dictum
3076 1690 3328 1763 omittat,
3380 1693 3555 1766 idque
3604 1698 3673 1754 de

275 1779 570 1836 industria
602 1779 770 1847 forte,
805 1793 939 1833 nam
971 1794 1172 1834 omnes
1203 1794 1335 1834 eum
1369 1792 1668 1833 recensere
1699 1774 1950 1831 voluisse
1980 1773 2266 1830 Melitonis
2297 1773 2499 1843 libros,
2533 1775 2676 1830 mihi
2709 1791 2823 1831 non
2857 1775 3107 1834 videtur.

1436 1922 1464 1987 §
1488 1918 1606 1975 VII.
1645 1918 1933 1975 Trithemii
1961 1927 2014 1975 et
2039 1917 2264 1975 Eusebii
2289 1917 2531 1974 collatio.

355 2041 441 2096 Ad
473 2037 883 2108 Trithemium,
935 2036 1444 2094 Melitonianorum
1495 2036 1842 2107 scriptorum
1889 2034 2216 2107 catelogum
2265 2034 2734 2102 concinnantem,
2767 2037 2921 2108 quod
2970 2038 3200 2107 attinet,
3234 2040 3503 2101 instituta
3546 2064 3680 2104 cum

277 2131 530 2187 Eusebio
580 2127 908 2196 collatione,
960 2127 1338 2198 deprehendi,
1389 2143 1526 2181 eum
1573 2125 1854 2181 librorum

2089 2122 2297 2202 φύσεως
2337 2123 2646 2198 ἀνθρώπου,
2690 2123 2821 2198 Περὶ
2860 2128 2993 2179 Θεοῦ
3033 2124 3366 2199 ἐνσωμάτου,
3401 2141 3454 2188 et
3501 2134 3679 2190 Ἀπο-

279 2217 474 2292 λογὶας
534 2217 668 2290 πρὸς
720 2217 1045 2270 Ἀντωνῖνον
1114 2215 1337 2271 nullam
1398 2215 1636 2270 omnino
1695 2216 1867 2286 injeci

2088 2215 2419 2282 cntionem;
2479 2231 2610 2270 eum
2669 2214 2883 2270 librum
2946 2214 3071 2288 Περὶ
3134 2216 3377 2288 ὑπακοῆς
3444 2222 3676 2288 πίστεως

278 2308 655 2379 άίσθητηρίων
696 2307 966 2362 divellere
1023 2307 1082 2362 in
1142 2306 1332 2371 binos,
1365 2308 1438 2361 De
1491 2305 1765 2370 sensibus,
1826 2313 1868 2362 el

2085 2305 2178 2360 ide.
2213 2304 2620 2371 Undecimum,
2681 2303 2813 2377 Περὶ
2847 2302 3070 2366 κτίσεως
3109 2307 3198 2360 καὶ
3237 2308 3488 2382 γενέσεως
3549 2315 3675 2387 Χρι-

281 2402 435 2468 nos,
481 2399 626 2452 dixit
664 2397 872 2452 saltem
908 2397 981 2451 De
1007 2399 1360 2467 generatione
1392 2395 1600 2452 Christi
1618 2413 1639 2458 ;
1671 2400 1844 2467 atque
1874 2397 1933 2451 in
1961 2395 2070 2452 hoc
2111 2395 2351 2468 insuper
2381 2395 2513 2466 plus
2544 2396 2822 2467 peccavit,
2856 2396 3088 2466 partim,
3123 2403 3272 2470 quod
3309 2419 3409 2473 pro
3456 2406 3532 2459 De
3559 2407 3682 2473 pla.

277 2492 457 2543 smate
486 2503 663 2541 unum
695 2485 995 2556 scripserit
1026 2487 1096 2540 De
1128 2488 1295 2558 lapsis
1331 2485 1432 2542 lib.
1469 2502 1506 2555 ι,
1530 2485 1760 2556 partim,
1783 2487 1938 2556 quod
1969 2486 2122 2540 inter
2149 2485 2372 2556 scripta
2402 2485 2692 2541 Melitonis
2715 2485 2926 2540 referat
2954 2487 3221 2558 spurium
3246 2507 3391 2560 opus
3412 2493 3484 2548 De
3504 2500 3686 2551 trans-

279 2582 368 2633 itu
398 2577 612 2634 Mariae.
642 2578 687 2630 A
717 2591 852 2630 vero
882 2573 1064 2645 igitur
1091 2574 1348 2630 alienum
1380 2575 1594 2630 iterum
1626 2582 1712 2630 est
1743 2573 2007 2630 Halloixii
2035 2574 2348 2642 judicium,
2375 2574 2598 2640 eadem,
2635 2591 2762 2646 quae
2794 2574 3082 2631 Honorius
3118 2579 3681 2651 Augustodunensis,

278 2665 726 2739 praetermisisse
771 2663 1198 2732 Tritbemium;
1231 2663 1408 2720 habet
1435 2664 1590 2720 enim
1639 2663 1770 2738 Περὶ
1814 2662 1868 2717 Ἐ

2091 2683 2159 2733 ις,
2209 2660 2297 2716 καὶ
2338 2661 2461 2737 περὶ
2504 2665 2782 2737 Κυριακῆς
2819 2663 3022 2735 libros,
3055 2683 3200 2739 quos
3245 2668 3534 2727 Honorius
3568 2689 3681 2728 non

279 2758 481 2814 habet.

1087 2873 1114 2940 §
1145 2869 1296 2926 VIII.
1328 2871 1478 2926 Sixti
1499 2871 1724 2926 Senens.
1761 2871 2004 2940 catalogi
2029 2887 2152 2927 cum
2181 2871 2492 2927 Eusebiano
2521 2870 2875 2927 assimilatio.

353 2990 593 3046 Minime
624 2988 889 3045 omnium
933 2992 1206 3046 accurata
1231 2991 1320 3042 est
1347 2986 1490 3043 Sixti
1523 2988 1789 3044 senensis
1820 2986 2102 3042 librorum
2137 3005 2170 3042 a
2198 2987 2468 3044 Melitone
2518 2989 2976 3060 conscriptorum
3025 2991 3412 3064 consignatio,
3465 2995 3680 3068 quippe

279 3099 407 3156 quae
428 3097 498 3136 ne
527 3085 793 3154 quartam
815 3081 1051 3152 quidem
1069 3094 1272 3135 eorum
1308 3083 1526 3148 partem
1551 3077 1800 3150 attingit,
1848 3078 1984 3133 licet
2006 3076 2150 3131 nihil
2167 3078 2436 3133 omisisse
2454 3076 2592 3134 velit
2609 3079 2806 3135 videri.
2823 3080 3087 3136 Meminit
3103 3083 3256 3137 enim
3277 3087 3686 3143 tantummodo

276 3179 686 3242 excerptorum,
732 3169 865 3225 libri
894 3176 965 3226 De
1006 3171 1119 3225 vita
1147 3168 1566 3241 prophetarum,
1619 3170 1690 3224 De
1726 3167 2078 3240 Apocalypsi,
2111 3174 2168 3223 et
2214 3177 2488 3237 praeterea
2517 3170 2768 3226 duorum
2816 3171 3091 3240 aliorum,
3124 3174 3183 3227 in
3227 3175 3443 3246 quibus
3487 3185 3684 3232 tamen

276 3260 654 3316 recensendis
685 3259 938 3331 graviter
969 3257 1364 3314 ballucinatus
1395 3267 1499 3314 est.
1533 3258 1680 3314 Nam
1714 3275 1816 3329 pro
1850 3258 1863 3312 l

2095 3256 2159 3330 ιρῖ
2201 3255 2518 3328 ἐνσωμοὶτου
2562 3262 2719 3327 Θεοῦ,
2753 3260 2895 3316 dicit
2931 3277 3065 3317 cum
3097 3263 3427 3335 scripsisse,
3458 3266 3515 3321 in
3548 3267 3685 3323 illud

274 3355 565 3406 Geneseos
597 3367 647 3404 ιε
711 3349 1005 3404 Faciamus
1057 3349 1355 3414 hominem,
1405 3350 1478 3404 De
1527 3349 1633 3404 Deo
1692 3350 2010 3419 incorporeo
2071 3348 2286 3403 librum
2341 3365 2548 3415 unum,
2608 3351 2763 3420 quod
2822 3351 2993 3422 plane
3051 3353 3344 3409 diversum
3393 3361 3563 3410 sonat
3613 3359 3684 3412 ab

281 3449 555 3506 Eusebio.
587 3448 808 3504 Deinde
841 3448 897 3503 in
932 3464 998 3503 eo
1030 3463 1260 3519 quoque
1291 3453 1466 3516 errat,
1502 3449 1655 3519 quod
1708 3455 1949 3515 asserat,
1983 3446 2254 3502 Sardium
2287 3446 2626 3518 episcopum
2657 3448 2961 3520 scripsisse
2991 3453 3072 3505 De
3098 3452 3341 3522 catalogo
3371 3452 3686 3510 divinorum

275 3541 570 3610 utriusque
592 3538 914 3593 Testamenti
933 3538 1275 3593 voluminum
1293 3535 1366 3590 ad
1390 3536 1729 3591 Onesimum
1761 3534 2072 3606 epistolam
2098 3551 2295 3590 unum.
2314 3539 2418 3588 Ast
2442 3534 2543 3589 illa
2561 3534 2866 3605 epistolam
2893 3539 2970 3592 nil
2991 3538 3146 3594 aliud
3179 3551 3284 3604 est,
3301 3557 3474 3612 quam
3497 3558 3684 3612 proce-

280 3630 472 3686 mium
493 3646 591 3684 sex
610 3625 852 3702 ἐκλογῶν
873 3628 1341 3697 librorum,quos
1369 3626 2237 3697 suprajamjam,e.rcerptorum
2261 3625 3118 3695 nomine,commemoraverat;
3148 3629 3281 3682 hinc
3304 3644 3414 3682 non
3440 3630 3686 3685 debebat

282 3722 549 3777 eamdem
586 3725 864 3790 tanquam
899 3735 1109 3774 novum
1144 3717 1377 3788 aliquod
1412 3718 1695 3787 scriptum
1720 3716 1966 3771 seorsim
2000 3731 2337 3782 recensere;
2361 3731 2463 3768 nec
2495 3715 2739 3769 debebat
2769 3732 2940 3785 porro
2970 3718 3479 3792 dicere,utriusqua
3514 3724 3689 3778 Testa-

280 3812 481 3875 menli,
516 3811 616 3867 sed
656 3810 855 3866 Veteris
885 3813 1116 3864 tantum
1151 3809 1476 3864 Testamenti
1505 3823 1574 3862 ex
1602 3823 1667 3862 eo
1698 3806 1854 3860 enim
1885 3806 2008 3860 solo
2031 3806 2192 3860 dedit
2221 3805 2499 3860 librorum
2531 3805 2947 3860 canonicorum
2981 3806 3335 3879 catalogum,
3362 3815 3424 3864 ut
3456 3827 3589 3865 mox
3620 3827 3688 3868 ex

278 3901 433 3973 ipsa,
467 3917 644 3972 quam
670 3898 942 3955 dedimus
975 3898 1147 3968 intra,
1179 3896 1434 3969 epistola:
1468 3894 1830 3967 inspectione
1859 3893 2157 3966 apparebit
2185 3893 2314 3950 luce
2347 3894 2672 3950 meridiana
2701 3894 2938 3949 clarius.

1637 4015 1664 4081 §
1689 4011 1788 4066 IX.
1823 4010 2060 4066 Sandius
2091 4015 2331 4066 notatur.

351 4136 563 4192 Tribus
593 4135 786 4190 adhuc
815 4131 1006 4189 verbis
1037 4146 1266 4198 moneo,
1287 4129 1552 4186 notitiam
1572 4144 1747 4201 quam
1782 4128 1854 4182 de
1884 4127 2160 4199 operibus
2193 4126 2478 4184 Melitonis
2502 4128 2662 4184 dedit
2681 4127 3024 4186 notissimus
3055 4129 3150 4186 ille
3181 4130 3688 4204 Christoph.Chri-

280 4227 545 4300 stopbori
577 4225 825 4282 Sandius
859 4226 970 4297 (83)
1001 4223 1305 4281 confusam
1337 4237 1598 4292 prorsus,
1632 4237 1665 4275 a
1693 4235 1826 4275 vero
1853 4217 2128 4287 alienam,
2161 4223 2216 4275 et
2249 4220 2532 4275 absonam
2565 4235 2692 4275 esse
2725 4220 2886 4288 adeo,
2919 4225 2982 4275 ut
3010 4220 3304 4295 integrum
3336 4222 3448 4278 hoc
3481 4223 3549 4278 de
3573 4225 3688 4278 Me-

279 4313 462 4368 litone
509 4316 686 4384 caput
714 4327 877 4368 error
929 4315 1222 4368 mereatur
1253 4311 1386 4378 dici,
1421 4312 1480 4366 in
1511 4327 1625 4382 quo
1667 4325 1916 4366 summa
1945 4307 2082 4364 imis
2131 4312 2270 4365 sunt
2316 4308 2617 4381 permista.
2652 4311 2732 4364 Ex
2763 4326 2958 4381 ungue
2991 4311 3216 4368 leonem
3251 4317 3314 4369 ut
3360 4329 3590 4380 noscas,
3625 4313 3684 4368 id

277 4402 490 4458 saltem
523 4417 590 4457 ex
621 4417 686 4457 eo
719 4402 985 4464 referam,
1023 4401 1219 4457 omnia
1249 4401 1535 4458 Melitonis
1565 4416 1741 4473 opera
1771 4397 2002 4455 Gelasio
2035 4416 2196 4472 papas
2227 4416 2356 4456 esse
2387 4399 2738 4471 apocrypha.

565 4519 596 4590 §
626 4520 700 4573 Χ.
735 4522 817 4574 An
846 4517 1034 4574 Melita
1057 4527 1254 4590 praeter
1284 4519 1452 4574 libr-Is
1485 4519 1723 4574 Eusebio
1753 4526 1804 4573 et
1835 4518 2167 4589 Hieronymo
2193 4521 2666 4582 commemoratos,
2696 4517 2839 4572 alios
2869 4516 3048 4573 adhuc
3076 4520 3404 4589 scripserit?

347 4637 701 4708 Priusquam
734 4635 886 4692 circa
916 4637 1182 4709 singulos
1212 4637 1499 4691 editorum
1533 4653 1566 4690 a
1610 4634 1877 4690 Melitone
1905 4634 2188 4689 librorum
2224 4632 2426 4689 titulos
2459 4648 2589 4688 mea
2629 4633 3106 4704 eruditorumquc
3138 4635 3438 4691 observata
3467 4636 3524 4692 in
3561 4653 3686 4694 me-

276 4728 442 4784 dium
479 4729 784 4799 proferam,
818 4743 1002 4798 operm
1037 4727 1285 4797 pretium
1311 4743 1402 4782 me
1434 4727 1726 4782 facturum
1761 4725 1952 4793 credo,
1981 4725 2363 4797 qumstionem
2397 4725 2834 4795 expendere,an
2863 4725 3166 4790 Eusebius,
3188 4742 3259 4780 an
3293 4726 3679 4801 Hieronymus

276 4817 544 4876 omnium
578 4817 1082 4873 Melitonianorum
1109 4818 1461 4888 scriptorum
1495 4822 1763 4872 exactum
1788 4814 2011 4871 dederit
2042 4813 2372 4886 catalogum
2407 4815 2486 4869 ita
2520 4818 2582 4869 ut
2603 4818 2886 4887 praeterea
2916 4813 3058 4870 nihil
3086 4814 3242 4870 aliud
3273 4814 3484 4871 litteris
3509 4820 3685 4874 fuerit

275 4908 690 4980 consignatum
725 4924 758 4962 a
786 4908 1064 4963 Sardiani)
1087 4909 1115 4963 ‘t
1161 4924 1350 4979 anque
1383 4909 1820 4978 argumentum,
1851 4905 1990 4976 quia
2035 4904 2343 4969 Eusebius,
2376 4904 2514 4974 quia
2544 4904 2931 4977 Hieronymus
2964 4921 3078 4960 non
3128 4903 3368 4974 habent,
3400 4906 3680 4976 sufﬁciat,

275 5015 482 5055 omnes
527 4998 781 5069 reliquos
813 4999 883 5053 ab
918 4998 1047 5053 aliis
1093 4999 1238 5053 forte
1270 4997 1530 5052 Melitoni
1560 4996 1812 5051 tributos
1844 4995 2025 5050 libros
2057 4998 2333 5064 tanquam
2369 4994 2598 5063 spurius
2632 4994 2916 5064 rejicere?
2947 4995 3232 5050 Videntur
3259 4993 3318 5049 in
3368 4994 3518 5052 hanc
3551 5012 3683 5052 sen-

277 5087 523 5144 tentiam
548 5089 906 5161 propendere
939 5088 1258 5144 llalloixius
1280 5087 1774 5161 (84),Whistonus
1803 5084 2289 5158 (85),Baraterius
2313 5084 2451 5156 (86),
2483 5083 2802 5140 Ceillierius
2826 5085 2962 5156 (87),
2980 5083 3215 5158 aliique.
3236 5085 3513 5142 Veritatis
3527 5102 3686 5158 qua:-

350 5257 466 5327 (83)
496 5257 746 5314 Sandius
777 5258 834 5312 in
866 5263 1119 5314 tractatu
1153 5259 1224 5313 Do
1267 5257 1536 5313 veteribus
1566 5257 1927 5326 scriptoribus
2034 5259 2176 5326 nity,
2232 5254 2360 5327 and,
2400 5253 2489 5327 the
2534 5255 2889 5311 Incarnation
2926 5259 2995 5327 of
3032 5273 3132 5312 our
3177 5257 3336 5324 Lord,
3397 5260 3555 5314 torno
3608 5257 3681 5314 IV

275 5325 700 5396 ecclesiasticis,
766 5331 972 5386 nucleo
1032 5345 1134 5385 suo
1193 5331 1453 5386 Historiae
1507 5325 1924 5399 ecclesiastica,
2035 5325 2302 5383 Primteci
2332 5325 2773 5396 Christianismi,
2810 5325 3095 5396 pag.'t26.

275 5402 541 5473 przefixo,
577 5417 705 5473 pag.
736 5401 823 5455 47.
963 5471 970 5473 Α
1911 5398 1916 5399 “
2109 5400 2221 5470 (86)
2241 5399 2572 5473 Baraterius
2595 5398 2652 5473 in
2669 5399 3064 5468 Disquisitione
3083 5399 3465 5471 chronologica
3480 5402 3544 5457 de
3562 5417 3683 5456 suc-

351 5473 466 5539 (84)
491 5471 844 5544 Italloixius,
876 5489 926 5528 c.
960 5471 1000 5528 l.
1033 5473 1128 5529 fol.
1165 5473 1288 5528 834.
1684 5543 1691 5544 ί
2036 5486 2277 5544 cessiane
2306 5471 2705 5544 antiquissima
2727 5474 3099 5544 episcorlorum
3131 5473 3353 5544 Roman.
3391 5491 3524 5544 pag.
3554 5475 3682 5527 220.

349 5544 462 5612 (85)
490 5543 760 5598 Whislon
806 5545 866 5599 in
901 5544 989 5600 the
1035 5545 1268 5600 Account
1295 5545 1362 5613 of
1401 5544 1488 5599 the
1534 5543 1708 5598 Fuith
1740 5545 1802 5612 of
1842 5544 1929 5600 the
2109 5542 2220 5614 (87)
2252 5541 2496 5614 Ceillier,
2531 5542 2766 5596 Histoire
2795 5541 3059 5614 generale
3104 5543 3193 5598 des
3240 5541 3689 5600 autcum—sacres

276 5611 382 5671 uvo
421 5616 542 5685 ﬁrst
569 5615 864 5683 centuries,
896 5615 1226 5688 concerning
1253 5611 1345 5671 the
1392 5611 1777 5672 ever-blessed’
1807 5617 1929 5672 Tri-
2039 5623 2090 5672 et
2118 5611 2574 5682 ece'lesiastiqnes,
2600 5616 2744 5668 tom.
2780 5613 2855 5680 ll,
2886 5629 3014 5684 cap.
3056 5615 3109 5679 3,
3143 5631 3276 5686 pag.
3305 5617 3398 5673 78.
