  <div class='ocr_page' id='page_1' title='image "/cluster/home/n/w/nwhite01/storage/ocr_20150623/5/hvd.32044073501272/605.png"; bbox 0 0 4000 6220; ppageno 0'>
   <div class='ocr_carea' id='block_1_1' title="bbox 452 311 2032 396">
    <p class='ocr_par' dir='ltr' id='par_1_1' title="bbox 452 313 2032 396">
     <span class='ocr_line' id='line_1_1' title="bbox 452 313 2032 396; baseline -0.013 -2"><span class='ocrx_word' id='word_1_1' title='bbox 452 333 603 396; x_wconf 72' lang='grc'><strong>1191</strong></span> <span class='ocrx_word' id='word_1_2' title='bbox 1520 315 1585 376; x_wconf 89' lang='lat' dir='ltr'>s.</span> <span class='ocrx_word' id='word_1_3' title='bbox 1633 313 1924 376; x_wconf 71' lang='lat' dir='ltr'>nemo</span> <span class='ocrx_word' id='word_1_4' title='bbox 1969 315 2032 374; x_wconf 52' lang='lat' dir='ltr'>si</span> 
     </span>
    </p>
   </div>
   <div class='ocr_carea' id='block_1_2' title="bbox 2173 311 3753 396">
    <p class='ocr_par' dir='ltr' id='par_1_2' title="bbox 2173 311 3753 384">
     <span class='ocr_line' id='line_1_2' title="bbox 2173 311 3753 384; baseline 0.005 -9"><span class='ocrx_word' id='word_1_5' title='bbox 2173 311 2332 376; x_wconf 60' lang='lat' dir='ltr'>‘lUM</span> <span class='ocrx_word' id='word_1_6' title='bbox 2375 311 2825 378; x_wconf 82' lang='lat' dir='ltr'>EPISCOPUS.</span> <span class='ocrx_word' id='word_1_7' title='bbox 3639 320 3753 384; x_wconf 68' lang='lat'>“93</span> 
     </span>
    </p>
   </div>
   <div class='ocr_carea' id='block_1_3' title="bbox 455 448 3756 541">
    <p class='ocr_par' dir='ltr' id='par_1_3' title="bbox 455 448 3756 541">
     <span class='ocr_line' id='line_1_3' title="bbox 455 448 3756 541; baseline -0.004 -14"><span class='ocrx_word' id='word_1_8' title='bbox 455 475 592 531; x_wconf 87' lang='lat' dir='ltr'>dam</span> <span class='ocrx_word' id='word_1_9' title='bbox 641 464 863 541; x_wconf 80' lang='lat' dir='ltr'>species</span> <span class='ocrx_word' id='word_1_10' title='bbox 895 461 1033 518; x_wconf 97' lang='lat' dir='ltr'>huic</span> <span class='ocrx_word' id='word_1_11' title='bbox 1083 452 1342 528; x_wconf 78' lang='lat' dir='ltr'>opinioni</span> <span class='ocrx_word' id='word_1_12' title='bbox 1373 450 1580 508; x_wconf 83' lang='lat' dir='ltr'>exinde</span> <span class='ocrx_word' id='word_1_13' title='bbox 1613 449 1871 522; x_wconf 84' lang='lat' dir='ltr'>atl‘ulget,</span> <span class='ocrx_word' id='word_1_14' title='bbox 1905 449 2058 522; x_wconf 92' lang='lat' dir='ltr'>quod</span> <span class='ocrx_word' id='word_1_15' title='bbox 2075 449 2400 541; x_wconf 42' lang='lat' dir='ltr'>‘Eusebius,</span> <span class='ocrx_word' id='word_1_16' title='bbox 2433 450 2736 508; x_wconf 84' lang='lat' dir='ltr'>resensitis</span> <span class='ocrx_word' id='word_1_17' title='bbox 2785 448 3080 517; x_wconf 89' lang='lat' dir='ltr'>omnibus,</span> <span class='ocrx_word' id='word_1_18' title='bbox 3137 464 3283 522; x_wconf 89' lang='lat' dir='ltr'>quos</span> <span class='ocrx_word' id='word_1_19' title='bbox 3327 449 3483 507; x_wconf 91' lang='lat' dir='ltr'>modo</span> <span class='ocrx_word' id='word_1_20' title='bbox 3525 457 3756 515; x_wconf 77' lang='lat' dir='ltr'>numeravi</span> 
     </span>
    </p>
   </div>
   <div class='ocr_carea' id='block_1_4' title="bbox 456 533 2036 630">
    <p class='ocr_par' dir='ltr' id='par_1_4' title="bbox 456 539 2036 630">
     <span class='ocr_line' id='line_1_4' title="bbox 456 539 2036 630; baseline -0.013 -17"><span class='ocrx_word' id='word_1_21' title='bbox 456 562 650 630; x_wconf 81' lang='lat' dir='ltr'>libris,</span> <span class='ocrx_word' id='word_1_22' title='bbox 695 558 884 612; x_wconf 81' lang='lat' dir='ltr'>dicat:</span> <span class='ocrx_word' id='word_1_23' title='bbox 917 547 1039 605; x_wconf 83' lang='grc' dir='ltr'>Ἐπὶ</span> <span class='ocrx_word' id='word_1_24' title='bbox 1073 549 1200 600; x_wconf 77' lang='grc' dir='ltr'>πᾶσι</span> <span class='ocrx_word' id='word_1_25' title='bbox 1241 542 1331 599; x_wconf 81' lang='grc' dir='ltr'>καὶ</span> <span class='ocrx_word' id='word_1_26' title='bbox 1372 542 1432 596; x_wconf 85' lang='grc' dir='ltr'>τὸ</span> <span class='ocrx_word' id='word_1_27' title='bbox 1472 542 1609 617; x_wconf 82' lang='grc' dir='ltr'>πρὸς</span> <span class='ocrx_word' id='word_1_28' title='bbox 1648 541 1964 596; x_wconf 85' lang='grc' dir='ltr'>Ἀντωνῖνον</span> <span class='ocrx_word' id='word_1_29' title='bbox 2007 539 2036 614; x_wconf 84' lang='grc' dir='ltr'>β</span> 
     </span>
    </p>
   </div>
   <div class='ocr_carea' id='block_1_5' title="bbox 2178 533 3758 630">
    <p class='ocr_par' dir='ltr' id='par_1_5' title="bbox 2178 536 3758 616">
     <span class='ocr_line' id='line_1_5' title="bbox 2178 536 3758 616; baseline 0.006 -23"><span class='ocrx_word' id='word_1_30' title='bbox 2178 536 2308 609; x_wconf 64' lang='grc' dir='ltr'>διον,</span> <span class='ocrx_word' id='word_1_31' title='bbox 2345 564 2375 591; x_wconf 90' lang='grc'>‹‹</span> <span class='ocrx_word' id='word_1_32' title='bbox 2407 548 2741 615; x_wconf 86' lang='lat' dir='ltr'>postremus</span> <span class='ocrx_word' id='word_1_33' title='bbox 2791 541 3055 600; x_wconf 89' lang='lat' dir='ltr'>omnium</span> <span class='ocrx_word' id='word_1_34' title='bbox 3086 548 3171 598; x_wconf 88' lang='lat' dir='ltr'>est</span> <span class='ocrx_word' id='word_1_35' title='bbox 3217 539 3439 596; x_wconf 85' lang='lat' dir='ltr'>libellus</span> <span class='ocrx_word' id='word_1_36' title='bbox 3467 543 3526 597; x_wconf 86' lang='lat' dir='ltr'>ad</span> <span class='ocrx_word' id='word_1_37' title='bbox 3565 544 3758 616; x_wconf 75' lang='lat' dir='ltr'>impera-</span> 
     </span>
    </p>
   </div>
   <div class='ocr_carea' id='block_1_6' title="bbox 462 629 3760 710">
    <p class='ocr_par' dir='ltr' id='par_1_6' title="bbox 462 629 3760 710">
     <span class='ocr_line' id='line_1_6' title="bbox 462 629 3760 710; baseline -0.005 0"><span class='ocrx_word' id='word_1_38' title='bbox 462 629 641 710; x_wconf 86' lang='lat' dir='ltr'>torem</span> <span class='ocrx_word' id='word_1_39' title='bbox 675 641 1060 706; x_wconf 83' lang='lat' dir='ltr'>Antoninum;</span> <span class='ocrx_word' id='word_1_40' title='bbox 1079 659 1107 686; x_wconf 86' lang='grc'><strong>››</strong></span> <span class='ocrx_word' id='word_1_41' title='bbox 1128 635 1399 708; x_wconf 89' lang='lat' dir='ltr'>quodque</span> <span class='ocrx_word' id='word_1_42' title='bbox 1432 631 1624 688; x_wconf 84' lang='lat' dir='ltr'>allatis</span> <span class='ocrx_word' id='word_1_43' title='bbox 1646 629 2002 701; x_wconf 88' lang='lat' dir='ltr'>quibusdam</span> <span class='ocrx_word' id='word_1_44' title='bbox 2025 630 2376 702; x_wconf 84' lang='lat' dir='ltr'>scriptorum</span> <span class='ocrx_word' id='word_1_45' title='bbox 2399 632 2908 688; x_wconf 88' lang='lat' dir='ltr'>Melitonianorum</span> <span class='ocrx_word' id='word_1_46' title='bbox 2941 629 3303 703; x_wconf 77' lang='lat' dir='ltr'>fragmentis,</span> <span class='ocrx_word' id='word_1_47' title='bbox 3319 630 3420 685; x_wconf 88' lang='lat' dir='ltr'>sub</span> <span class='ocrx_word' id='word_1_48' title='bbox 3442 631 3591 688; x_wconf 86' lang='lat' dir='ltr'>ﬁnem</span> <span class='ocrx_word' id='word_1_49' title='bbox 3609 636 3760 706; x_wconf 77' lang='lat' dir='ltr'>capitis</span> 
     </span>
    </p>
   </div>
   <div class='ocr_carea' id='block_1_7' title="bbox 457 717 2037 798">
    <p class='ocr_par' dir='ltr' id='par_1_7' title="bbox 457 717 2037 798">
     <span class='ocr_line' id='line_1_7' title="bbox 457 717 2037 798; baseline -0.016 0"><span class='ocrx_word' id='word_1_50' title='bbox 457 744 537 798; x_wconf 84' lang='lat' dir='ltr'>ita</span> <span class='ocrx_word' id='word_1_51' title='bbox 567 736 928 795; x_wconf 71' lang='lat' dir='ltr'>continenter</span> <span class='ocrx_word' id='word_1_52' title='bbox 958 727 1168 784; x_wconf 85' lang='lat' dir='ltr'>subdal</span> <span class='ocrx_word' id='word_1_53' title='bbox 1193 741 1206 780; x_wconf 88' lang='lat'>:</span> <span class='ocrx_word' id='word_1_54' title='bbox 1237 722 1331 779; x_wconf 76' lang='grc' dir='ltr'>Καὶ</span> <span class='ocrx_word' id='word_1_55' title='bbox 1361 722 1428 776; x_wconf 74' lang='grc' dir='ltr'>τὰ</span> <span class='ocrx_word' id='word_1_56' title='bbox 1453 721 1546 794; x_wconf 70' lang='grc' dir='ltr'>μὲν</span> <span class='ocrx_word' id='word_1_57' title='bbox 1571 717 1887 781; x_wconf 76' lang='grc' dir='ltr'>Μελίτωνος</span> <span class='ocrx_word' id='word_1_58' title='bbox 1910 738 2037 773; x_wconf 86' lang='grc' dir='ltr'>τοσα</span> 
     </span>
    </p>
   </div>
   <div class='ocr_carea' id='block_1_8' title="bbox 2181 717 3761 798">
    <p class='ocr_par' dir='ltr' id='par_1_8' title="bbox 2212 720 3761 794">
     <span class='ocr_line' id='line_1_8' title="bbox 2212 720 3761 794; baseline 0.004 -20"><span class='ocrx_word' id='word_1_59' title='bbox 2212 741 2240 774; x_wconf 79' lang='lat' dir='ltr'>u</span> <span class='ocrx_word' id='word_1_60' title='bbox 2272 726 2328 775; x_wconf 89' lang='lat' dir='ltr'>et</span> <span class='ocrx_word' id='word_1_61' title='bbox 2354 720 2489 777; x_wconf 84' lang='lat' dir='ltr'>libri</span> <span class='ocrx_word' id='word_1_62' title='bbox 2520 723 2759 794; x_wconf 83' lang='lat' dir='ltr'>quidem</span> <span class='ocrx_word' id='word_1_63' title='bbox 2790 722 3088 778; x_wconf 83' lang='lat' dir='ltr'>Melitonis</span> <span class='ocrx_word' id='word_1_64' title='bbox 3118 725 3203 777; x_wconf 92' lang='lat' dir='ltr'>tot</span> <span class='ocrx_word' id='word_1_65' title='bbox 3231 725 3382 786; x_wconf 89' lang='lat' dir='ltr'>sunt,</span> <span class='ocrx_word' id='word_1_66' title='bbox 3409 738 3434 770; x_wconf 72' lang='grc' dir='ltr'>ι</span> <span class='ocrx_word' id='word_1_67' title='bbox 3463 720 3761 794; x_wconf 78' lang='lat' dir='ltr'>indicaturus,</span> 
     </span>
    </p>
   </div>
   <div class='ocr_carea' id='block_1_9' title="bbox 457 810 3766 888">
    <p class='ocr_par' dir='ltr' id='par_1_9' title="bbox 457 810 3766 888">
     <span class='ocr_line' id='line_1_9' title="bbox 457 810 3766 888; baseline -0.005 -1"><span class='ocrx_word' id='word_1_68' title='bbox 457 847 519 888; x_wconf 91' lang='lat' dir='ltr'>se</span> <span class='ocrx_word' id='word_1_69' title='bbox 557 841 757 884; x_wconf 89' lang='lat' dir='ltr'>omnes</span> <span class='ocrx_word' id='word_1_70' title='bbox 790 832 1183 878; x_wconf 88' lang='lat' dir='ltr'>enumerasse.</span> <span class='ocrx_word' id='word_1_71' title='bbox 1223 815 1404 870; x_wconf 89' lang='lat' dir='ltr'>Secus</span> <span class='ocrx_word' id='word_1_72' title='bbox 1432 818 1630 868; x_wconf 84' lang='lat' dir='ltr'>tamen</span> <span class='ocrx_word' id='word_1_73' title='bbox 1667 810 1809 865; x_wconf 92' lang='lat' dir='ltr'>mihi</span> <span class='ocrx_word' id='word_1_74' title='bbox 1844 811 2094 880; x_wconf 85' lang='lat' dir='ltr'>videtur,</span> <span class='ocrx_word' id='word_1_75' title='bbox 2127 811 2301 868; x_wconf 80' lang='lat' dir='ltr'>rebus</span> <span class='ocrx_word' id='word_1_76' title='bbox 2333 813 2512 884; x_wconf 90' lang='lat' dir='ltr'>probe</span> <span class='ocrx_word' id='word_1_77' title='bbox 2542 812 2868 885; x_wconf 84' lang='lat' dir='ltr'>perpensis.</span> <span class='ocrx_word' id='word_1_78' title='bbox 2903 811 3123 870; x_wconf 85' lang='lat' dir='ltr'>Nullibi</span> <span class='ocrx_word' id='word_1_79' title='bbox 3154 811 3310 866; x_wconf 90' lang='lat' dir='ltr'>enim</span> <span class='ocrx_word' id='word_1_80' title='bbox 3355 811 3607 882; x_wconf 80' lang='lat' dir='ltr'>expressis</span> <span class='ocrx_word' id='word_1_81' title='bbox 3630 814 3766 871; x_wconf 79' lang='lat' dir='ltr'>verbis</span> 
     </span>
    </p>
   </div>
   <div class='ocr_carea' id='block_1_10' title="bbox 456 898 3767 979">
    <p class='ocr_par' dir='ltr' id='par_1_10' title="bbox 456 898 3767 979">
     <span class='ocr_line' id='line_1_10' title="bbox 456 898 3767 979; baseline -0.006 -1"><span class='ocrx_word' id='word_1_82' title='bbox 456 917 702 978; x_wconf 88' lang='lat' dir='ltr'>asseruit</span> <span class='ocrx_word' id='word_1_83' title='bbox 734 911 1042 979; x_wconf 87' lang='lat' dir='ltr'>Eusebius,</span> <span class='ocrx_word' id='word_1_84' title='bbox 1071 924 1132 962; x_wconf 86' lang='lat' dir='ltr'>se</span> <span class='ocrx_word' id='word_1_85' title='bbox 1165 904 1454 970; x_wconf 90' lang='lat' dir='ltr'>omnium,</span> <span class='ocrx_word' id='word_1_86' title='bbox 1501 906 1792 973; x_wconf 83' lang='lat' dir='ltr'>quotquot</span> <span class='ocrx_word' id='word_1_87' title='bbox 1822 898 2015 954; x_wconf 86' lang='lat' dir='ltr'>Melite</span> <span class='ocrx_word' id='word_1_88' title='bbox 2049 917 2312 972; x_wconf 86' lang='lat' dir='ltr'>unquam</span> <span class='ocrx_word' id='word_1_89' title='bbox 2341 902 2674 975; x_wconf 82' lang='lat' dir='ltr'>scripserat,</span> <span class='ocrx_word' id='word_1_90' title='bbox 2710 903 2990 958; x_wconf 88' lang='lat' dir='ltr'>librorum</span> <span class='ocrx_word' id='word_1_91' title='bbox 3024 903 3300 957; x_wconf 87' lang='lat' dir='ltr'>daturum</span> <span class='ocrx_word' id='word_1_92' title='bbox 3331 918 3452 958; x_wconf 87' lang='lat' dir='ltr'>esse</span> <span class='ocrx_word' id='word_1_93' title='bbox 3479 902 3767 976; x_wconf 84' lang='lat' dir='ltr'>catalogum;</span> 
     </span>
    </p>
   </div>
   <div class='ocr_carea' id='block_1_11' title="bbox 455 990 3769 1083">
    <p class='ocr_par' dir='ltr' id='par_1_11' title="bbox 455 990 3769 1083">
     <span class='ocr_line' id='line_1_11' title="bbox 455 990 3769 1083; baseline -0.005 -19"><span class='ocrx_word' id='word_1_94' title='bbox 455 1008 598 1083; x_wconf 91' lang='lat' dir='ltr'>quin</span> <span class='ocrx_word' id='word_1_95' title='bbox 648 1004 844 1080; x_wconf 91' lang='lat' dir='ltr'>potius</span> <span class='ocrx_word' id='word_1_96' title='bbox 875 1000 1020 1056; x_wconf 90' lang='lat' dir='ltr'>alios</span> <span class='ocrx_word' id='word_1_97' title='bbox 1053 998 1198 1052; x_wconf 85' lang='lat' dir='ltr'>forte</span> <span class='ocrx_word' id='word_1_98' title='bbox 1228 995 1416 1083; x_wconf 87' lang='lat' dir='ltr'>adhuc</span> <span class='ocrx_word' id='word_1_99' title='bbox 1448 993 1519 1046; x_wconf 90' lang='lat' dir='ltr'>ab</span> <span class='ocrx_word' id='word_1_100' title='bbox 1552 991 1756 1083; x_wconf 79' lang='lat' dir='ltr'>eodem</span> <span class='ocrx_word' id='word_1_101' title='bbox 1789 999 2056 1045; x_wconf 81' lang='lat' dir='ltr'>exaratos</span> <span class='ocrx_word' id='word_1_102' title='bbox 2092 991 2274 1045; x_wconf 89' lang='lat' dir='ltr'>fuisse</span> <span class='ocrx_word' id='word_1_103' title='bbox 2316 990 2467 1046; x_wconf 91' lang='lat' dir='ltr'>haud</span> <span class='ocrx_word' id='word_1_104' title='bbox 2502 992 2749 1048; x_wconf 87' lang='lat' dir='ltr'>obscure</span> <span class='ocrx_word' id='word_1_105' title='bbox 2780 991 3154 1065; x_wconf 78' lang='lat' dir='ltr'>signiﬁcavit,</span> <span class='ocrx_word' id='word_1_106' title='bbox 3187 991 3270 1047; x_wconf 90' lang='lat' dir='ltr'>sic</span> <span class='ocrx_word' id='word_1_107' title='bbox 3312 991 3526 1047; x_wconf 85' lang='lat' dir='ltr'>ordiens</span> <span class='ocrx_word' id='word_1_108' title='bbox 3555 991 3769 1048; x_wconf 88' lang='lat' dir='ltr'>librorum</span> 
     </span>
    </p>
   </div>
   <div class='ocr_carea' id='block_1_12' title="bbox 457 1077 2037 1160">
    <p class='ocr_par' dir='ltr' id='par_1_12' title="bbox 457 1077 2034 1160">
     <span class='ocr_line' id='line_1_12' title="bbox 457 1077 2034 1160; baseline -0.016 -5"><span class='ocrx_word' id='word_1_109' title='bbox 457 1077 747 1157; x_wconf 62' lang='lat' dir='ltr'>bielitonis</span> <span class='ocrx_word' id='word_1_110' title='bbox 797 1090 1166 1160; x_wconf 86' lang='lat' dir='ltr'>catalogum:</span> <span class='ocrx_word' id='word_1_111' title='bbox 1199 1079 1419 1138; x_wconf 76' lang='grc' dir='ltr'>Τούτων</span> <span class='ocrx_word' id='word_1_112' title='bbox 1459 1080 1534 1140; x_wconf 83' lang='grc' dir='ltr'>εἷς</span> <span class='ocrx_word' id='word_1_113' title='bbox 1574 1077 1843 1153; x_wconf 72' lang='grc' dir='ltr'>ἡμετέραν</span> <span class='ocrx_word' id='word_1_114' title='bbox 1885 1081 2034 1152; x_wconf 85' lang='grc' dir='ltr'>γνῶσ</span> 
     </span>
    </p>
   </div>
   <div class='ocr_carea' id='block_1_13' title="bbox 2194 1077 3774 1160">
    <p class='ocr_par' dir='ltr' id='par_1_13' title="bbox 2194 1079 3774 1155">
     <span class='ocr_line' id='line_1_13' title="bbox 2194 1079 3774 1155; baseline 0.005 -25"><span class='ocrx_word' id='word_1_115' title='bbox 2194 1083 2344 1132; x_wconf 50' lang='grc' dir='ltr'>κῖκται</span> <span class='ocrx_word' id='word_1_116' title='bbox 2386 1079 2452 1134; x_wconf 71' lang='grc' dir='ltr'>τὰ</span> <span class='ocrx_word' id='word_1_117' title='bbox 2493 1080 2914 1155; x_wconf 69' lang='grc' dir='ltr'>ὑποτεταγμένα,</span> <span class='ocrx_word' id='word_1_118' title='bbox 2953 1105 2982 1132; x_wconf 90' lang='grc'>‹‹</span> <span class='ocrx_word' id='word_1_119' title='bbox 3016 1099 3086 1138; x_wconf 76' lang='lat' dir='ltr'>ex</span> <span class='ocrx_word' id='word_1_120' title='bbox 3119 1081 3284 1137; x_wconf 83' lang='lat' dir='ltr'>libris</span> <span class='ocrx_word' id='word_1_121' title='bbox 3333 1087 3513 1136; x_wconf 88' lang='lat' dir='ltr'>autem</span> <span class='ocrx_word' id='word_1_122' title='bbox 3540 1083 3774 1152; x_wconf 83' lang='lat' dir='ltr'>utriusque</span> 
     </span>
    </p>
   </div>
   <div class='ocr_carea' id='block_1_14' title="bbox 460 1168 3776 1254">
    <p class='ocr_par' dir='ltr' id='par_1_14' title="bbox 460 1168 3776 1254">
     <span class='ocr_line' id='line_1_14' title="bbox 460 1168 3776 1254; baseline -0.007 -10"><span class='ocrx_word' id='word_1_123' title='bbox 460 1187 694 1244; x_wconf 88' lang='lat' dir='ltr'>illorum</span> <span class='ocrx_word' id='word_1_124' title='bbox 727 1179 1039 1254; x_wconf 85' lang='lat' dir='ltr'>(Melitonis</span> <span class='ocrx_word' id='word_1_125' title='bbox 1071 1172 1294 1232; x_wconf 82' lang='lat' dir='ltr'>scilicet</span> <span class='ocrx_word' id='word_1_126' title='bbox 1324 1177 1378 1227; x_wconf 87' lang='lat' dir='ltr'>et</span> <span class='ocrx_word' id='word_1_127' title='bbox 1411 1170 1788 1243; x_wconf 81' lang='lat' dir='ltr'>Apollinaris)</span> <span class='ocrx_word' id='word_1_128' title='bbox 1825 1168 1907 1240; x_wconf 87' lang='lat' dir='ltr'>hi,</span> <span class='ocrx_word' id='word_1_129' title='bbox 1941 1185 2090 1240; x_wconf 89' lang='lat' dir='ltr'>quos</span> <span class='ocrx_word' id='word_1_130' title='bbox 2124 1168 2273 1224; x_wconf 79' lang='lat' dir='ltr'>intra</span> <span class='ocrx_word' id='word_1_131' title='bbox 2298 1171 2684 1239; x_wconf 88' lang='lat' dir='ltr'>subjecimus,</span> <span class='ocrx_word' id='word_1_132' title='bbox 2716 1173 2786 1227; x_wconf 86' lang='lat' dir='ltr'>ad</span> <span class='ocrx_word' id='word_1_133' title='bbox 2819 1179 3078 1228; x_wconf 86' lang='lat' dir='ltr'>nostram</span> <span class='ocrx_word' id='word_1_134' title='bbox 3111 1171 3375 1227; x_wconf 80' lang='lat' dir='ltr'>notitiam</span> <span class='ocrx_word' id='word_1_135' title='bbox 3403 1178 3776 1244; x_wconf 70' lang='lat' dir='ltr'>pervenerunt.»</span> 
     </span>
    </p>
   </div>
   <div class='ocr_carea' id='block_1_15' title="bbox 463 1259 3776 1334">
    <p class='ocr_par' dir='ltr' id='par_1_15' title="bbox 463 1259 3776 1334">
     <span class='ocr_line' id='line_1_15' title="bbox 463 1259 3776 1334; baseline -0.005 0"><span class='ocrx_word' id='word_1_136' title='bbox 463 1278 620 1334; x_wconf 89' lang='lat' dir='ltr'>Idem</span> <span class='ocrx_word' id='word_1_137' title='bbox 654 1277 898 1330; x_wconf 82' lang='lat' dir='ltr'>testatur</span> <span class='ocrx_word' id='word_1_138' title='bbox 949 1267 1138 1324; x_wconf 89' lang='lat' dir='ltr'>adhuc</span> <span class='ocrx_word' id='word_1_139' title='bbox 1188 1262 1401 1324; x_wconf 88' lang='lat' dir='ltr'>clarius</span> <span class='ocrx_word' id='word_1_140' title='bbox 1428 1262 1482 1316; x_wconf 92' lang='lat' dir='ltr'>S.</span> <span class='ocrx_word' id='word_1_141' title='bbox 1520 1261 1902 1331; x_wconf 79' lang='lat' dir='ltr'>Hieronymus</span> <span class='ocrx_word' id='word_1_142' title='bbox 1937 1259 2026 1314; x_wconf 88' lang='lat' dir='ltr'>bis</span> <span class='ocrx_word' id='word_1_143' title='bbox 2057 1259 2289 1316; x_wconf 88' lang='lat' dir='ltr'>verbis:</span> <span class='ocrx_word' id='word_1_144' title='bbox 2324 1282 2353 1310; x_wconf 87' lang='grc'>‹‹</span> <span class='ocrx_word' id='word_1_145' title='bbox 2387 1261 2630 1333; x_wconf 88' lang='lat' dir='ltr'>Scripsit</span> <span class='ocrx_word' id='word_1_146' title='bbox 2658 1278 2892 1333; x_wconf 90' lang='lat' dir='ltr'>quoque</span> <span class='ocrx_word' id='word_1_147' title='bbox 2939 1267 2996 1318; x_wconf 90' lang='lat' dir='ltr'>et</span> <span class='ocrx_word' id='word_1_148' title='bbox 3026 1262 3160 1325; x_wconf 88' lang='lat' dir='ltr'>alia.</span> <span class='ocrx_word' id='word_1_149' title='bbox 3195 1263 3266 1318; x_wconf 88' lang='lat' dir='ltr'>de</span> <span class='ocrx_word' id='word_1_150' title='bbox 3313 1263 3516 1334; x_wconf 90' lang='lat' dir='ltr'>quibus</span> <span class='ocrx_word' id='word_1_151' title='bbox 3541 1262 3634 1317; x_wconf 87' lang='lat' dir='ltr'>ista</span> <span class='ocrx_word' id='word_1_152' title='bbox 3664 1272 3776 1328; x_wconf 85' lang='lat' dir='ltr'>sunt,</span> 
     </span>
    </p>
   </div>
   <div class='ocr_carea' id='block_1_16' title="bbox 462 1347 3780 1440">
    <p class='ocr_par' dir='ltr' id='par_1_16' title="bbox 462 1347 3780 1440">
     <span class='ocr_line' id='line_1_16' title="bbox 462 1347 3780 1440; baseline -0.004 -18"><span class='ocrx_word' id='word_1_153' title='bbox 462 1384 586 1440; x_wconf 86' lang='lat' dir='ltr'>qua</span> <span class='ocrx_word' id='word_1_154' title='bbox 629 1361 1011 1434; x_wconf 89' lang='lat' dir='ltr'>subjecimus.</span> <span class='ocrx_word' id='word_1_155' title='bbox 1046 1378 1074 1406; x_wconf 83' lang='lat'><strong>»</strong></span> <span class='ocrx_word' id='word_1_156' title='bbox 1105 1354 1364 1424; x_wconf 87' lang='lat' dir='ltr'>Cumque</span> <span class='ocrx_word' id='word_1_157' title='bbox 1414 1355 1692 1423; x_wconf 85' lang='lat' dir='ltr'>praeterea</span> <span class='ocrx_word' id='word_1_158' title='bbox 1735 1348 2082 1403; x_wconf 69' lang='lat' dir='ltr'>Anastasius</span> <span class='ocrx_word' id='word_1_159' title='bbox 2112 1347 2334 1404; x_wconf 86' lang='lat' dir='ltr'>Sinaita</span> <span class='ocrx_word' id='word_1_160' title='bbox 2384 1351 2634 1406; x_wconf 90' lang='lat' dir='ltr'>duorum</span> <span class='ocrx_word' id='word_1_161' title='bbox 2668 1351 2941 1421; x_wconf 87' lang='lat' dir='ltr'>aliorum,</span> <span class='ocrx_word' id='word_1_162' title='bbox 2973 1353 3219 1408; x_wconf 90' lang='lat' dir='ltr'>Eusebio</span> <span class='ocrx_word' id='word_1_163' title='bbox 3267 1356 3326 1407; x_wconf 89' lang='lat' dir='ltr'>et</span> <span class='ocrx_word' id='word_1_164' title='bbox 3355 1355 3658 1424; x_wconf 71' lang='lat' dir='ltr'>Hieronymo</span> <span class='ocrx_word' id='word_1_165' title='bbox 3699 1369 3780 1409; x_wconf 83' lang='lat' dir='ltr'>non</span> 
     </span>
    </p>
   </div>
   <div class='ocr_carea' id='block_1_17' title="bbox 464 1436 3783 1516">
    <p class='ocr_par' dir='ltr' id='par_1_17' title="bbox 464 1436 3783 1516">
     <span class='ocr_line' id='line_1_17' title="bbox 464 1436 3783 1516; baseline -0.005 -3"><span class='ocrx_word' id='word_1_166' title='bbox 464 1436 938 1516; x_wconf 75' lang='lat' dir='ltr'>memoratorum,</span> <span class='ocrx_word' id='word_1_167' title='bbox 995 1446 1277 1502; x_wconf 88' lang='lat' dir='ltr'>librorum</span> <span class='ocrx_word' id='word_1_168' title='bbox 1338 1443 1694 1496; x_wconf 86' lang='lat' dir='ltr'>mentionem</span> <span class='ocrx_word' id='word_1_169' title='bbox 1746 1437 1990 1507; x_wconf 85' lang='lat' dir='ltr'>injiciat,</span> <span class='ocrx_word' id='word_1_170' title='bbox 2047 1436 2172 1510; x_wconf 77' lang='grc' dir='ltr'>Περὶ</span> <span class='ocrx_word' id='word_1_171' title='bbox 2226 1438 2549 1512; x_wconf 75' lang='grc' dir='ltr'>σαρκώσεως</span> <span class='ocrx_word' id='word_1_172' title='bbox 2590 1441 2828 1515; x_wconf 78' lang='grc' dir='ltr'>Χριστοῦ</span> <span class='ocrx_word' id='word_1_173' title='bbox 2888 1443 3110 1498; x_wconf 87' lang='lat' dir='ltr'>scilicet</span> <span class='ocrx_word' id='word_1_174' title='bbox 3162 1441 3299 1514; x_wconf 86' lang='lat'>(88),</span> <span class='ocrx_word' id='word_1_175' title='bbox 3361 1447 3434 1498; x_wconf 81' lang='lat' dir='ltr'>De</span> <span class='ocrx_word' id='word_1_176' title='bbox 3474 1441 3783 1499; x_wconf 75' lang='lat' dir='ltr'>incarnatione</span> 
     </span>
    </p>
   </div>
   <div class='ocr_carea' id='block_1_18' title="bbox 463 1527 2043 1614">
    <p class='ocr_par' dir='ltr' id='par_1_18' title="bbox 463 1527 2043 1614">
     <span class='ocr_line' id='line_1_18' title="bbox 463 1527 2043 1614; baseline -0.017 -10"><span class='ocrx_word' id='word_1_177' title='bbox 463 1546 689 1610; x_wconf 79' lang='lat' dir='ltr'>Christi,</span> <span class='ocrx_word' id='word_1_178' title='bbox 737 1547 793 1597; x_wconf 92' lang='lat' dir='ltr'>et</span> <span class='ocrx_word' id='word_1_179' title='bbox 822 1537 1003 1614; x_wconf 78' lang='grc' dir='ltr'>Λόγου</span> <span class='ocrx_word' id='word_1_180' title='bbox 1044 1535 1119 1595; x_wconf 69' lang='grc' dir='ltr'>εἷς</span> <span class='ocrx_word' id='word_1_181' title='bbox 1158 1532 1220 1586; x_wconf 86' lang='grc' dir='ltr'>τὸ</span> <span class='ocrx_word' id='word_1_182' title='bbox 1263 1531 1439 1593; x_wconf 80' lang='grc' dir='ltr'>Πάθος</span> <span class='ocrx_word' id='word_1_183' title='bbox 1477 1531 1712 1603; x_wconf 75' lang='grc' dir='ltr'>Χριστοῦ</span> <span class='ocrx_word' id='word_1_184' title='bbox 1745 1528 1876 1601; x_wconf 86' lang='lat'>(89),</span> <span class='ocrx_word' id='word_1_185' title='bbox 1921 1527 2043 1583; x_wconf 78' lang='lat' dir='ltr'>Orat</span> 
     </span>
    </p>
   </div>
   <div class='ocr_carea' id='block_1_19' title="bbox 2204 1527 3784 1614">
    <p class='ocr_par' dir='ltr' id='par_1_19' title="bbox 2245 1527 3784 1605">
     <span class='ocr_line' id='line_1_19' title="bbox 2245 1527 3784 1605; baseline 0.003 -22"><span class='ocrx_word' id='word_1_186' title='bbox 2245 1527 2306 1583; x_wconf 71' lang='lat' dir='ltr'>in</span> <span class='ocrx_word' id='word_1_187' title='bbox 2354 1531 2681 1588; x_wconf 76' lang='lat' dir='ltr'>Passionem</span> <span class='ocrx_word' id='word_1_188' title='bbox 2734 1533 2976 1596; x_wconf 78' lang='lat' dir='ltr'>Domini,</span> <span class='ocrx_word' id='word_1_189' title='bbox 3012 1549 3259 1605; x_wconf 87' lang='lat' dir='ltr'>prorsus</span> <span class='ocrx_word' id='word_1_190' title='bbox 3290 1547 3406 1588; x_wconf 90' lang='lat' dir='ltr'>non</span> <span class='ocrx_word' id='word_1_191' title='bbox 3447 1531 3612 1600; x_wconf 89' lang='lat' dir='ltr'>video,</span> <span class='ocrx_word' id='word_1_192' title='bbox 3655 1547 3784 1603; x_wconf 79' lang='lat' dir='ltr'>quare</span> 
     </span>
    </p>
   </div>
   <div class='ocr_carea' id='block_1_20' title="bbox 463 1618 3782 1707">
    <p class='ocr_par' dir='ltr' id='par_1_20' title="bbox 463 1618 3782 1707">
     <span class='ocr_line' id='line_1_20' title="bbox 463 1618 3782 1707; baseline -0.006 -13"><span class='ocrx_word' id='word_1_193' title='bbox 463 1640 616 1694; x_wconf 86' lang='lat' dir='ltr'>inter</span> <span class='ocrx_word' id='word_1_194' title='bbox 641 1632 896 1707; x_wconf 87' lang='lat' dir='ltr'>genuina</span> <span class='ocrx_word' id='word_1_195' title='bbox 926 1623 1216 1682; x_wconf 87' lang='lat' dir='ltr'>Melitonis</span> <span class='ocrx_word' id='word_1_196' title='bbox 1246 1637 1422 1694; x_wconf 85' lang='lat' dir='ltr'>opera</span> <span class='ocrx_word' id='word_1_197' title='bbox 1451 1618 1634 1674; x_wconf 88' lang='lat' dir='ltr'>ethos</span> <span class='ocrx_word' id='word_1_198' title='bbox 1665 1633 1898 1689; x_wconf 89' lang='lat' dir='ltr'>quoque</span> <span class='ocrx_word' id='word_1_199' title='bbox 1930 1618 2183 1688; x_wconf 87' lang='lat' dir='ltr'>recipere</span> <span class='ocrx_word' id='word_1_200' title='bbox 2206 1618 2282 1672; x_wconf 86' lang='lat' dir='ltr'>sit</span> <span class='ocrx_word' id='word_1_201' title='bbox 2321 1620 2750 1688; x_wconf 85' lang='lat' dir='ltr'>dubitandum;</span> <span class='ocrx_word' id='word_1_202' title='bbox 2787 1622 2896 1677; x_wconf 89' lang='lat' dir='ltr'>nisi</span> <span class='ocrx_word' id='word_1_203' title='bbox 2931 1623 3074 1678; x_wconf 90' lang='lat' dir='ltr'>forte</span> <span class='ocrx_word' id='word_1_204' title='bbox 3103 1622 3259 1692; x_wconf 92' lang='lat' dir='ltr'>quis,</span> <span class='ocrx_word' id='word_1_205' title='bbox 3290 1637 3359 1676; x_wconf 74' lang='lat' dir='ltr'>ex</span> <span class='ocrx_word' id='word_1_206' title='bbox 3391 1622 3531 1677; x_wconf 88' lang='lat' dir='ltr'>malo</span> <span class='ocrx_word' id='word_1_207' title='bbox 3557 1621 3608 1676; x_wconf 89' lang='lat' dir='ltr'>in</span> <span class='ocrx_word' id='word_1_208' title='bbox 3637 1621 3782 1676; x_wconf 85' lang='lat' dir='ltr'>ortho-</span> 
     </span>
    </p>
   </div>
   <div class='ocr_carea' id='block_1_21' title="bbox 465 1707 3785 1785">
    <p class='ocr_par' dir='ltr' id='par_1_21' title="bbox 465 1707 3785 1785">
     <span class='ocr_line' id='line_1_21' title="bbox 465 1707 3785 1785; baseline -0.005 -1"><span class='ocrx_word' id='word_1_209' title='bbox 465 1731 670 1785; x_wconf 79' lang='lat' dir='ltr'>doxam</span> <span class='ocrx_word' id='word_1_210' title='bbox 716 1726 976 1780; x_wconf 88' lang='lat' dir='ltr'>nostram</span> <span class='ocrx_word' id='word_1_211' title='bbox 1010 1718 1183 1772; x_wconf 87' lang='lat' dir='ltr'>ﬁdem</span> <span class='ocrx_word' id='word_1_212' title='bbox 1233 1713 1450 1779; x_wconf 88' lang='lat' dir='ltr'>animo,</span> <span class='ocrx_word' id='word_1_213' title='bbox 1486 1710 1836 1780; x_wconf 81' lang='lat' dir='ltr'>fragmenta,</span> <span class='ocrx_word' id='word_1_214' title='bbox 1869 1723 1995 1778; x_wconf 84' lang='lat' dir='ltr'>qua</span> <span class='ocrx_word' id='word_1_215' title='bbox 2037 1723 2105 1762; x_wconf 83' lang='lat' dir='ltr'>ex</span> <span class='ocrx_word' id='word_1_216' title='bbox 2151 1707 2224 1763; x_wconf 90' lang='lat' dir='ltr'>iis</span> <span class='ocrx_word' id='word_1_217' title='bbox 2258 1710 2455 1766; x_wconf 86' lang='lat' dir='ltr'>attulit</span> <span class='ocrx_word' id='word_1_218' title='bbox 2503 1712 2870 1780; x_wconf 85' lang='lat' dir='ltr'>Anastasius,</span> <span class='ocrx_word' id='word_1_219' title='bbox 2905 1713 3086 1770; x_wconf 91' lang='lat' dir='ltr'>dubia</span> <span class='ocrx_word' id='word_1_220' title='bbox 3117 1712 3253 1769; x_wconf 87' lang='lat' dir='ltr'>velit</span> <span class='ocrx_word' id='word_1_221' title='bbox 3310 1713 3556 1783; x_wconf 86' lang='lat' dir='ltr'>reddere,</span> <span class='ocrx_word' id='word_1_222' title='bbox 3598 1728 3785 1784; x_wconf 77' lang='lat' dir='ltr'>quorum</span> 
     </span>
    </p>
   </div>
   <div class='ocr_carea' id='block_1_22' title="bbox 467 1799 3785 1884">
    <p class='ocr_par' dir='ltr' id='par_1_22' title="bbox 467 1799 3785 1884">
     <span class='ocr_line' id='line_1_22' title="bbox 467 1799 3785 1884; baseline -0.006 -10"><span class='ocrx_word' id='word_1_223' title='bbox 467 1819 710 1875; x_wconf 88' lang='lat' dir='ltr'>alterum</span> <span class='ocrx_word' id='word_1_224' title='bbox 746 1809 1038 1884; x_wconf 82' lang='lat' dir='ltr'>quantivis</span> <span class='ocrx_word' id='word_1_225' title='bbox 1071 1803 1236 1878; x_wconf 86' lang='lat' dir='ltr'>pretii</span> <span class='ocrx_word' id='word_1_226' title='bbox 1271 1803 1340 1856; x_wconf 90' lang='lat' dir='ltr'>de</span> <span class='ocrx_word' id='word_1_227' title='bbox 1361 1801 1559 1856; x_wconf 88' lang='lat' dir='ltr'>divina</span> <span class='ocrx_word' id='word_1_228' title='bbox 1582 1799 1794 1872; x_wconf 88' lang='lat' dir='ltr'>pariter</span> <span class='ocrx_word' id='word_1_229' title='bbox 1824 1814 1888 1853; x_wconf 91' lang='lat' dir='ltr'>ac</span> <span class='ocrx_word' id='word_1_230' title='bbox 1912 1801 2176 1853; x_wconf 86' lang='lat' dir='ltr'>humana</span> <span class='ocrx_word' id='word_1_231' title='bbox 2204 1800 2414 1856; x_wconf 88' lang='lat' dir='ltr'>Christi</span> <span class='ocrx_word' id='word_1_232' title='bbox 2449 1807 2656 1857; x_wconf 89' lang='lat' dir='ltr'>natura</span> <span class='ocrx_word' id='word_1_233' title='bbox 2688 1804 2944 1858; x_wconf 89' lang='lat' dir='ltr'>continet</span> <span class='ocrx_word' id='word_1_234' title='bbox 2974 1803 3396 1859; x_wconf 89' lang='lat' dir='ltr'>testimonium.</span> <span class='ocrx_word' id='word_1_235' title='bbox 3418 1801 3785 1863; x_wconf 80' lang='lat' dir='ltr'>Eusebiiverba,</span> 
     </span>
    </p>
   </div>
   <div class='ocr_carea' id='block_1_23' title="bbox 471 1889 3788 1982">
    <p class='ocr_par' dir='ltr' id='par_1_23' title="bbox 471 1889 3788 1982">
     <span class='ocr_line' id='line_1_23' title="bbox 471 1889 3788 1982; baseline -0.006 -17"><span class='ocrx_word' id='word_1_236' title='bbox 471 1910 687 1982; x_wconf 89' lang='lat' dir='ltr'>quibus</span> <span class='ocrx_word' id='word_1_237' title='bbox 719 1901 945 1970; x_wconf 85' lang='lat' dir='ltr'>asserit,</span> <span class='ocrx_word' id='word_1_238' title='bbox 995 1903 1080 1954; x_wconf 90' lang='lat' dir='ltr'>tot</span> <span class='ocrx_word' id='word_1_239' title='bbox 1108 1912 1236 1952; x_wconf 89' lang='lat' dir='ltr'>esse</span> <span class='ocrx_word' id='word_1_240' title='bbox 1273 1893 1560 1950; x_wconf 82' lang='lat' dir='ltr'>Mclitonis</span> <span class='ocrx_word' id='word_1_241' title='bbox 1591 1889 1828 1961; x_wconf 88' lang='lat' dir='ltr'>scripta,</span> <span class='ocrx_word' id='word_1_242' title='bbox 1861 1889 2189 1960; x_wconf 91' lang='lat' dir='ltr'>horumque</span> <span class='ocrx_word' id='word_1_243' title='bbox 2220 1893 2579 1959; x_wconf 89' lang='lat' dir='ltr'>postremum</span> <span class='ocrx_word' id='word_1_244' title='bbox 2612 1891 2880 1946; x_wconf 86' lang='lat' dir='ltr'>omnium</span> <span class='ocrx_word' id='word_1_245' title='bbox 2915 1907 3042 1948; x_wconf 90' lang='lat' dir='ltr'>esse</span> <span class='ocrx_word' id='word_1_246' title='bbox 3095 1891 3433 1963; x_wconf 77' lang='lat' dir='ltr'>Apologiam,</span> <span class='ocrx_word' id='word_1_247' title='bbox 3467 1889 3720 1946; x_wconf 84' lang='lat' dir='ltr'>commode</span> <span class='ocrx_word' id='word_1_248' title='bbox 3742 1890 3788 1946; x_wconf 75' lang='lat' dir='ltr'>de</span> 
     </span>
    </p>
   </div>
   <div class='ocr_carea' id='block_1_24' title="bbox 470 1980 3210 2063">
    <p class='ocr_par' dir='ltr' id='par_1_24' title="bbox 470 1980 3210 2063">
     <span class='ocr_line' id='line_1_24' title="bbox 470 1980 3210 2063; baseline -0.006 -7"><span class='ocrx_word' id='word_1_249' title='bbox 470 1980 637 2056; x_wconf 86' lang='lat' dir='ltr'>libris</span> <span class='ocrx_word' id='word_1_250' title='bbox 668 1993 896 2060; x_wconf 87' lang='lat' dir='ltr'>saltem,</span> <span class='ocrx_word' id='word_1_251' title='bbox 929 1988 1027 2063; x_wconf 89' lang='lat' dir='ltr'>qui</span> <span class='ocrx_word' id='word_1_252' title='bbox 1061 1988 1132 2044; x_wconf 90' lang='lat' dir='ltr'>ad</span> <span class='ocrx_word' id='word_1_253' title='bbox 1165 1987 1293 2057; x_wconf 88' lang='lat' dir='ltr'>ejus</span> <span class='ocrx_word' id='word_1_254' title='bbox 1326 1982 1592 2039; x_wconf 85' lang='lat' dir='ltr'>notitiam</span> <span class='ocrx_word' id='word_1_255' title='bbox 1625 1982 2038 2052; x_wconf 89' lang='lat' dir='ltr'>pervenerunt,</span> <span class='ocrx_word' id='word_1_256' title='bbox 2071 1993 2386 2048; x_wconf 88' lang='lat' dir='ltr'>possumus</span> <span class='ocrx_word' id='word_1_257' title='bbox 2417 1983 2474 2036; x_wconf 86' lang='lat' dir='ltr'>et</span> <span class='ocrx_word' id='word_1_258' title='bbox 2501 1980 2786 2038; x_wconf 88' lang='lat' dir='ltr'>debemus</span> <span class='ocrx_word' id='word_1_259' title='bbox 2818 1981 3210 2056; x_wconf 89' lang='lat' dir='ltr'>interpretari.</span> 
     </span>
    </p>
   </div>
   <div class='ocr_carea' id='block_1_25' title="bbox 1587 2126 2743 2199">
    <p class='ocr_par' dir='ltr' id='par_1_25' title="bbox 1587 2126 2743 2199">
     <span class='ocr_line' id='line_1_25' title="bbox 1587 2126 2743 2199; baseline 0.003 -15"><span class='ocrx_word' id='word_1_260' title='bbox 1587 2131 1614 2199; x_wconf 88' lang='lat'><strong>§</strong></span> <span class='ocrx_word' id='word_1_261' title='bbox 1641 2128 1734 2186; x_wconf 90' lang='grc' dir='ltr'>ΧΙ.</span> <span class='ocrx_word' id='word_1_262' title='bbox 1771 2132 1853 2185; x_wconf 84' lang='lat' dir='ltr'>De</span> <span class='ocrx_word' id='word_1_263' title='bbox 1881 2126 2151 2184; x_wconf 77' lang='lat' dir='ltr'>Melllonis</span> <span class='ocrx_word' id='word_1_264' title='bbox 2183 2128 2343 2186; x_wconf 77' lang='lat' dir='ltr'>libris</span> <span class='ocrx_word' id='word_1_265' title='bbox 2369 2129 2432 2186; x_wconf 81' lang='lat' dir='ltr'>de</span> <span class='ocrx_word' id='word_1_266' title='bbox 2461 2131 2743 2188; x_wconf 72' lang='lat' dir='ltr'>Paschale.</span> 
     </span>
    </p>
   </div>
   <div class='ocr_carea' id='block_1_26' title="bbox 535 2275 3796 2362">
    <p class='ocr_par' dir='ltr' id='par_1_26' title="bbox 535 2275 3796 2362">
     <span class='ocr_line' id='line_1_26' title="bbox 535 2275 3796 2362; baseline -0.006 -12"><span class='ocrx_word' id='word_1_267' title='bbox 535 2294 643 2350; x_wconf 86' lang='lat' dir='ltr'>Sed</span> <span class='ocrx_word' id='word_1_268' title='bbox 676 2307 799 2362; x_wconf 83' lang='lat' dir='ltr'>age,</span> <span class='ocrx_word' id='word_1_269' title='bbox 832 2289 903 2344; x_wconf 90' lang='lat' dir='ltr'>de</span> <span class='ocrx_word' id='word_1_270' title='bbox 949 2301 1065 2341; x_wconf 91' lang='lat' dir='ltr'>uno</span> <span class='ocrx_word' id='word_1_271' title='bbox 1097 2281 1343 2339; x_wconf 86' lang='lat' dir='ltr'>alterove</span> <span class='ocrx_word' id='word_1_272' title='bbox 1381 2277 1530 2334; x_wconf 87' lang='lat' dir='ltr'>libro</span> <span class='ocrx_word' id='word_1_273' title='bbox 1585 2275 1888 2349; x_wconf 86' lang='lat' dir='ltr'>sigillatim</span> <span class='ocrx_word' id='word_1_274' title='bbox 1920 2291 2076 2332; x_wconf 91' lang='lat' dir='ltr'>nunc</span> <span class='ocrx_word' id='word_1_275' title='bbox 2122 2275 2450 2333; x_wconf 88' lang='lat' dir='ltr'>videamus.</span> <span class='ocrx_word' id='word_1_276' title='bbox 2484 2279 2565 2334; x_wconf 77' lang='lat' dir='ltr'>Ad</span> <span class='ocrx_word' id='word_1_277' title='bbox 2599 2278 2782 2335; x_wconf 90' lang='lat' dir='ltr'>libros</span> <span class='ocrx_word' id='word_1_278' title='bbox 2811 2279 2886 2335; x_wconf 75' lang='lat' dir='ltr'>De</span> <span class='ocrx_word' id='word_1_279' title='bbox 2934 2277 3197 2335; x_wconf 76' lang='lat' dir='ltr'>Pascha-le</span> <span class='ocrx_word' id='word_1_280' title='bbox 3234 2277 3392 2351; x_wconf 90' lang='lat' dir='ltr'>quod</span> <span class='ocrx_word' id='word_1_281' title='bbox 3424 2277 3632 2346; x_wconf 84' lang='lat' dir='ltr'>attinet,</span> <span class='ocrx_word' id='word_1_282' title='bbox 3675 2279 3796 2332; x_wconf 78' lang='lat' dir='ltr'>nota-</span> 
     </span>
    </p>
   </div>
   <div class='ocr_carea' id='block_1_27' title="bbox 469 2365 3793 2457">
    <p class='ocr_par' dir='ltr' id='par_1_27' title="bbox 469 2365 3793 2457">
     <span class='ocr_line' id='line_1_27' title="bbox 469 2365 3793 2457; baseline -0.008 -13"><span class='ocrx_word' id='word_1_283' title='bbox 469 2402 625 2457; x_wconf 90' lang='lat' dir='ltr'>mus,</span> <span class='ocrx_word' id='word_1_284' title='bbox 667 2375 1209 2439; x_wconf 86' lang='lat' dir='ltr'>decantatissimam</span> <span class='ocrx_word' id='word_1_285' title='bbox 1249 2370 1432 2436; x_wconf 88' lang='lat' dir='ltr'>illam,</span> <span class='ocrx_word' id='word_1_286' title='bbox 1466 2368 1761 2442; x_wconf 90' lang='lat' dir='ltr'>prioribus</span> <span class='ocrx_word' id='word_1_287' title='bbox 1791 2370 1926 2439; x_wconf 90' lang='lat' dir='ltr'>post</span> <span class='ocrx_word' id='word_1_288' title='bbox 1954 2383 2004 2423; x_wconf 93' lang='lat' dir='ltr'>c.</span> <span class='ocrx_word' id='word_1_289' title='bbox 2045 2385 2102 2422; x_wconf 92' lang='lat' dir='ltr'>n.</span> <span class='ocrx_word' id='word_1_290' title='bbox 2135 2367 2366 2424; x_wconf 82' lang='lat' dir='ltr'>saeculis</span> <span class='ocrx_word' id='word_1_291' title='bbox 2396 2367 2548 2425; x_wconf 89' lang='lat' dir='ltr'>inter</span> <span class='ocrx_word' id='word_1_292' title='bbox 2591 2369 2904 2426; x_wconf 88' lang='lat' dir='ltr'>Ecclesiam</span> <span class='ocrx_word' id='word_1_293' title='bbox 2936 2368 3294 2426; x_wconf 89' lang='lat' dir='ltr'>Orientalem</span> <span class='ocrx_word' id='word_1_294' title='bbox 3343 2373 3400 2425; x_wconf 91' lang='lat' dir='ltr'>et</span> <span class='ocrx_word' id='word_1_295' title='bbox 3445 2365 3793 2425; x_wconf 71' lang='lat' dir='ltr'>Occidentales:</span> 
     </span>
    </p>
   </div>
   <div class='ocr_carea' id='block_1_28' title="bbox 469 2458 3791 2550">
    <p class='ocr_par' dir='ltr' id='par_1_28' title="bbox 469 2458 3791 2550">
     <span class='ocr_line' id='line_1_28' title="bbox 469 2458 3791 2550; baseline -0.007 -17"><span class='ocrx_word' id='word_1_296' title='bbox 469 2491 682 2550; x_wconf 87' lang='lat' dir='ltr'>magno</span> <span class='ocrx_word' id='word_1_297' title='bbox 715 2473 1043 2530; x_wconf 87' lang='lat' dir='ltr'>animorum</span> <span class='ocrx_word' id='word_1_298' title='bbox 1075 2466 1297 2521; x_wconf 85' lang='lat' dir='ltr'>fervore</span> <span class='ocrx_word' id='word_1_299' title='bbox 1350 2461 1648 2532; x_wconf 84' lang='lat' dir='ltr'>agitatam,</span> <span class='ocrx_word' id='word_1_300' title='bbox 1696 2458 2146 2514; x_wconf 88' lang='lat' dir='ltr'>controversiam</span> <span class='ocrx_word' id='word_1_301' title='bbox 2188 2459 2260 2515; x_wconf 92' lang='lat' dir='ltr'>de</span> <span class='ocrx_word' id='word_1_302' title='bbox 2289 2459 2379 2514; x_wconf 92' lang='lat' dir='ltr'>die</span> <span class='ocrx_word' id='word_1_303' title='bbox 2427 2459 2755 2517; x_wconf 83' lang='lat' dir='ltr'>festivitatis</span> <span class='ocrx_word' id='word_1_304' title='bbox 2804 2460 3122 2528; x_wconf 79' lang='lat' dir='ltr'>Paschalis,</span> <span class='ocrx_word' id='word_1_305' title='bbox 3165 2460 3378 2516; x_wconf 89' lang='lat' dir='ltr'>horum</span> <span class='ocrx_word' id='word_1_306' title='bbox 3427 2458 3791 2516; x_wconf 85' lang='lat' dir='ltr'>scribendorum</span> 
     </span>
    </p>
   </div>
   <div class='ocr_carea' id='block_1_29' title="bbox 469 2545 3794 2626">
    <p class='ocr_par' dir='ltr' id='par_1_29' title="bbox 469 2545 3794 2626">
     <span class='ocr_line' id='line_1_29' title="bbox 469 2545 3794 2626; baseline -0.008 -1"><span class='ocrx_word' id='word_1_307' title='bbox 469 2545 831 2626; x_wconf 73' lang='lat' dir='ltr'>occasionem</span> <span class='ocrx_word' id='word_1_308' title='bbox 891 2554 1395 2614; x_wconf 88' lang='lat' dir='ltr'>subministrasse.</span> <span class='ocrx_word' id='word_1_309' title='bbox 1445 2549 1822 2614; x_wconf 74' lang='lat' dir='ltr'>Quaerebatur</span> <span class='ocrx_word' id='word_1_310' title='bbox 1869 2547 2111 2617; x_wconf 89' lang='lat' dir='ltr'>scilicet,</span> <span class='ocrx_word' id='word_1_311' title='bbox 2167 2564 2242 2604; x_wconf 88' lang='lat' dir='ltr'>an</span> <span class='ocrx_word' id='word_1_312' title='bbox 2293 2549 2531 2620; x_wconf 67' lang='lat' dir='ltr'>praecise</span> <span class='ocrx_word' id='word_1_313' title='bbox 2575 2566 2708 2605; x_wconf 90' lang='lat' dir='ltr'>cum</span> <span class='ocrx_word' id='word_1_314' title='bbox 2755 2550 2995 2617; x_wconf 82' lang='lat' dir='ltr'>Judais,</span> <span class='ocrx_word' id='word_1_315' title='bbox 3028 2550 3123 2605; x_wconf 91' lang='lat' dir='ltr'>die</span> <span class='ocrx_word' id='word_1_316' title='bbox 3173 2551 3239 2605; x_wconf 82' lang='grc'>14</span> <span class='ocrx_word' id='word_1_317' title='bbox 3291 2550 3512 2606; x_wconf 87' lang='lat' dir='ltr'>mensis</span> <span class='ocrx_word' id='word_1_318' title='bbox 3555 2548 3720 2614; x_wconf 79' lang='lat' dir='ltr'>Nisae,</span> <span class='ocrx_word' id='word_1_319' title='bbox 3757 2545 3794 2600; x_wconf 88' lang='lat' dir='ltr'>in</span> 
     </span>
    </p>
   </div>
   <div class='ocr_carea' id='block_1_30' title="bbox 468 2635 3794 2731">
    <p class='ocr_par' dir='ltr' id='par_1_30' title="bbox 468 2635 3794 2731">
     <span class='ocr_line' id='line_1_30' title="bbox 468 2635 3794 2731; baseline -0.008 -17"><span class='ocrx_word' id='word_1_320' title='bbox 468 2666 876 2731; x_wconf 84' lang='lat' dir='ltr'>quemcunque</span> <span class='ocrx_word' id='word_1_321' title='bbox 909 2641 1291 2702; x_wconf 86' lang='lat' dir='ltr'>hebdomadis</span> <span class='ocrx_word' id='word_1_322' title='bbox 1314 2641 1464 2694; x_wconf 88' lang='lat' dir='ltr'>diem</span> <span class='ocrx_word' id='word_1_323' title='bbox 1496 2637 1590 2693; x_wconf 88' lang='lat' dir='ltr'>ille</span> <span class='ocrx_word' id='word_1_324' title='bbox 1615 2635 1930 2704; x_wconf 88' lang='lat' dir='ltr'>incideret;</span> <span class='ocrx_word' id='word_1_325' title='bbox 1966 2653 2037 2691; x_wconf 90' lang='lat' dir='ltr'>an</span> <span class='ocrx_word' id='word_1_326' title='bbox 2067 2653 2201 2692; x_wconf 87' lang='lat' dir='ltr'>vero</span> <span class='ocrx_word' id='word_1_327' title='bbox 2235 2636 2396 2694; x_wconf 91' lang='lat' dir='ltr'>nullo</span> <span class='ocrx_word' id='word_1_328' title='bbox 2428 2637 2562 2706; x_wconf 86' lang='lat' dir='ltr'>alio,</span> <span class='ocrx_word' id='word_1_329' title='bbox 2587 2654 2759 2710; x_wconf 88' lang='lat' dir='ltr'>quam</span> <span class='ocrx_word' id='word_1_330' title='bbox 2783 2638 2923 2694; x_wconf 87' lang='lat' dir='ltr'>solis</span> <span class='ocrx_word' id='word_1_331' title='bbox 2950 2638 3065 2705; x_wconf 90' lang='lat' dir='ltr'>die,</span> <span class='ocrx_word' id='word_1_332' title='bbox 3087 2638 3146 2694; x_wconf 91' lang='lat' dir='ltr'>in</span> <span class='ocrx_word' id='word_1_333' title='bbox 3181 2638 3523 2694; x_wconf 89' lang='lat' dir='ltr'>memoriam</span> <span class='ocrx_word' id='word_1_334' title='bbox 3552 2636 3794 2692; x_wconf 76' lang='lat' dir='ltr'>Dominiea</span> 
     </span>
    </p>
   </div>
   <div class='ocr_carea' id='block_1_31' title="bbox 465 2724 3793 2805">
    <p class='ocr_par' dir='ltr' id='par_1_31' title="bbox 465 2724 3793 2805">
     <span class='ocr_line' id='line_1_31' title="bbox 465 2724 3793 2805; baseline -0.008 -1"><span class='ocrx_word' id='word_1_335' title='bbox 465 2724 932 2805; x_wconf 67' lang='lat' dir='ltr'>resurrectionis,</span> <span class='ocrx_word' id='word_1_336' title='bbox 981 2750 1148 2791; x_wconf 89' lang='lat' dir='ltr'>sacra</span> <span class='ocrx_word' id='word_1_337' title='bbox 1181 2729 1476 2804; x_wconf 82' lang='lat' dir='ltr'>paschalia</span> <span class='ocrx_word' id='word_1_338' title='bbox 1516 2727 1635 2782; x_wconf 88' lang='lat' dir='ltr'>sint</span> <span class='ocrx_word' id='word_1_339' title='bbox 1666 2725 2030 2782; x_wconf 89' lang='lat' dir='ltr'>celebranda.</span> <span class='ocrx_word' id='word_1_340' title='bbox 2085 2726 2337 2783; x_wconf 86' lang='lat' dir='ltr'>Priorem</span> <span class='ocrx_word' id='word_1_341' title='bbox 2391 2729 2630 2783; x_wconf 89' lang='lat' dir='ltr'>modum</span> <span class='ocrx_word' id='word_1_342' title='bbox 2681 2729 3082 2800; x_wconf 86' lang='lat' dir='ltr'>sequebantur</span> <span class='ocrx_word' id='word_1_343' title='bbox 3132 2727 3402 2784; x_wconf 80' lang='lat' dir='ltr'>Asiatica</span> <span class='ocrx_word' id='word_1_344' title='bbox 3450 2731 3504 2783; x_wconf 91' lang='lat' dir='ltr'>et</span> <span class='ocrx_word' id='word_1_345' title='bbox 3547 2724 3793 2782; x_wconf 75' lang='lat' dir='ltr'>Orientales</span> 
     </span>
    </p>
   </div>
   <div class='ocr_carea' id='block_1_32' title="bbox 463 2815 3794 2900">
    <p class='ocr_par' dir='ltr' id='par_1_32' title="bbox 463 2815 3794 2900">
     <span class='ocr_line' id='line_1_32' title="bbox 463 2815 3794 2900; baseline -0.008 -7"><span class='ocrx_word' id='word_1_346' title='bbox 463 2833 732 2893; x_wconf 89' lang='lat' dir='ltr'>Ecclesia</span> <span class='ocrx_word' id='word_1_347' title='bbox 761 2849 775 2900; x_wconf 94' lang='lat'>;</span> <span class='ocrx_word' id='word_1_348' title='bbox 817 2834 876 2885; x_wconf 89' lang='lat' dir='ltr'>at</span> <span class='ocrx_word' id='word_1_349' title='bbox 907 2826 1005 2900; x_wconf 91' lang='lat' dir='ltr'>qui</span> <span class='ocrx_word' id='word_1_350' title='bbox 1035 2831 1231 2881; x_wconf 82' lang='lat' dir='ltr'>Roma</span> <span class='ocrx_word' id='word_1_351' title='bbox 1263 2823 1320 2875; x_wconf 89' lang='lat' dir='ltr'>et</span> <span class='ocrx_word' id='word_1_352' title='bbox 1367 2819 1426 2874; x_wconf 92' lang='lat' dir='ltr'>in</span> <span class='ocrx_word' id='word_1_353' title='bbox 1460 2817 1591 2872; x_wconf 89' lang='lat' dir='ltr'>aliis</span> <span class='ocrx_word' id='word_1_354' title='bbox 1635 2815 1971 2887; x_wconf 88' lang='lat' dir='ltr'>regionibus</span> <span class='ocrx_word' id='word_1_355' title='bbox 1998 2815 2072 2870; x_wconf 90' lang='lat' dir='ltr'>ad</span> <span class='ocrx_word' id='word_1_356' title='bbox 2123 2815 2263 2872; x_wconf 87' lang='lat' dir='ltr'>solis</span> <span class='ocrx_word' id='word_1_357' title='bbox 2294 2833 2564 2873; x_wconf 90' lang='lat' dir='ltr'>occasum</span> <span class='ocrx_word' id='word_1_358' title='bbox 2614 2816 2744 2873; x_wconf 90' lang='lat' dir='ltr'>sitis</span> <span class='ocrx_word' id='word_1_359' title='bbox 2775 2817 3074 2873; x_wconf 86' lang='lat' dir='ltr'>Christum</span> <span class='ocrx_word' id='word_1_360' title='bbox 3123 2817 3416 2884; x_wconf 87' lang='lat' dir='ltr'>colebant,</span> <span class='ocrx_word' id='word_1_361' title='bbox 3471 2815 3794 2888; x_wconf 85' lang='lat' dir='ltr'>posteriorem.</span> 
     </span>
    </p>
   </div>
   <div class='ocr_carea' id='block_1_33' title="bbox 465 2905 3796 2996">
    <p class='ocr_par' dir='ltr' id='par_1_33' title="bbox 465 2905 3796 2996">
     <span class='ocr_line' id='line_1_33' title="bbox 465 2905 3796 2996; baseline -0.008 -13"><span class='ocrx_word' id='word_1_362' title='bbox 465 2927 707 2996; x_wconf 89' lang='lat' dir='ltr'>Utrique</span> <span class='ocrx_word' id='word_1_363' title='bbox 739 2917 1088 2993; x_wconf 76' lang='lat' dir='ltr'>apostolicae</span> <span class='ocrx_word' id='word_1_364' title='bbox 1121 2911 1408 2984; x_wconf 86' lang='lat' dir='ltr'>urgebant</span> <span class='ocrx_word' id='word_1_365' title='bbox 1437 2906 1821 2975; x_wconf 87' lang='lat' dir='ltr'>traditiones;</span> <span class='ocrx_word' id='word_1_366' title='bbox 1862 2905 1945 2960; x_wconf 91' lang='lat' dir='ltr'>illi</span> <span class='ocrx_word' id='word_1_367' title='bbox 1981 2923 2042 2961; x_wconf 89' lang='lat' dir='ltr'>se</span> <span class='ocrx_word' id='word_1_368' title='bbox 2073 2908 2558 2964; x_wconf 86' lang='lat' dir='ltr'>consuetudinem</span> <span class='ocrx_word' id='word_1_369' title='bbox 2591 2926 2756 2965; x_wconf 89' lang='lat' dir='ltr'>suam</span> <span class='ocrx_word' id='word_1_370' title='bbox 2790 2909 3084 2981; x_wconf 89' lang='lat' dir='ltr'>accepisse</span> <span class='ocrx_word' id='word_1_371' title='bbox 3115 2925 3148 2964; x_wconf 92' lang='lat' dir='ltr'>a</span> <span class='ocrx_word' id='word_1_372' title='bbox 3175 2912 3232 2962; x_wconf 88' lang='lat' dir='ltr'>S.</span> <span class='ocrx_word' id='word_1_373' title='bbox 3265 2909 3490 2964; x_wconf 85' lang='lat' dir='ltr'>Joanne</span> <span class='ocrx_word' id='word_1_374' title='bbox 3518 2915 3565 2964; x_wconf 91' lang='lat' dir='ltr'>et</span> <span class='ocrx_word' id='word_1_375' title='bbox 3594 2905 3796 2976; x_wconf 79' lang='lat' dir='ltr'>Philippo</span> 
     </span>
    </p>
   </div>
   <div class='ocr_carea' id='block_1_34' title="bbox 469 2994 3799 3078">
    <p class='ocr_par' dir='ltr' id='par_1_34' title="bbox 469 2994 3799 3078">
     <span class='ocr_line' id='line_1_34' title="bbox 469 2994 3799 3078; baseline -0.008 -6"><span class='ocrx_word' id='word_1_376' title='bbox 469 2994 778 3078; x_wconf 79' lang='lat' dir='ltr'>dicebant;</span> <span class='ocrx_word' id='word_1_377' title='bbox 806 3010 864 3064; x_wconf 89' lang='lat' dir='ltr'>hi</span> <span class='ocrx_word' id='word_1_378' title='bbox 896 3023 1029 3062; x_wconf 85' lang='lat' dir='ltr'>vero</span> <span class='ocrx_word' id='word_1_379' title='bbox 1062 3005 1129 3059; x_wconf 91' lang='lat' dir='ltr'>ad</span> <span class='ocrx_word' id='word_1_380' title='bbox 1167 3002 1398 3055; x_wconf 80' lang='lat' dir='ltr'>Petrum</span> <span class='ocrx_word' id='word_1_381' title='bbox 1430 3003 1487 3054; x_wconf 93' lang='lat' dir='ltr'>et</span> <span class='ocrx_word' id='word_1_382' title='bbox 1516 2996 1761 3052; x_wconf 88' lang='lat' dir='ltr'>Paulum</span> <span class='ocrx_word' id='word_1_383' title='bbox 1787 2996 2195 3065; x_wconf 87' lang='lat' dir='ltr'>provocabant.</span> <span class='ocrx_word' id='word_1_384' title='bbox 2229 2995 2427 3066; x_wconf 86' lang='lat' dir='ltr'>Neque</span> <span class='ocrx_word' id='word_1_385' title='bbox 2451 2996 2521 3051; x_wconf 88' lang='lat' dir='ltr'>ab</span> <span class='ocrx_word' id='word_1_386' title='bbox 2555 2996 2719 3051; x_wconf 92' lang='lat' dir='ltr'>initio</span> <span class='ocrx_word' id='word_1_387' title='bbox 2752 2997 2870 3052; x_wconf 84' lang='lat' dir='ltr'>hac</span> <span class='ocrx_word' id='word_1_388' title='bbox 2903 2997 3209 3054; x_wconf 87' lang='lat' dir='ltr'>diversitas</span> <span class='ocrx_word' id='word_1_389' title='bbox 3232 2998 3584 3055; x_wconf 87' lang='lat' dir='ltr'>discordiam</span> <span class='ocrx_word' id='word_1_390' title='bbox 3614 2994 3799 3068; x_wconf 83' lang='lat' dir='ltr'>peperit,</span> 
     </span>
    </p>
   </div>
   <div class='ocr_carea' id='block_1_35' title="bbox 467 3084 3798 3175">
    <p class='ocr_par' dir='ltr' id='par_1_35' title="bbox 467 3084 3798 3175">
     <span class='ocr_line' id='line_1_35' title="bbox 467 3084 3798 3175; baseline -0.008 -14"><span class='ocrx_word' id='word_1_391' title='bbox 467 3106 570 3162; x_wconf 87' lang='lat' dir='ltr'>sed</span> <span class='ocrx_word' id='word_1_392' title='bbox 604 3100 878 3175; x_wconf 83' lang='lat' dir='ltr'>qualibet</span> <span class='ocrx_word' id='word_1_393' title='bbox 910 3093 1157 3151; x_wconf 81' lang='lat' dir='ltr'>Ecclesia</span> <span class='ocrx_word' id='word_1_394' title='bbox 1197 3091 1253 3144; x_wconf 92' lang='lat' dir='ltr'>in</span> <span class='ocrx_word' id='word_1_395' title='bbox 1282 3090 1391 3144; x_wconf 88' lang='lat' dir='ltr'>ritu</span> <span class='ocrx_word' id='word_1_396' title='bbox 1426 3088 1534 3142; x_wconf 91' lang='lat' dir='ltr'>hoc</span> <span class='ocrx_word' id='word_1_397' title='bbox 1565 3085 1883 3157; x_wconf 87' lang='lat' dir='ltr'>adiapboro</span> <span class='ocrx_word' id='word_1_398' title='bbox 1924 3102 2032 3141; x_wconf 89' lang='lat' dir='ltr'>sua</span> <span class='ocrx_word' id='word_1_399' title='bbox 2079 3085 2352 3139; x_wconf 86' lang='lat' dir='ltr'>utebatur</span> <span class='ocrx_word' id='word_1_400' title='bbox 2381 3084 2666 3140; x_wconf 89' lang='lat' dir='ltr'>libertate.</span> <span class='ocrx_word' id='word_1_401' title='bbox 2701 3086 2950 3141; x_wconf 74' lang='lat' dir='ltr'>Irenaus</span> <span class='ocrx_word' id='word_1_402' title='bbox 2999 3087 3111 3159; x_wconf 84' lang='lat'>(90)</span> <span class='ocrx_word' id='word_1_403' title='bbox 3153 3088 3352 3156; x_wconf 86' lang='lat' dir='ltr'>refert,</span> <span class='ocrx_word' id='word_1_404' title='bbox 3381 3088 3436 3142; x_wconf 92' lang='lat' dir='ltr'>S.</span> <span class='ocrx_word' id='word_1_405' title='bbox 3469 3085 3798 3158; x_wconf 85' lang='lat' dir='ltr'>Polycarpum,</span> 
     </span>
    </p>
   </div>
   <div class='ocr_carea' id='block_1_36' title="bbox 466 3172 3796 3261">
    <p class='ocr_par' dir='ltr' id='par_1_36' title="bbox 466 3172 3796 3261">
     <span class='ocr_line' id='line_1_36' title="bbox 466 3172 3796 3261; baseline -0.008 -10"><span class='ocrx_word' id='word_1_406' title='bbox 466 3172 711 3251; x_wconf 79' lang='lat' dir='ltr'>Romam</span> <span class='ocrx_word' id='word_1_407' title='bbox 757 3188 1104 3261; x_wconf 87' lang='lat' dir='ltr'>profectum,</span> <span class='ocrx_word' id='word_1_408' title='bbox 1159 3181 1310 3235; x_wconf 88' lang='lat' dir='ltr'>inter</span> <span class='ocrx_word' id='word_1_409' title='bbox 1339 3178 1453 3233; x_wconf 89' lang='lat' dir='ltr'>alia</span> <span class='ocrx_word' id='word_1_410' title='bbox 1483 3193 1618 3231; x_wconf 89' lang='lat' dir='ltr'>cum</span> <span class='ocrx_word' id='word_1_411' title='bbox 1665 3175 1925 3240; x_wconf 87' lang='lat' dir='ltr'>Aniceto,</span> <span class='ocrx_word' id='word_1_412' title='bbox 1959 3180 2098 3230; x_wconf 90' lang='lat' dir='ltr'>tunc</span> <span class='ocrx_word' id='word_1_413' title='bbox 2129 3174 2390 3229; x_wconf 82' lang='lat' dir='ltr'>Romano</span> <span class='ocrx_word' id='word_1_414' title='bbox 2439 3173 2704 3246; x_wconf 87' lang='lat' dir='ltr'>praesule,</span> <span class='ocrx_word' id='word_1_415' title='bbox 2742 3175 2811 3229; x_wconf 93' lang='lat' dir='ltr'>de</span> <span class='ocrx_word' id='word_1_416' title='bbox 2845 3181 3104 3247; x_wconf 86' lang='lat' dir='ltr'>tempore</span> <span class='ocrx_word' id='word_1_417' title='bbox 3158 3175 3462 3231; x_wconf 82' lang='lat' dir='ltr'>Paschalis</span> <span class='ocrx_word' id='word_1_418' title='bbox 3512 3172 3796 3244; x_wconf 87' lang='lat' dir='ltr'>colloquium</span> 
     </span>
    </p>
   </div>
   <div class='ocr_carea' id='block_1_37' title="bbox 461 3262 3796 3345">
    <p class='ocr_par' dir='ltr' id='par_1_37' title="bbox 461 3262 3796 3345">
     <span class='ocr_line' id='line_1_37' title="bbox 461 3262 3796 3345; baseline -0.009 -4"><span class='ocrx_word' id='word_1_419' title='bbox 461 3281 814 3345; x_wconf 85' lang='lat' dir='ltr'>instituisse,</span> <span class='ocrx_word' id='word_1_420' title='bbox 850 3276 950 3332; x_wconf 90' lang='lat' dir='ltr'>sed</span> <span class='ocrx_word' id='word_1_421' title='bbox 1004 3275 1277 3327; x_wconf 89' lang='lat' dir='ltr'>neutrum</span> <span class='ocrx_word' id='word_1_422' title='bbox 1323 3265 1582 3339; x_wconf 82' lang='lat' dir='ltr'>potuisse</span> <span class='ocrx_word' id='word_1_423' title='bbox 1631 3263 1794 3319; x_wconf 84' lang='lat' dir='ltr'>alteri</span> <span class='ocrx_word' id='word_1_424' title='bbox 1829 3264 2196 3335; x_wconf 88' lang='lat' dir='ltr'>persuadere,</span> <span class='ocrx_word' id='word_1_425' title='bbox 2231 3267 2354 3317; x_wconf 89' lang='lat' dir='ltr'>uta</span> <span class='ocrx_word' id='word_1_426' title='bbox 2392 3262 2638 3334; x_wconf 88' lang='lat' dir='ltr'>pristino</span> <span class='ocrx_word' id='word_1_427' title='bbox 2672 3280 2830 3319; x_wconf 90' lang='lat' dir='ltr'>more</span> <span class='ocrx_word' id='word_1_428' title='bbox 2878 3264 3208 3336; x_wconf 89' lang='lat' dir='ltr'>recederet;</span> <span class='ocrx_word' id='word_1_429' title='bbox 3241 3264 3620 3320; x_wconf 89' lang='lat' dir='ltr'>nihilominus</span> <span class='ocrx_word' id='word_1_430' title='bbox 3655 3268 3796 3316; x_wconf 82' lang='lat' dir='ltr'>tamen</span> 
     </span>
    </p>
   </div>
   <div class='ocr_carea' id='block_1_38' title="bbox 463 3350 3797 3438">
    <p class='ocr_par' dir='ltr' id='par_1_38' title="bbox 463 3350 3797 3438">
     <span class='ocr_line' id='line_1_38' title="bbox 463 3350 3797 3438; baseline -0.009 -6"><span class='ocrx_word' id='word_1_431' title='bbox 463 3377 618 3432; x_wconf 89' lang='lat' dir='ltr'>inter</span> <span class='ocrx_word' id='word_1_432' title='bbox 647 3377 963 3438; x_wconf 89' lang='lat' dir='ltr'>utrumque</span> <span class='ocrx_word' id='word_1_433' title='bbox 989 3377 1184 3436; x_wconf 85' lang='lat' dir='ltr'>pacem</span> <span class='ocrx_word' id='word_1_434' title='bbox 1220 3361 1619 3415; x_wconf 87' lang='lat' dir='ltr'>conservatam</span> <span class='ocrx_word' id='word_1_435' title='bbox 1653 3354 2164 3410; x_wconf 85' lang='lat' dir='ltr'>fuisse.Melitonis</span> <span class='ocrx_word' id='word_1_436' title='bbox 2195 3357 2360 3408; x_wconf 82' lang='lat' dir='ltr'>atate</span> <span class='ocrx_word' id='word_1_437' title='bbox 2382 3353 2440 3408; x_wconf 92' lang='lat' dir='ltr'>in</span> <span class='ocrx_word' id='word_1_438' title='bbox 2476 3353 2802 3409; x_wconf 88' lang='lat' dir='ltr'>Laodicena</span> <span class='ocrx_word' id='word_1_439' title='bbox 2829 3353 3103 3421; x_wconf 85' lang='lat' dir='ltr'>Ecclesia,</span> <span class='ocrx_word' id='word_1_440' title='bbox 3125 3353 3360 3411; x_wconf 84' lang='lat' dir='ltr'>sublato</span> <span class='ocrx_word' id='word_1_441' title='bbox 3396 3372 3494 3426; x_wconf 92' lang='lat' dir='ltr'>per</span> <span class='ocrx_word' id='word_1_442' title='bbox 3521 3350 3797 3424; x_wconf 77' lang='lat' dir='ltr'>martyrium</span> 
     </span>
    </p>
   </div>
   <div class='ocr_carea' id='block_1_39' title="bbox 466 3443 3802 3537">
    <p class='ocr_par' dir='ltr' id='par_1_39' title="bbox 466 3443 3802 3537">
     <span class='ocr_line' id='line_1_39' title="bbox 466 3443 3802 3537; baseline -0.008 -16"><span class='ocrx_word' id='word_1_443' title='bbox 466 3463 670 3537; x_wconf 85' lang='lat' dir='ltr'>Sagari</span> <span class='ocrx_word' id='word_1_444' title='bbox 701 3459 857 3516; x_wconf 90' lang='lat' dir='ltr'>sedis</span> <span class='ocrx_word' id='word_1_445' title='bbox 887 3455 1059 3526; x_wconf 89' lang='lat' dir='ltr'>hujus</span> <span class='ocrx_word' id='word_1_446' title='bbox 1091 3452 1383 3523; x_wconf 88' lang='lat' dir='ltr'>episcopo,</span> <span class='ocrx_word' id='word_1_447' title='bbox 1418 3452 1475 3502; x_wconf 88' lang='lat' dir='ltr'>et</span> <span class='ocrx_word' id='word_1_448' title='bbox 1505 3445 1954 3501; x_wconf 84' lang='lat' dir='ltr'>succedentibus</span> <span class='ocrx_word' id='word_1_449' title='bbox 1984 3445 2135 3508; x_wconf 87' lang='lat' dir='ltr'>aliis,</span> <span class='ocrx_word' id='word_1_450' title='bbox 2171 3444 2270 3514; x_wconf 88' lang='lat' dir='ltr'>qui</span> <span class='ocrx_word' id='word_1_451' title='bbox 2309 3443 2725 3499; x_wconf 90' lang='lat' dir='ltr'>occidentalem</span> <span class='ocrx_word' id='word_1_452' title='bbox 2759 3444 3241 3500; x_wconf 90' lang='lat' dir='ltr'>consuetudinem</span> <span class='ocrx_word' id='word_1_453' title='bbox 3277 3444 3635 3500; x_wconf 86' lang='lat' dir='ltr'>introducere</span> <span class='ocrx_word' id='word_1_454' title='bbox 3678 3455 3802 3496; x_wconf 84' lang='lat' dir='ltr'>cona-</span> 
     </span>
    </p>
   </div>
   <div class='ocr_carea' id='block_1_40' title="bbox 472 3528 3801 3619">
    <p class='ocr_par' dir='ltr' id='par_1_40' title="bbox 472 3528 3801 3619">
     <span class='ocr_line' id='line_1_40' title="bbox 472 3528 3801 3619; baseline -0.01 -7"><span class='ocrx_word' id='word_1_455' title='bbox 472 3528 705 3619; x_wconf 65' lang='lat' dir='ltr'>bantur,</span> <span class='ocrx_word' id='word_1_456' title='bbox 748 3550 853 3604; x_wconf 87' lang='lat' dir='ltr'>hac</span> <span class='ocrx_word' id='word_1_457' title='bbox 887 3546 957 3602; x_wconf 90' lang='lat' dir='ltr'>de</span> <span class='ocrx_word' id='word_1_458' title='bbox 985 3558 1166 3599; x_wconf 87' lang='lat' dir='ltr'>causa</span> <span class='ocrx_word' id='word_1_459' title='bbox 1196 3539 1365 3595; x_wconf 88' lang='lat' dir='ltr'>etiam</span> <span class='ocrx_word' id='word_1_460' title='bbox 1395 3536 1805 3591; x_wconf 87' lang='lat' dir='ltr'>exoriebantur</span> <span class='ocrx_word' id='word_1_461' title='bbox 1834 3534 2251 3590; x_wconf 86' lang='lat' dir='ltr'>dissensiones.</span> <span class='ocrx_word' id='word_1_462' title='bbox 2285 3532 2699 3604; x_wconf 87' lang='lat' dir='ltr'>lnterponehat</span> <span class='ocrx_word' id='word_1_463' title='bbox 2731 3533 2911 3604; x_wconf 88' lang='lat' dir='ltr'>igitur</span> <span class='ocrx_word' id='word_1_464' title='bbox 2939 3549 3041 3588; x_wconf 90' lang='lat' dir='ltr'>sua</span> <span class='ocrx_word' id='word_1_465' title='bbox 3072 3533 3265 3588; x_wconf 82' lang='lat' dir='ltr'>officia</span> <span class='ocrx_word' id='word_1_466' title='bbox 3297 3539 3521 3603; x_wconf 88' lang='lat' dir='ltr'>noster,</span> <span class='ocrx_word' id='word_1_467' title='bbox 3552 3536 3701 3603; x_wconf 87' lang='lat' dir='ltr'>atque</span> <span class='ocrx_word' id='word_1_468' title='bbox 3731 3528 3801 3582; x_wconf 73' lang='lat' dir='ltr'>hac</span> 
     </span>
    </p>
   </div>
   <div class='ocr_carea' id='block_1_41' title="bbox 473 3621 3800 3703">
    <p class='ocr_par' dir='ltr' id='par_1_41' title="bbox 473 3621 3800 3703">
     <span class='ocr_line' id='line_1_41' title="bbox 473 3621 3800 3703; baseline -0.009 -2"><span class='ocrx_word' id='word_1_469' title='bbox 473 3642 777 3702; x_wconf 80' lang='lat' dir='ltr'>occasione</span> <span class='ocrx_word' id='word_1_470' title='bbox 809 3630 1324 3703; x_wconf 84' lang='lat' dir='ltr'>binos,fcstinante</span> <span class='ocrx_word' id='word_1_471' title='bbox 1356 3625 1686 3692; x_wconf 89' lang='lat' dir='ltr'>calamo,ut</span> <span class='ocrx_word' id='word_1_472' title='bbox 1717 3623 1796 3678; x_wconf 90' lang='lat' dir='ltr'>ait</span> <span class='ocrx_word' id='word_1_473' title='bbox 1817 3622 2102 3680; x_wconf 90' lang='lat' dir='ltr'>Eusebius</span> <span class='ocrx_word' id='word_1_474' title='bbox 2129 3621 2531 3695; x_wconf 80' lang='lat' dir='ltr'>(91),exaravit</span> <span class='ocrx_word' id='word_1_475' title='bbox 2560 3621 2840 3690; x_wconf 90' lang='lat' dir='ltr'>libros,in</span> <span class='ocrx_word' id='word_1_476' title='bbox 2875 3622 3089 3694; x_wconf 88' lang='lat' dir='ltr'>quibus</span> <span class='ocrx_word' id='word_1_477' title='bbox 3116 3623 3337 3693; x_wconf 87' lang='lat' dir='ltr'>docuit,</span> <span class='ocrx_word' id='word_1_478' title='bbox 3359 3640 3524 3680; x_wconf 89' lang='lat' dir='ltr'>suam</span> <span class='ocrx_word' id='word_1_479' title='bbox 3554 3622 3800 3688; x_wconf 85' lang='lat' dir='ltr'>unicuique</span> 
     </span>
    </p>
   </div>
   <div class='ocr_carea' id='block_1_42' title="bbox 469 3705 3800 3790">
    <p class='ocr_par' dir='ltr' id='par_1_42' title="bbox 469 3705 3800 3790">
     <span class='ocr_line' id='line_1_42' title="bbox 469 3705 3800 3790; baseline -0.009 0"><span class='ocrx_word' id='word_1_480' title='bbox 469 3730 734 3790; x_wconf 84' lang='lat' dir='ltr'>Ecclesia</span> <span class='ocrx_word' id='word_1_481' title='bbox 767 3712 1252 3784; x_wconf 85' lang='lat' dir='ltr'>consuetudinem</span> <span class='ocrx_word' id='word_1_482' title='bbox 1283 3734 1410 3776; x_wconf 91' lang='lat' dir='ltr'>esse</span> <span class='ocrx_word' id='word_1_483' title='bbox 1440 3708 1828 3784; x_wconf 86' lang='lat' dir='ltr'>retinendam,</span> <span class='ocrx_word' id='word_1_484' title='bbox 1878 3715 2214 3786; x_wconf 86' lang='lat' dir='ltr'>Paschaque</span> <span class='ocrx_word' id='word_1_485' title='bbox 2259 3713 2351 3769; x_wconf 91' lang='lat' dir='ltr'>die</span> <span class='ocrx_word' id='word_1_486' title='bbox 2383 3714 2448 3768; x_wconf 85' lang='grc'>14</span> <span class='ocrx_word' id='word_1_487' title='bbox 2479 3729 2547 3768; x_wconf 83' lang='lat' dir='ltr'>ex</span> <span class='ocrx_word' id='word_1_488' title='bbox 2576 3712 2838 3784; x_wconf 87' lang='lat' dir='ltr'>antiquo,</span> <span class='ocrx_word' id='word_1_489' title='bbox 2871 3729 2998 3769; x_wconf 82' lang='lat' dir='ltr'>esse</span> <span class='ocrx_word' id='word_1_490' title='bbox 3042 3713 3483 3769; x_wconf 89' lang='lat' dir='ltr'>celebrandum.</span> <span class='ocrx_word' id='word_1_491' title='bbox 3517 3711 3604 3767; x_wconf 89' lang='lat' dir='ltr'>Sic</span> <span class='ocrx_word' id='word_1_492' title='bbox 3630 3705 3800 3765; x_wconf 85' lang='lat' dir='ltr'>diremit</span> 
     </span>
    </p>
   </div>
   <div class='ocr_carea' id='block_1_43' title="bbox 461 3797 3800 3880">
    <p class='ocr_par' dir='ltr' id='par_1_43' title="bbox 461 3797 3800 3880">
     <span class='ocr_line' id='line_1_43' title="bbox 461 3797 3800 3880; baseline -0.009 -1"><span class='ocrx_word' id='word_1_493' title='bbox 461 3837 698 3880; x_wconf 89' lang='lat' dir='ltr'>omnem</span> <span class='ocrx_word' id='word_1_494' title='bbox 729 3813 1209 3875; x_wconf 72' lang='lat' dir='ltr'>controversiam,</span> <span class='ocrx_word' id='word_1_495' title='bbox 1243 3825 1274 3864; x_wconf 91' lang='grc' dir='ltr'>ο</span> <span class='ocrx_word' id='word_1_496' title='bbox 1300 3806 1481 3863; x_wconf 83' lang='lat' dir='ltr'>felicia</span> <span class='ocrx_word' id='word_1_497' title='bbox 1507 3805 1622 3861; x_wconf 88' lang='lat' dir='ltr'>ista</span> <span class='ocrx_word' id='word_1_498' title='bbox 1654 3803 1953 3876; x_wconf 82' lang='lat' dir='ltr'>temperat</span> <span class='ocrx_word' id='word_1_499' title='bbox 1990 3805 2190 3875; x_wconf 90' lang='lat' dir='ltr'>sicque</span> <span class='ocrx_word' id='word_1_500' title='bbox 2223 3800 2492 3858; x_wconf 87' lang='lat' dir='ltr'>Ecclesia</span> <span class='ocrx_word' id='word_1_501' title='bbox 2534 3818 2736 3874; x_wconf 90' lang='lat' dir='ltr'>pacem</span> <span class='ocrx_word' id='word_1_502' title='bbox 2771 3802 3040 3858; x_wconf 89' lang='lat' dir='ltr'>reddidit.</span> <span class='ocrx_word' id='word_1_503' title='bbox 3074 3803 3160 3858; x_wconf 87' lang='lat' dir='ltr'>Ita</span> <span class='ocrx_word' id='word_1_504' title='bbox 3191 3805 3370 3860; x_wconf 89' lang='lat' dir='ltr'>refert</span> <span class='ocrx_word' id='word_1_505' title='bbox 3401 3802 3699 3876; x_wconf 76' lang='lat' dir='ltr'>Polycrates</span> <span class='ocrx_word' id='word_1_506' title='bbox 3723 3797 3800 3864; x_wconf 74' lang='lat'>(92}</span> 
     </span>
    </p>
   </div>
   <div class='ocr_carea' id='block_1_44' title="bbox 455 3884 3804 3983">
    <p class='ocr_par' dir='ltr' id='par_1_44' title="bbox 455 3884 3804 3983">
     <span class='ocr_line' id='line_1_44' title="bbox 455 3884 3804 3983; baseline -0.009 -14"><span class='ocrx_word' id='word_1_507' title='bbox 455 3913 522 3969; x_wconf 89' lang='lat' dir='ltr'>in</span> <span class='ocrx_word' id='word_1_508' title='bbox 554 3909 797 3983; x_wconf 80' lang='lat' dir='ltr'>Epistola</span> <span class='ocrx_word' id='word_1_509' title='bbox 825 3903 1088 3978; x_wconf 78' lang='lat' dir='ltr'>synodica</span> <span class='ocrx_word' id='word_1_510' title='bbox 1117 3899 1187 3956; x_wconf 87' lang='lat' dir='ltr'>ad</span> <span class='ocrx_word' id='word_1_511' title='bbox 1221 3897 1513 3964; x_wconf 76' lang='lat' dir='ltr'>Victorem,</span> <span class='ocrx_word' id='word_1_512' title='bbox 1565 3895 1732 3964; x_wconf 88' lang='lat' dir='ltr'>cujus</span> <span class='ocrx_word' id='word_1_513' title='bbox 1763 3899 1931 3949; x_wconf 90' lang='lat' dir='ltr'>atate</span> <span class='ocrx_word' id='word_1_514' title='bbox 1981 3908 2244 3964; x_wconf 89' lang='lat' dir='ltr'>ausuque</span> <span class='ocrx_word' id='word_1_515' title='bbox 2287 3891 2536 3948; x_wconf 86' lang='lat' dir='ltr'>nefando</span> <span class='ocrx_word' id='word_1_516' title='bbox 2587 3892 2707 3947; x_wconf 80' lang='lat' dir='ltr'>hac</span> <span class='ocrx_word' id='word_1_517' title='bbox 2757 3893 2947 3948; x_wconf 90' lang='lat' dir='ltr'>denuo</span> <span class='ocrx_word' id='word_1_518' title='bbox 2980 3893 3280 3948; x_wconf 89' lang='lat' dir='ltr'>recruduit</span> <span class='ocrx_word' id='word_1_519' title='bbox 3325 3889 3710 3950; x_wconf 86' lang='lat' dir='ltr'>controversia,</span> <span class='ocrx_word' id='word_1_520' title='bbox 3738 3884 3804 3938; x_wconf 88' lang='lat' dir='ltr'>diu</span> 
     </span>
    </p>
   </div>
   <div class='ocr_carea' id='block_1_45' title="bbox 465 3975 3802 4074">
    <p class='ocr_par' dir='ltr' id='par_1_45' title="bbox 465 3975 3802 4074">
     <span class='ocr_line' id='line_1_45' title="bbox 465 3975 3802 4074; baseline -0.009 -17"><span class='ocrx_word' id='word_1_521' title='bbox 465 3975 665 4074; x_wconf 78' lang='lat' dir='ltr'>postea</span> <span class='ocrx_word' id='word_1_522' title='bbox 694 3975 902 4065; x_wconf 72' lang='lat' dir='ltr'>magna</span> <span class='ocrx_word' id='word_1_523' title='bbox 935 3991 1266 4048; x_wconf 88' lang='lat' dir='ltr'>animorum</span> <span class='ocrx_word' id='word_1_524' title='bbox 1299 3983 1667 4042; x_wconf 89' lang='lat' dir='ltr'>contentione</span> <span class='ocrx_word' id='word_1_525' title='bbox 1697 3984 1936 4054; x_wconf 86' lang='lat' dir='ltr'>agitata,</span> <span class='ocrx_word' id='word_1_526' title='bbox 1973 3996 2079 4036; x_wconf 90' lang='lat' dir='ltr'>nec</span> <span class='ocrx_word' id='word_1_527' title='bbox 2111 3986 2246 4037; x_wconf 87' lang='lat' dir='ltr'>ante</span> <span class='ocrx_word' id='word_1_528' title='bbox 2271 3981 2560 4053; x_wconf 83' lang='lat' dir='ltr'>synodum</span> <span class='ocrx_word' id='word_1_529' title='bbox 2593 3980 2887 4037; x_wconf 86' lang='lat' dir='ltr'>Nicanam</span> <span class='ocrx_word' id='word_1_530' title='bbox 2919 3981 3125 4050; x_wconf 89' lang='lat' dir='ltr'>sopita.</span> <span class='ocrx_word' id='word_1_531' title='bbox 3157 3983 3455 4038; x_wconf 82' lang='lat' dir='ltr'>Melitonis</span> <span class='ocrx_word' id='word_1_532' title='bbox 3502 3983 3568 4037; x_wconf 76' lang='lat' dir='ltr'>De</span> <span class='ocrx_word' id='word_1_533' title='bbox 3603 3975 3802 4034; x_wconf 71' lang='lat' dir='ltr'>Paschal:</span> 
     </span>
    </p>
   </div>
   <div class='ocr_carea' id='block_1_46' title="bbox 463 4064 3804 4163">
    <p class='ocr_par' dir='ltr' id='par_1_46' title="bbox 463 4064 3804 4163">
     <span class='ocr_line' id='line_1_46' title="bbox 463 4064 3804 4163; baseline -0.008 -17"><span class='ocrx_word' id='word_1_534' title='bbox 463 4064 612 4163; x_wconf 79' lang='lat' dir='ltr'>opus</span> <span class='ocrx_word' id='word_1_535' title='bbox 667 4064 948 4142; x_wconf 88' lang='lat' dir='ltr'>Clementi</span> <span class='ocrx_word' id='word_1_536' title='bbox 986 4077 1373 4136; x_wconf 83' lang='lat' dir='ltr'>Alexandrino</span> <span class='ocrx_word' id='word_1_537' title='bbox 1419 4072 1797 4146; x_wconf 88' lang='lat' dir='ltr'>postmodum</span> <span class='ocrx_word' id='word_1_538' title='bbox 1831 4071 2196 4127; x_wconf 86' lang='lat' dir='ltr'>occasionem</span> <span class='ocrx_word' id='word_1_539' title='bbox 2249 4070 2520 4143; x_wconf 76' lang='lat' dir='ltr'>prabuit,</span> <span class='ocrx_word' id='word_1_540' title='bbox 2555 4074 2615 4126; x_wconf 90' lang='lat' dir='ltr'>ut</span> <span class='ocrx_word' id='word_1_541' title='bbox 2664 4071 2789 4142; x_wconf 91' lang='lat' dir='ltr'>ipse</span> <span class='ocrx_word' id='word_1_542' title='bbox 2838 4087 3072 4144; x_wconf 91' lang='lat' dir='ltr'>quoque</span> <span class='ocrx_word' id='word_1_543' title='bbox 3101 4072 3502 4128; x_wconf 88' lang='lat' dir='ltr'>conscriberet</span> <span class='ocrx_word' id='word_1_544' title='bbox 3529 4070 3716 4125; x_wconf 87' lang='lat' dir='ltr'>librum</span> <span class='ocrx_word' id='word_1_545' title='bbox 3759 4064 3804 4115; x_wconf 69' lang='lat' dir='ltr'>De</span> 
     </span>
    </p>
   </div>
   <div class='ocr_carea' id='block_1_47' title="bbox 459 4148 3799 4245">
    <p class='ocr_par' dir='ltr' id='par_1_47' title="bbox 459 4148 3799 4245">
     <span class='ocr_line' id='line_1_47' title="bbox 459 4148 3799 4245; baseline -0.01 -9"><span class='ocrx_word' id='word_1_546' title='bbox 459 4148 745 4244; x_wconf 64' lang='lat' dir='ltr'>Puro/late,</span> <span class='ocrx_word' id='word_1_547' title='bbox 779 4175 839 4230; x_wconf 88' lang='lat' dir='ltr'>in</span> <span class='ocrx_word' id='word_1_548' title='bbox 888 4188 1003 4245; x_wconf 90' lang='lat' dir='ltr'>quo</span> <span class='ocrx_word' id='word_1_549' title='bbox 1034 4167 1414 4225; x_wconf 84' lang='lat' dir='ltr'>honorificam</span> <span class='ocrx_word' id='word_1_550' title='bbox 1447 4161 1809 4218; x_wconf 85' lang='lat' dir='ltr'>Melitoniani</span> <span class='ocrx_word' id='word_1_551' title='bbox 1839 4161 2032 4232; x_wconf 89' lang='lat' dir='ltr'>operis</span> <span class='ocrx_word' id='word_1_552' title='bbox 2064 4159 2270 4230; x_wconf 90' lang='lat' dir='ltr'>injecit</span> <span class='ocrx_word' id='word_1_553' title='bbox 2317 4162 2696 4228; x_wconf 89' lang='lat' dir='ltr'>mentionem,</span> <span class='ocrx_word' id='word_1_554' title='bbox 2739 4165 2804 4216; x_wconf 91' lang='lat' dir='ltr'>ut</span> <span class='ocrx_word' id='word_1_555' title='bbox 2833 4161 3010 4216; x_wconf 87' lang='lat' dir='ltr'>tradit</span> <span class='ocrx_word' id='word_1_556' title='bbox 3038 4161 3327 4218; x_wconf 89' lang='lat' dir='ltr'>Eusebius</span> <span class='ocrx_word' id='word_1_557' title='bbox 3360 4163 3512 4234; x_wconf 82' lang='lat'>(93):</span> <span class='ocrx_word' id='word_1_558' title='bbox 3559 4155 3732 4212; x_wconf 71' lang='lat' dir='ltr'>To-Szou</span> <span class='ocrx_word' id='word_1_559' title='bbox 3762 4148 3799 4204; x_wconf 68' lang='grc' dir='ltr'>δὲ</span> 
     </span>
    </p>
   </div>
   <div class='ocr_carea' id='block_1_48' title="bbox 458 4244 3798 4341">
    <p class='ocr_par' dir='ltr' id='par_1_48' title="bbox 458 4244 3798 4341">
     <span class='ocr_line' id='line_1_48' title="bbox 458 4244 3798 4341; baseline -0.01 -17"><span class='ocrx_word' id='word_1_560' title='bbox 458 4272 556 4324; x_wconf 72' lang='grc' dir='ltr'>τοῦ</span> <span class='ocrx_word' id='word_1_561' title='bbox 599 4266 792 4341; x_wconf 80' lang='grc' dir='ltr'>λόγου,</span> <span class='ocrx_word' id='word_1_562' title='bbox 833 4244 1126 4334; x_wconf 76' lang='lat' dir='ltr'>inquiens,</span> <span class='ocrx_word' id='word_1_563' title='bbox 1161 4257 1431 4330; x_wconf 67' lang='grc' dir='ltr'>μέμνηται</span> <span class='ocrx_word' id='word_1_564' title='bbox 1474 4249 1710 4323; x_wconf 73' lang='grc' dir='ltr'>Κλήμης</span> <span class='ocrx_word' id='word_1_565' title='bbox 1751 4250 1778 4303; x_wconf 88' lang='grc' dir='ltr'>ὁ</span> <span class='ocrx_word' id='word_1_566' title='bbox 1813 4245 2194 4324; x_wconf 75' lang='grc' dir='ltr'>Ἀλεξανδρεὺς</span> <span class='ocrx_word' id='word_1_567' title='bbox 2233 4247 2283 4303; x_wconf 82' lang='grc' dir='ltr'>ἐν</span> <span class='ocrx_word' id='word_1_568' title='bbox 2326 4245 2449 4321; x_wconf 78' lang='grc' dir='ltr'>ἰδίῳ</span> <span class='ocrx_word' id='word_1_569' title='bbox 2493 4248 2620 4322; x_wconf 78' lang='grc' dir='ltr'>Περὶ</span> <span class='ocrx_word' id='word_1_570' title='bbox 2659 4253 2757 4304; x_wconf 75' lang='grc' dir='ltr'>τοῦ</span> <span class='ocrx_word' id='word_1_571' title='bbox 2791 4249 2982 4324; x_wconf 67' lang='grc' dir='ltr'>Πάσχα</span> <span class='ocrx_word' id='word_1_572' title='bbox 3021 4247 3196 4323; x_wconf 76' lang='grc' dir='ltr'>λόγῳ,</span> <span class='ocrx_word' id='word_1_573' title='bbox 3241 4250 3299 4304; x_wconf 70' lang='grc' dir='ltr'>ὐι</span> <span class='ocrx_word' id='word_1_574' title='bbox 3344 4249 3392 4319; x_wconf 82' lang='grc' dir='ltr'>ἐξ</span> <span class='ocrx_word' id='word_1_575' title='bbox 3427 4247 3597 4310; x_wconf 79' lang='grc' dir='ltr'>αἰτίας</span> <span class='ocrx_word' id='word_1_576' title='bbox 3623 4252 3704 4313; x_wconf 76' lang='grc' dir='ltr'>τῆς</span> <span class='ocrx_word' id='word_1_577' title='bbox 3728 4244 3798 4294; x_wconf 64' lang='grc' dir='ltr'>τοῦ</span> 
     </span>
    </p>
   </div>
   <div class='ocr_carea' id='block_1_49' title="bbox 463 4331 2043 4430">
    <p class='ocr_par' dir='ltr' id='par_1_49' title="bbox 463 4331 2043 4430">
     <span class='ocr_line' id='line_1_49' title="bbox 463 4331 2043 4430; baseline -0.012 -17"><span class='ocrx_word' id='word_1_578' title='bbox 463 4331 787 4416; x_wconf 49' lang='grc' dir='ltr'>Μελίτολνοξ</span> <span class='ocrx_word' id='word_1_579' title='bbox 825 4331 1040 4430; x_wconf 64' lang='grc' dir='ltr'>γραφῆς</span> <span class='ocrx_word' id='word_1_580' title='bbox 1079 4345 1238 4425; x_wconf 74' lang='grc' dir='ltr'>φησὶν</span> <span class='ocrx_word' id='word_1_581' title='bbox 1283 4342 1470 4399; x_wconf 72' lang='grc' dir='ltr'>ἑαυτὸν</span> <span class='ocrx_word' id='word_1_582' title='bbox 1505 4342 1775 4410; x_wconf 64' lang='grc' dir='ltr'>συντάξαι.</span> <span class='ocrx_word' id='word_1_583' title='bbox 1810 4365 1836 4390; x_wconf 83' lang='grc' dir='ltr'>(ι</span> <span class='ocrx_word' id='word_1_584' title='bbox 1875 4343 2043 4411; x_wconf 73' lang='lat' dir='ltr'>lluju:</span> 
     </span>
    </p>
   </div>
   <div class='ocr_carea' id='block_1_50' title="bbox 2225 4331 3805 4430">
    <p class='ocr_par' dir='ltr' id='par_1_50' title="bbox 2225 4331 3805 4397">
     <span class='ocr_line' id='line_1_50' title="bbox 2225 4331 3805 4397; baseline -0.006 -1"><span class='ocrx_word' id='word_1_585' title='bbox 2225 4357 2301 4396; x_wconf 69' lang='lat' dir='ltr'>3m</span> <span class='ocrx_word' id='word_1_586' title='bbox 2331 4339 2465 4394; x_wconf 90' lang='lat' dir='ltr'>libri</span> <span class='ocrx_word' id='word_1_587' title='bbox 2497 4342 2852 4396; x_wconf 90' lang='lat' dir='ltr'>mentionem</span> <span class='ocrx_word' id='word_1_588' title='bbox 2890 4340 3019 4396; x_wconf 83' lang='lat' dir='ltr'>facit</span> <span class='ocrx_word' id='word_1_589' title='bbox 3051 4340 3317 4397; x_wconf 89' lang='lat' dir='ltr'>Clemens</span> <span class='ocrx_word' id='word_1_590' title='bbox 3349 4338 3742 4397; x_wconf 84' lang='lat' dir='ltr'>Alexandrinus</span> <span class='ocrx_word' id='word_1_591' title='bbox 3763 4331 3805 4384; x_wconf 85' lang='lat' dir='ltr'>in</span> 
     </span>
    </p>
   </div>
   <div class='ocr_carea' id='block_1_51' title="bbox 464 4428 3800 4520">
    <p class='ocr_par' dir='ltr' id='par_1_51' title="bbox 464 4428 3800 4520">
     <span class='ocr_line' id='line_1_51' title="bbox 464 4428 3800 4520; baseline -0.009 -14"><span class='ocrx_word' id='word_1_592' title='bbox 464 4465 636 4520; x_wconf 87' lang='lat' dir='ltr'>opere</span> <span class='ocrx_word' id='word_1_593' title='bbox 667 4462 770 4502; x_wconf 87' lang='lat' dir='ltr'>suo</span> <span class='ocrx_word' id='word_1_594' title='bbox 803 4428 872 4500; x_wconf 84' lang='lat' dir='ltr'>de</span> <span class='ocrx_word' id='word_1_595' title='bbox 902 4440 1202 4497; x_wconf 88' lang='lat' dir='ltr'>Paschate.</span> <span class='ocrx_word' id='word_1_596' title='bbox 1238 4435 1396 4503; x_wconf 79' lang='lat' dir='ltr'>Quod</span> <span class='ocrx_word' id='word_1_597' title='bbox 1432 4433 1663 4505; x_wconf 85' lang='lat' dir='ltr'>quidem</span> <span class='ocrx_word' id='word_1_598' title='bbox 1702 4436 1765 4520; x_wconf 86' lang='lat' dir='ltr'>ut</span> <span class='ocrx_word' id='word_1_599' title='bbox 1794 4428 2498 4486; x_wconf 88' lang='lat' dir='ltr'>conscriberetMelitonis</span> <span class='ocrx_word' id='word_1_600' title='bbox 2529 4428 2746 4483; x_wconf 89' lang='lat' dir='ltr'>librum</span> <span class='ocrx_word' id='word_1_601' title='bbox 2775 4445 3013 4484; x_wconf 86' lang='lat' dir='ltr'>causam</span> <span class='ocrx_word' id='word_1_602' title='bbox 3045 4428 3159 4485; x_wconf 88' lang='lat' dir='ltr'>sibi</span> <span class='ocrx_word' id='word_1_603' title='bbox 3190 4429 3514 4501; x_wconf 71' lang='lat' dir='ltr'>praebuisse</span> <span class='ocrx_word' id='word_1_604' title='bbox 3546 4430 3800 4482; x_wconf 58' lang='lat' dir='ltr'>testatur.»</span> 
     </span>
    </p>
   </div>
   <div class='ocr_carea' id='block_1_52' title="bbox 465 4514 3805 4608">
    <p class='ocr_par' dir='ltr' id='par_1_52' title="bbox 465 4514 3805 4608">
     <span class='ocr_line' id='line_1_52' title="bbox 465 4514 3805 4608; baseline -0.009 -14"><span class='ocrx_word' id='word_1_605' title='bbox 465 4514 794 4608; x_wconf 78' lang='lat' dir='ltr'>Utrumque</span> <span class='ocrx_word' id='word_1_606' title='bbox 828 4538 1023 4588; x_wconf 88' lang='lat' dir='ltr'>tamen</span> <span class='ocrx_word' id='word_1_607' title='bbox 1055 4543 1203 4600; x_wconf 92' lang='lat' dir='ltr'>opus</span> <span class='ocrx_word' id='word_1_608' title='bbox 1233 4524 1426 4597; x_wconf 86' lang='lat' dir='ltr'>periit,</span> <span class='ocrx_word' id='word_1_609' title='bbox 1458 4528 1513 4578; x_wconf 90' lang='lat' dir='ltr'>et</span> <span class='ocrx_word' id='word_1_610' title='bbox 1543 4523 1612 4577; x_wconf 92' lang='lat' dir='ltr'>de</span> <span class='ocrx_word' id='word_1_611' title='bbox 1645 4518 2017 4577; x_wconf 87' lang='lat' dir='ltr'>Melitoniano</span> <span class='ocrx_word' id='word_1_612' title='bbox 2049 4522 2318 4592; x_wconf 86' lang='lat' dir='ltr'>superest</span> <span class='ocrx_word' id='word_1_613' title='bbox 2349 4519 2754 4575; x_wconf 85' lang='lat' dir='ltr'>tantummodo</span> <span class='ocrx_word' id='word_1_614' title='bbox 2786 4535 3030 4591; x_wconf 88' lang='lat' dir='ltr'>parvum</span> <span class='ocrx_word' id='word_1_615' title='bbox 3064 4519 3471 4593; x_wconf 84' lang='lat' dir='ltr'>fragmentum,</span> <span class='ocrx_word' id='word_1_616' title='bbox 3495 4516 3639 4592; x_wconf 88' lang='lat' dir='ltr'>quod</span> <span class='ocrx_word' id='word_1_617' title='bbox 3665 4514 3805 4587; x_wconf 84' lang='lat' dir='ltr'>poste-</span> 
     </span>
    </p>
   </div>
   <div class='ocr_carea' id='block_1_53' title="bbox 465 4611 1885 4684">
    <p class='ocr_par' dir='ltr' id='par_1_53' title="bbox 465 4611 1885 4684">
     <span class='ocr_line' id='line_1_53' title="bbox 465 4611 1885 4684; baseline -0.013 -1"><span class='ocrx_word' id='word_1_618' title='bbox 465 4627 624 4683; x_wconf 88' lang='lat' dir='ltr'>ritati</span> <span class='ocrx_word' id='word_1_619' title='bbox 657 4623 907 4682; x_wconf 87' lang='lat' dir='ltr'>servavit</span> <span class='ocrx_word' id='word_1_620' title='bbox 936 4617 1245 4684; x_wconf 89' lang='lat' dir='ltr'>Eusebius,</span> <span class='ocrx_word' id='word_1_621' title='bbox 1280 4613 1433 4671; x_wconf 84' lang='lat' dir='ltr'>infra</span> <span class='ocrx_word' id='word_1_622' title='bbox 1462 4611 1885 4669; x_wconf 85' lang='lat' dir='ltr'>exhibendum.</span> 
     </span>
    </p>
   </div>
   <div class='ocr_carea' id='block_1_54' title="bbox 1448 4748 2892 4831">
    <p class='ocr_par' dir='ltr' id='par_1_54' title="bbox 1448 4748 2892 4831">
     <span class='ocr_line' id='line_1_54' title="bbox 1448 4748 2892 4831; baseline 0 -21"><span class='ocrx_word' id='word_1_623' title='bbox 1448 4759 1476 4826; x_wconf 84' lang='lat'>§</span> <span class='ocrx_word' id='word_1_624' title='bbox 1506 4756 1627 4813; x_wconf 79' lang='lat' dir='ltr'>XII.</span> <span class='ocrx_word' id='word_1_625' title='bbox 1660 4755 1752 4812; x_wconf 83' lang='lat' dir='ltr'>De</span> <span class='ocrx_word' id='word_1_626' title='bbox 1781 4754 1921 4811; x_wconf 83' lang='lat' dir='ltr'>libro</span> <span class='ocrx_word' id='word_1_627' title='bbox 1956 4751 2084 4828; x_wconf 81' lang='grc' dir='ltr'>Περὶ</span> <span class='ocrx_word' id='word_1_628' title='bbox 2126 4748 2407 4814; x_wconf 72' lang='grc' dir='ltr'>πολιτείας</span> <span class='ocrx_word' id='word_1_629' title='bbox 2444 4751 2536 4807; x_wconf 77' lang='grc' dir='ltr'>καὶ</span> <span class='ocrx_word' id='word_1_630' title='bbox 2576 4756 2892 4831; x_wconf 78' lang='grc' dir='ltr'>προφητῶν.</span> 
     </span>
    </p>
   </div>
   <div class='ocr_carea' id='block_1_55' title="bbox 3902 629 3928 3560">
    <p class='ocr_par' dir='ltr' id='par_1_55' title="bbox 3913 919 3915 1034">
     <span class='ocr_line' id='line_1_55' title="bbox 3913 919 3915 1034; baseline 0 0"><span class='ocrx_word' id='word_1_631' title='bbox 3913 997 3915 1034; x_wconf 49' lang='grc' dir='ltr'><strong>φ</strong></span> 
     </span>
    </p>
   </div>
   <div class='ocr_carea' id='block_1_56' title="bbox 537 4896 2117 4979">
    <p class='ocr_par' dir='ltr' id='par_1_56' title="bbox 537 4897 2105 4978">
     <span class='ocr_line' id='line_1_56' title="bbox 537 4897 2105 4978; baseline -0.017 0"><span class='ocrx_word' id='word_1_632' title='bbox 537 4919 704 4978; x_wconf 86' lang='lat' dir='ltr'>Circa</span> <span class='ocrx_word' id='word_1_633' title='bbox 754 4915 997 4971; x_wconf 89' lang='lat' dir='ltr'>alterum</span> <span class='ocrx_word' id='word_1_634' title='bbox 1043 4906 1335 4967; x_wconf 89' lang='lat' dir='ltr'>Melitonis</span> <span class='ocrx_word' id='word_1_635' title='bbox 1365 4902 1652 4969; x_wconf 89' lang='lat' dir='ltr'>libellum,</span> <span class='ocrx_word' id='word_1_636' title='bbox 1685 4901 1841 4974; x_wconf 91' lang='lat' dir='ltr'>quod</span> <span class='ocrx_word' id='word_1_637' title='bbox 1872 4898 1934 4954; x_wconf 84' lang='grc' dir='ltr'>τὸ</span> <span class='ocrx_word' id='word_1_638' title='bbox 1973 4897 2105 4974; x_wconf 83' lang='grc' dir='ltr'>Περὶ</span> 
     </span>
    </p>
   </div>
   <div class='ocr_carea' id='block_1_57' title="bbox 2335 4896 3915 4979">
    <p class='ocr_par' dir='ltr' id='par_1_57' title="bbox 2335 4896 3915 4979">
     <span class='ocr_line' id='line_1_57' title="bbox 2335 4896 3915 4979; baseline -0.004 -26"><span class='ocrx_word' id='word_1_639' title='bbox 2335 4897 2426 4961; x_wconf 76' lang='grc' dir='ltr'>ιίας</span> <span class='ocrx_word' id='word_1_640' title='bbox 2475 4898 2566 4954; x_wconf 75' lang='grc' dir='ltr'>καὶ</span> <span class='ocrx_word' id='word_1_641' title='bbox 2605 4902 2902 4979; x_wconf 58' lang='grc' dir='ltr'>προφητῶν</span> <span class='ocrx_word' id='word_1_642' title='bbox 2944 4901 3304 4970; x_wconf 87' lang='lat' dir='ltr'>inscribitur,</span> <span class='ocrx_word' id='word_1_643' title='bbox 3336 4901 3664 4963; x_wconf 84' lang='lat' dir='ltr'>tenendum,</span> <span class='ocrx_word' id='word_1_644' title='bbox 3699 4906 3805 4948; x_wconf 84' lang='lat' dir='ltr'>non-</span> 
     </span>
    </p>
   </div>
   <div class='ocr_carea' id='block_1_58' title="bbox 470 4988 3804 5069">
    <p class='ocr_par' dir='ltr' id='par_1_58' title="bbox 470 4988 3804 5069">
     <span class='ocr_line' id='line_1_58' title="bbox 470 4988 3804 5069; baseline -0.01 0"><span class='ocrx_word' id='word_1_645' title='bbox 470 5009 665 5069; x_wconf 88' lang='lat' dir='ltr'>nullos</span> <span class='ocrx_word' id='word_1_646' title='bbox 706 5007 935 5065; x_wconf 89' lang='lat' dir='ltr'>codices</span> <span class='ocrx_word' id='word_1_647' title='bbox 983 5017 1161 5058; x_wconf 87' lang='lat' dir='ltr'>manu</span> <span class='ocrx_word' id='word_1_648' title='bbox 1195 5000 1478 5067; x_wconf 85' lang='lat' dir='ltr'>exaratos,</span> <span class='ocrx_word' id='word_1_649' title='bbox 1511 5009 1659 5067; x_wconf 89' lang='lat' dir='ltr'>quos</span> <span class='ocrx_word' id='word_1_650' title='bbox 1711 4990 2007 5060; x_wconf 85' lang='lat' dir='ltr'>Valesius,</span> <span class='ocrx_word' id='word_1_651' title='bbox 2060 4989 2120 5046; x_wconf 90' lang='lat' dir='ltr'>in</span> <span class='ocrx_word' id='word_1_652' title='bbox 2154 4990 2306 5048; x_wconf 89' lang='lat' dir='ltr'>notis</span> <span class='ocrx_word' id='word_1_653' title='bbox 2340 4992 2411 5048; x_wconf 89' lang='lat' dir='ltr'>ad</span> <span class='ocrx_word' id='word_1_654' title='bbox 2469 4991 2682 5048; x_wconf 88' lang='lat' dir='ltr'>Euseb.</span> <span class='ocrx_word' id='word_1_655' title='bbox 2717 4991 2986 5049; x_wconf 89' lang='lat' dir='ltr'>nominat</span> <span class='ocrx_word' id='word_1_656' title='bbox 3013 4990 3204 5065; x_wconf 87' lang='lat' dir='ltr'>legere</span> <span class='ocrx_word' id='word_1_657' title='bbox 3240 4989 3308 5046; x_wconf 71' lang='grc' dir='ltr'>τὰ</span> <span class='ocrx_word' id='word_1_658' title='bbox 3345 4988 3478 5066; x_wconf 80' lang='grc' dir='ltr'>Περὶ</span> <span class='ocrx_word' id='word_1_659' title='bbox 3516 5009 3574 5044; x_wconf 85' lang='grc' dir='ltr'><strong>π.</strong></span> <span class='ocrx_word' id='word_1_660' title='bbox 3611 5005 3657 5041; x_wconf 79' lang='grc' dir='ltr'>κ.</span> <span class='ocrx_word' id='word_1_661' title='bbox 3692 5001 3737 5034; x_wconf 74' lang='grc' dir='ltr'>π.</span> <span class='ocrx_word' id='word_1_662' title='bbox 3766 4991 3804 5032; x_wconf 76' lang='lat' dir='ltr'>at</span> 
     </span>
    </p>
   </div>
   <div class='ocr_carea' id='block_1_59' title="bbox 537 5155 3803 5264">
    <p class='ocr_par' dir='ltr' id='par_1_59' title="bbox 537 5155 3803 5264">
     <span class='ocr_line' id='line_1_59' title="bbox 537 5155 3803 5264; baseline -0.007 -18"><span class='ocrx_word' id='word_1_663' title='bbox 537 5191 653 5264; x_wconf 91' lang='lat'>(88)</span> <span class='ocrx_word' id='word_1_664' title='bbox 686 5189 952 5246; x_wconf 83' lang='lat' dir='ltr'>Anastas.</span> <span class='ocrx_word' id='word_1_665' title='bbox 987 5180 1234 5248; x_wconf 88' lang='lat' dir='ltr'>Sinaita,</span> <span class='ocrx_word' id='word_1_666' title='bbox 1269 5177 1329 5232; x_wconf 91' lang='lat' dir='ltr'>in</span> <span class='ocrx_word' id='word_1_667' title='bbox 1372 5169 1612 5248; x_wconf 77' lang='grc' dir='ltr'><strong>Ὀδηγῷ,</strong></span> <span class='ocrx_word' id='word_1_668' title='bbox 1665 5186 1792 5242; x_wconf 88' lang='lat' dir='ltr'>cap.</span> <span class='ocrx_word' id='word_1_669' title='bbox 1846 5169 1934 5239; x_wconf 90' lang='grc'>13,</span> <span class='ocrx_word' id='word_1_670' title='bbox 1989 5185 2119 5242; x_wconf 84' lang='lat' dir='ltr'>pag.</span> <span class='ocrx_word' id='word_1_671' title='bbox 2230 5169 3063 5264; x_wconf 26' lang='lat' dir='ltr'>“AS‘QELApHdHEuseb.figi.</span> <span class='ocrx_word' id='word_1_672' title='bbox 3109 5168 3466 5264; x_wconf 41' lang='lat' dir='ltr'>ecc‘lfsalib:</span> <span class='ocrx_word' id='word_1_673' title='bbox 3509 5155 3803 5264; x_wconf 33' lang='lat' dir='ltr'>liquenti?</span> 
     </span>
    </p>
   </div>
   <div class='ocr_carea' id='block_1_60' title="bbox 466 5232 3915 5321">
    <p class='ocr_par' dir='ltr' id='par_1_60' title="bbox 466 5232 3915 5321">
     <span class='ocr_line' id='line_1_60' title="bbox 466 5232 3915 5321; baseline -0.013 6"><span class='ocrx_word' id='word_1_674' title='bbox 466 5232 653 5321; x_wconf 43' lang='lat' dir='ltr'>25‘8‘ZV’</span> <span class='ocrx_word' id='word_1_675' title='bbox 686 5232 952 5246; x_wconf 42' lang='lat' dir='ltr'>unum.&quot;</span> <span class='ocrx_word' id='word_1_676' title='bbox 988 5232 1233 5248; x_wconf 33' lang='lat' dir='ltr'>&quot;mh—ﬁl</span> <span class='ocrx_word' id='word_1_677' title='bbox 1734 5232 1753 5242; x_wconf 53' lang='lat'>-</span> <span class='ocrx_word' id='word_1_678' title='bbox 1921 5232 1930 5239; x_wconf 35' lang='grc' dir='ltr'><strong>Ι</strong></span> <span class='ocrx_word' id='word_1_679' title='bbox 1989 5232 2002 5242; x_wconf 50' lang='grc'><em>’</em></span> <span class='ocrx_word' id='word_1_680' title='bbox 2067 5232 2096 5242; x_wconf 46' lang='grc' dir='ltr'>ν</span> <span class='ocrx_word' id='word_1_681' title='bbox 2229 5232 2475 5321; x_wconf 64' lang='grc' dir='ltr'>Οθῖηίίέΐ,</span> <span class='ocrx_word' id='word_1_682' title='bbox 2509 5232 2606 5321; x_wconf 66' lang='grc' dir='ltr'>ᾷὶι.</span> <span class='ocrx_word' id='word_1_683' title='bbox 2638 5242 2786 5321; x_wconf 88' lang='lat' dir='ltr'>libro</span> <span class='ocrx_word' id='word_1_684' title='bbox 2820 5259 2950 5316; x_wconf 87' lang='lat' dir='ltr'>pag.</span> <span class='ocrx_word' id='word_1_685' title='bbox 2966 5243 3088 5321; x_wconf 76' lang='lat'>_75:</span> <span class='ocrx_word' id='word_1_686' title='bbox 3131 5265 3158 5293; x_wconf 86' lang='grc'>‹‹</span> <span class='ocrx_word' id='word_1_687' title='bbox 3194 5232 3337 5297; x_wconf 69' lang='lat' dir='ltr'>Mais</span> <span class='ocrx_word' id='word_1_688' title='bbox 3364 5257 3462 5321; x_wconf 58' lang='grc' dir='ltr'>σεξ</span> <span class='ocrx_word' id='word_1_689' title='bbox 3505 5232 3644 5321; x_wconf 69' lang='lat' dir='ltr'>den;</span> <span class='ocrx_word' id='word_1_690' title='bbox 3685 5232 3804 5321; x_wconf 59' lang='lat' dir='ltr'>livrfi</span> <span class='ocrx_word' id='word_1_691' title='bbox 3914 5271 3915 5306; x_wconf 49' lang='lat'>,</span> 
     </span>
    </p>
   </div>
   <div class='ocr_carea' id='block_1_61' title="bbox 539 5300 3804 5406">
    <p class='ocr_par' dir='ltr' id='par_1_61' title="bbox 539 5300 3804 5406">
     <span class='ocr_line' id='line_1_61' title="bbox 539 5300 3804 5406; baseline -0.003 2"><span class='ocrx_word' id='word_1_692' title='bbox 539 5300 1749 5406; x_wconf 48' lang='lat' dir='ltr'>(audemus.sar-_i?vpcs;.?t6:-_-_</span> <span class='ocrx_word' id='word_1_693' title='bbox 1997 5387 2074 5406; x_wconf 61' lang='grc' dir='ltr'>η,</span> <span class='ocrx_word' id='word_1_694' title='bbox 2230 5300 3804 5406; x_wconf 26' lang='grc' dir='ltr'>ξίξξξιμρςδὲίξξιεριειρφέἷηῖρειθρανεηεαυξιζθεξῗξξνὶξ</span> 
     </span>
    </p>
   </div>
   <div class='ocr_carea' id='block_1_62' title="bbox 541 5372 3802 5478">
    <p class='ocr_par' dir='ltr' id='par_1_62' title="bbox 541 5372 3802 5478">
     <span class='ocr_line' id='line_1_62' title="bbox 541 5372 3802 5478; baseline -0.009 -17"><span class='ocrx_word' id='word_1_695' title='bbox 679 5372 1055 5478; x_wconf 52' lang='lat' dir='ltr'>iiéiiiéu&#39;siiii’</span> <span class='ocrx_word' id='word_1_696' title='bbox 1077 5372 1428 5478; x_wconf 47' lang='grc' dir='ltr'>ἐξέιᾶιῖιίἶά</span> <span class='ocrx_word' id='word_1_697' title='bbox 1444 5372 1774 5478; x_wconf 47' lang='lat' dir='ltr'>uitiatorem,</span> <span class='ocrx_word' id='word_1_698' title='bbox 1809 5387 1963 5460; x_wconf 89' lang='lat' dir='ltr'>apud</span> <span class='ocrx_word' id='word_1_699' title='bbox 1997 5387 2119 5442; x_wconf 90' lang='lat' dir='ltr'>Eu-</span> <span class='ocrx_word' id='word_1_700' title='bbox 2230 5403 2344 5478; x_wconf 62' lang='lat' dir='ltr'>non</span> <span class='ocrx_word' id='word_1_701' title='bbox 2373 5372 2566 5478; x_wconf 45' lang='grc' dir='ltr'>ἀρε-ιθ</span> <span class='ocrx_word' id='word_1_702' title='bbox 2796 5385 3008 5478; x_wconf 63' lang='lat' dir='ltr'>suivoit</span> <span class='ocrx_word' id='word_1_703' title='bbox 3033 5372 3390 5478; x_wconf 46' lang='lat' dir='ltr'>lajpr‘ati‘que</span> <span class='ocrx_word' id='word_1_704' title='bbox 3433 5384 3505 5438; x_wconf 92' lang='lat' dir='ltr'>de</span> <span class='ocrx_word' id='word_1_705' title='bbox 3549 5381 3718 5447; x_wconf 85' lang='lat' dir='ltr'>l‘Asie,</span> <span class='ocrx_word' id='word_1_706' title='bbox 3755 5372 3802 5426; x_wconf 70' lang='grc' dir='ltr'>οι)</span> 
     </span>
    </p>
   </div>
   <div class='ocr_carea' id='block_1_63' title="bbox 471 5457 3492 5537">
    <p class='ocr_par' dir='ltr' id='par_1_63' title="bbox 471 5457 3492 5537">
     <span class='ocr_line' id='line_1_63' title="bbox 471 5457 3492 5537; baseline -0.01 -1"><span class='ocrx_word' id='word_1_707' title='bbox 471 5457 1075 5537; x_wconf 32' lang='grc' dir='ltr'>εοὺίνὶὶῖέίοιῖὲεσιρδ.,</span> <span class='ocrx_word' id='word_1_708' title='bbox 1109 5457 1213 5524; x_wconf 78' lang='lat' dir='ltr'>lib.</span> <span class='ocrx_word' id='word_1_709' title='bbox 1247 5483 1304 5532; x_wconf 88' lang='lat' dir='ltr'>v,</span> <span class='ocrx_word' id='word_1_710' title='bbox 1339 5480 1467 5533; x_wconf 89' lang='lat' dir='ltr'>cap.</span> <span class='ocrx_word' id='word_1_711' title='bbox 1498 5463 1596 5537; x_wconf 68' lang='lat'>24_</span> <span class='ocrx_word' id='word_1_712' title='bbox 1695 5531 1720 5537; x_wconf 85' lang='lat'><strong>_</strong></span> <span class='ocrx_word' id='word_1_713' title='bbox 1823 5457 1863 5537; x_wconf 28' lang='grc' dir='ltr'>μ’</span> <span class='ocrx_word' id='word_1_714' title='bbox 2228 5458 2652 5537; x_wconf 36' lang='lat' dir='ltr'>l&#39;on‘ce‘iléhroit</span> <span class='ocrx_word' id='word_1_715' title='bbox 2680 5457 2873 5537; x_wconf 71' lang='lat' dir='ltr'>PAque</span> <span class='ocrx_word' id='word_1_716' title='bbox 2905 5458 2958 5514; x_wconf 86' lang='lat' dir='ltr'>le</span> <span class='ocrx_word' id='word_1_717' title='bbox 2990 5459 3055 5514; x_wconf 82' lang='grc'>14</span> <span class='ocrx_word' id='word_1_718' title='bbox 3086 5457 3155 5515; x_wconf 89' lang='lat' dir='ltr'>de</span> <span class='ocrx_word' id='word_1_719' title='bbox 3185 5457 3244 5515; x_wconf 87' lang='lat' dir='ltr'>la</span> <span class='ocrx_word' id='word_1_720' title='bbox 3271 5457 3428 5513; x_wconf 79' lang='lat' dir='ltr'>luna.</span> <span class='ocrx_word' id='word_1_721' title='bbox 3467 5475 3492 5507; x_wconf 72' lang='grc' dir='ltr'><strong><em>ι</em></strong></span> 
     </span>
    </p>
   </div>
   <div class='ocr_carea' id='block_1_64' title="bbox 541 5530 2894 5621">
    <p class='ocr_par' dir='ltr' id='par_1_64' title="bbox 541 5530 2894 5621">
     <span class='ocr_line' id='line_1_64' title="bbox 541 5530 2894 5621; baseline -0.008 -15"><span class='ocrx_word' id='word_1_722' title='bbox 541 5530 892 5621; x_wconf 50' lang='grc' dir='ltr'>ξόΙῖΕιέεέὺ.</span> <span class='ocrx_word' id='word_1_723' title='bbox 927 5562 975 5604; x_wconf 91' lang='lat' dir='ltr'>c.</span> <span class='ocrx_word' id='word_1_724' title='bbox 1003 5530 1133 5601; x_wconf 41' lang='lat' dir='ltr'>l.&#39;et</span> <span class='ocrx_word' id='word_1_725' title='bbox 1163 5530 1551 5610; x_wconf 79' lang='lat' dir='ltr'>Hieronymus</span> <span class='ocrx_word' id='word_1_726' title='bbox 1582 5532 1641 5588; x_wconf 91' lang='lat' dir='ltr'>in</span> <span class='ocrx_word' id='word_1_727' title='bbox 1682 5531 1957 5604; x_wconf 78' lang='lat' dir='ltr'>Catalogo,</span> <span class='ocrx_word' id='word_1_728' title='bbox 1991 5547 2118 5603; x_wconf 87' lang='lat' dir='ltr'>cap.</span> <span class='ocrx_word' id='word_1_729' title='bbox 2299 5531 2388 5604; x_wconf 87' lang='lat'>(93</span> <span class='ocrx_word' id='word_1_730' title='bbox 2417 5530 2618 5588; x_wconf 88' lang='lat' dir='ltr'>Euseb.</span> <span class='ocrx_word' id='word_1_731' title='bbox 2652 5531 2749 5587; x_wconf 86' lang='lat' dir='ltr'>cit.</span> <span class='ocrx_word' id='word_1_732' title='bbox 2784 5530 2894 5588; x_wconf 90' lang='lat' dir='ltr'>loc.</span> 
     </span>
    </p>
   </div>
   <div class='ocr_carea' id='block_1_65' title="bbox 474 5621 564 5675">
    <p class='ocr_par' dir='ltr' id='par_1_65' title="bbox 474 5621 564 5675">
     <span class='ocr_line' id='line_1_65' title="bbox 474 5621 564 5675; baseline 0.011 -1"><span class='ocrx_word' id='word_1_733' title='bbox 474 5621 564 5675; x_wconf 72' lang='grc'>45.</span> 
     </span>
    </p>
   </div>
  </div>
