4000 6220
472 311 629 377 1105
1531 306 1594 368 S.
1641 306 1933 370 MELITO
1979 301 2340 366 SARDIUM
2384 297 2846 363 EPISCOPUS.
3659 325 3777 385 ηπ

473 465 584 524 fuit
610 463 1077 536 conseriptus,ut
1107 460 1292 532 pravis
1331 459 1722 516 hereticorum
1770 457 1934 548 istius
1980 453 2175 548 seculi
2222 452 2445 548 obviam
2494 451 2599 548 iret
2653 452 2974 548 sententiis,
3034 454 3245 525 duplex
3289 460 3446 518 modo
3489 465 3776 548 principium,

473 556 714 613 alterum
747 554 984 621 bonum,
1012 550 1254 606 alterum
1286 549 1499 604 malum
1529 547 1898 605 statuentium
1928 544 2132 614 ;modo
2163 542 2444 633 mundum
2477 541 2756 597 malorum
2802 543 3101 613 geniorum
3151 562 3291 617 opus
3333 565 3466 618 esse,
3505 541 3773 633 dicentium;

473 645 644 702 modo
674 644 742 698 de
773 648 978 696 natura
1007 645 1060 695 et
1085 641 1372 696 creatione
1403 637 1651 694 hominis
1681 635 2116 702 somniantium,
2151 631 2464 698 hominem,
2497 647 2597 701 per
2630 631 3085 690 imbecillitatem
3115 637 3405 706 geniorum
3457 641 3665 716 illorum,
3702 631 3780 710 non

473 732 766 790 meliorem
793 729 916 785 ﬁeri
949 730 1212 801 potuisse,
1245 745 1311 786 ac
1345 729 1510 800 longe
1542 729 1795 782 futurum
1831 725 2003 780 fuisse
2033 723 2392 789 deteriorem,
2429 720 2540 775 nisi
2574 736 2836 791 suprema
2866 724 3045 780 virtus
3087 727 3393 784 scintillam
3437 747 3572 790 aurae
3609 738 3782 812 vitaque

469 820 680 877 divinae
712 819 1064 888 immisisset,
1095 821 1491 889 oumdemque,
1525 817 1733 874 vermis
1753 815 1932 872 instar
1963 812 2121 868 humi
2172 811 2328 882 prius
2387 816 2700 880 repentem,
2750 811 3057 881 erexisset;
3108 817 3276 873 modo
3326 820 3522 890 duplex
3563 811 3781 885 hominum

471 923 675 977 genus,
709 907 926 964 bonum
957 914 1008 964 et
1037 923 1296 979 pravum,
1331 907 1444 963 imo
1501 905 1722 977 triplex,
1753 899 2205 975 pneumaticum,
2240 897 2576 970 psychicum
2597 904 2648 954 et
2682 897 2936 968 hylieum
2968 917 3067 959 seu
3102 904 3293 976 χοῖκόν
3327 905 3641 980 ﬁngentium.

1388 1077 1418 1150 §
1448 1075 1552 1133 XV.
1589 1077 1662 1132 De
1691 1075 1830 1132 libro
1861 1072 1991 1149 Περὶ
2028 1073 2270 1142 ὑπακοῆς
2301 1069 2534 1132 πίστεως
2565 1069 2961 1146 αἰσθητηρίων.

551 1226 660 1284 Sed
694 1231 982 1281 transeant
1013 1223 1154 1288 haec,
1207 1221 1616 1291 videamusque
1671 1220 1858 1290 potius
1897 1219 1966 1272 de
2004 1217 2131 1274 librt

2213 1232 2378 1288 quem
2429 1215 2558 1289 Περὶ
2610 1215 2854 1280 ὑπακοῆς
2900 1213 3132 1278 πίστεως
3184 1216 3558 1294 αἰσθητηρίων,
3605 1224 3675 1280 De
3703 1227 3793 1281 obe~

475 1315 687 1374 dientia
715 1330 975 1371 sensuum
1005 1313 1137 1384 ﬁdei
1166 1310 1475 1381 inscripsit.
1510 1309 1675 1366 Hunc
1705 1309 2106 1378 Hieronymus,
2139 1307 2420 1371 Rufﬁnus,
2455 1305 2829 1376 Nicephorus,
2861 1307 3210 1364 Trithemius
3261 1319 3571 1368 constanter
3611 1313 3661 1370 in
3699 1315 3797 1373 duos

475 1406 840 1474 diversosque
862 1401 1142 1467 dividunt,
1176 1401 1273 1467 ita,
1304 1405 1365 1455 ut
1393 1397 1736 1469 peculiarem
1783 1397 2012 1467 faciant,
2063 1397 2138 1451 De
2187 1395 2496 1451 obedientia
2534 1395 2688 1464 ﬁdei,
2743 1393 3204 1467 peculiaremque
3261 1399 3483 1469 iterum,
3522 1403 3586 1457 De
3624 1405 3801 1458 sensibus

475 1496 710 1552 librum.
747 1492 960 1548 Dubius
990 1491 1084 1547 diu
1117 1490 1276 1558 haesi,
1305 1505 1375 1544 an
1409 1504 1536 1544 cum
1571 1487 1833 1556 Eusebio,
1866 1503 1939 1542 an
1972 1501 2101 1542 cum
2137 1485 2366 1556 reliquis
2397 1485 2661 1541 tacerem.
2697 1487 2791 1539 Ast
2821 1500 2974 1551 cum,
3015 1485 3241 1544 Valesio
3301 1495 3458 1558 teste,
3510 1490 3563 1546 in
3605 1493 3800 1548 omnibus

474 1584 769 1644 codicibus
828 1579 1232 1650 manuscriptis
1289 1579 1527 1648 legatur,
1576 1576 1665 1630 καὶ
1724 1576 1751 1629 ὁ
1800 1574 1930 1649 Περῖ
1984 1575 2052 1628 ὑπ

2220 1595 2226 1635 ς
2275 1573 2511 1634 πίστεως
2577 1571 2974 1648 αἰσθητηρίων,
3037 1576 3252 1648 absque
3309 1578 3650 1636 distinctione
3687 1599 3800 1652 quam

475 1676 619 1732 Rob.
657 1673 1000 1744 Stephanus,
1037 1677 1161 1740 post
1189 1684 1385 1726 vocem
1416 1664 1671 1733 πίστεως,
1707 1667 1921 1736 primus
1951 1666 2136 1736 posuit
2169 1684 2183 1733 ;
2220 1665 2390 1722 verba
2423 1664 2652 1719 Eusebii
2683 1664 2875 1734 utique
2907 1681 3005 1735 pro
3040 1667 3204 1722 titulo
3256 1669 3426 1724 unius
3471 1673 3667 1725 tantum
3713 1671 3798 1726 libri

479 1765 682 1830 habeo,
715 1762 810 1834 qui
840 1762 916 1816 De
943 1758 1252 1815 obedientia
1281 1772 1543 1813 sensuum
1574 1755 1725 1825 ﬁdei,
1760 1755 1894 1822 sive,
1930 1754 2078 1826 quod
2106 1754 2256 1808 idem
2301 1758 2408 1821 est,
2462 1753 2532 1809 de
2580 1753 2906 1809 obedientia
2959 1754 3090 1811 lidei
3141 1772 3262 1827 qua:
3307 1757 3437 1812 sita
3465 1758 3705 1827 sensibus,
3731 1761 3800 1816 fuit

474 1855 808 1925 inscriptus,
835 1848 1185 1908 Tillemontii
1219 1848 1295 1921 (4)
1325 1853 1492 1918 atque
1544 1844 1773 1917 Dupiuii
1821 1845 1898 1915 (5)
1945 1843 2210 1900 suffultus
2255 1842 2362 1898 hac
2407 1843 2464 1898 in
2511 1858 2569 1898 re
2620 1859 2879 1913 assensu,
2925 1845 3054 1901 licet
3104 1845 3428 1903 Halloixius
3471 1848 3656 1920 aliique
3692 1849 3804 1906 alteri

473 1946 663 2020 potius
695 1939 1052 1998 subscribant
1086 1937 1405 1994 sententiae.
1451 1935 1654 1991 Valesii
1704 1941 1756 1990 et
1807 1932 2041 2005 Dupiuii
2085 1931 2398 2004 probabilis
2448 1932 2759 1988 admodum
2808 1934 3139 2005 conjectura
3187 1934 3312 2005 est,
3346 1946 3536 1994 contra
3589 1938 3806 1995 hereticos

479 2033 753 2108 quosdam
784 2026 1145 2086 istiusaetatis
1175 2025 1412 2082 ethunc
1471 2040 1693 2096 quoque
1751 2023 1958 2080 librum
2010 2023 2288 2093 scriptum
2337 2021 2517 2078 fuisse
2563 2040 2594 2077 a
2650 2022 2942 2090 Melitone,
3001 2024 3096 2095 qui
3145 2027 3511 2093 asseruerint,
3550 2028 3652 2083 dari
3690 2028 3806 2083 ﬁdem

475 2123 777 2196 quamdam
810 2117 1130 2175 naturalem
1159 2115 1531 2186 eamdemque
1561 2128 1830 2170 sensuum
1865 2128 2035 2183 opera
2064 2127 2233 2183 posse
2263 2111 2438 2182 gigni.
2472 2111 2712 2176 Quidam
2745 2112 2899 2168 enim
2933 2112 3205 2182 haeretici,
3260 2115 3428 2172 verba
3481 2121 3602 2172 sunt
3639 2115 3793 2172 Valesii

474 2213 721 2274 aiebant,
753 2207 1030 2265 animales
1062 2207 1312 2277 quidem,
1345 2219 1444 2260 seu
1479 2203 1747 2274 physicos
1778 2202 2043 2258 homines
2073 2216 2347 2257 sensuum
2380 2216 2552 2271 opera
2585 2203 2818 2258 credere
2841 2220 2884 2256 ε-
2907 2202 3230 2273 spirituales
3281 2220 3412 2261 vero
3455 2221 3545 2276 per
3589 2187 3810 2272 rationem:

481 2303 563 2358 Ita
593 2298 862 2356 Heracleo
888 2295 1204 2366 explicabat
1235 2293 1427 2349 locum
1459 2292 1622 2347 illum
1655 2307 1723 2347 ex
1750 2290 1986 2346 Joannis
2020 2290 2334 2361 Evangelia
2369 2290 2414 2326 ¹⁰
2441 2307 2453 2344 :
2487 2289 2613 2346 Nisi
2641 2292 2806 2362 signa
2857 2295 2903 2346 et
2949 2293 3210 2366 prodigia
3257 2293 3533 2360 videritis,
3561 2312 3656 2349 non
3688 2295 3812 2351 crede

481 2392 571 2447 tis.
605 2387 739 2451 Quae
769 2384 976 2442 Christi
1011 2382 1200 2453 verba,
1230 2381 1413 2437 aiebat
1455 2377 1743 2447 Heracleo,
1776 2379 1886 2434 diei
1921 2378 2148 2449 proprie
2195 2378 2262 2432 ad
2315 2393 2411 2434 eos
2460 2378 2558 2449 qni
2611 2394 2707 2449 per
2755 2395 2925 2450 opera
2977 2389 3030 2436 et
3079 2397 3279 2438 sensus
3341 2387 3592 2439 naturam
3635 2381 3812 2437 habeant

479 2478 804 2547 obediendi,
838 2490 956 2532 non
986 2483 1175 2531 autem
1205 2471 1474 2530 credendi
1508 2487 1608 2543 per
1638 2471 1936 2527 rationem.
1972 2469 2163 2525 Refert
2199 2468 2320 2525 haec
2350 2469 2625 2540 Origenes
2674 2473 3127 2529 Euan-alienum
3165 2475 3226 2530 in
3272 2475 3507 2531 Joannis
3536 2473 3812 2542 Evangelium

481 2578 634 2626 torno
662 2583 787 2638 xm,
820 2564 916 2622 ubi
947 2571 1000 2621 et
1033 2564 1258 2632 refutat,
1288 2562 1563 2633 docetque
1621 2567 1734 2616 tam
1782 2558 2102 2630 Spirituales
2142 2573 2310 2630 quam
2349 2557 2627 2615 animales
2655 2575 2770 2616 non
2819 2577 2984 2632 posse
3050 2563 3166 2620 nisi
3217 2579 3320 2635 per
3371 2579 3589 2620 sensum
3633 2563 3811 2619 credere.

480 2660 614 2718 Haec
643 2653 916 2718 Valesius.

1529 2793 1560 2866 §
1589 2793 1724 2852 XVI.
1759 2792 1834 2848 De
1864 2791 2004 2848 libro
2035 2789 2164 2865 Περὶ
2196 2792 2383 2864 ψυχῆς
2411 2791 2500 2844 καὶ
2534 2791 2810 2864 σώματος.

555 2942 801 3002 Proximi
836 2940 1020 2999 libelli
1054 2954 1220 3012 quem
1282 2934 1674 3004 lustrabimus,
1725 2935 1920 2991 titulus
1967 2941 2096 2992 est:

2236 2933 2280 3007 si
2326 2935 2514 3008 ψυχῆς
2561 2933 2652 2989 καί
2712 2935 2988 3010 σώματος,
3023 2941 3098 2994 De
3146 2940 3344 2995 anima
3389 2942 3438 2996 et
3475 2954 3670 3011 corpore
3709 2936 3816 2992 liber.

489 3036 596 3094 Hic
625 3040 756 3089 ante
787 3031 984 3088 omnia
1015 3029 1153 3085 ratio
1184 3027 1327 3083 mihi
1357 3025 1645 3082 reddenda
1672 3031 1774 3090 est,
1808 3039 1981 3096 quare
2011 3025 2068 3080 in
2102 3024 2417 3080 exhibendo
2443 3026 2608 3094 hujus
2641 3027 2772 3082 libri
2804 3027 2967 3084 titulo
2994 3046 3026 3084 a
3057 3029 3302 3085 lectione
3361 3026 3659 3097 communi,
3701 3041 3818 3098 quam

479 3123 739 3180 Valesius
769 3127 823 3176 et
869 3119 1194 3188 Iteadingus
1240 3115 1503 3186 probant,
1556 3113 1883 3169 recesserim
1935 3113 2059 3184 paul

2242 3155 2254 3168 .
2309 3113 2390 3168 Ila
2441 3123 2632 3171 autem
2690 3115 2781 3170 isti
2837 3116 3079 3187 legunt:
3133 3117 3237 3172 Καὶ
3297 3117 3439 3191 πρὸς
3475 3111 3819 3183 τούτοιςὸπερὶ

485 3211 674 3292 ψυχῆς
719 3210 809 3265 καὶ
858 3208 1110 3281 σώματος
1139 3201 1174 3273 ἤ
1215 3203 1358 3265 νοός.
1420 3206 1708 3260 Praeterea
1766 3203 1908 3258 liber
1965 3202 2030 3258 de

2239 3220 2302 3269 ια,
2363 3219 2584 3274 corpore
2623 3213 2676 3261 et
2721 3210 2915 3272 mente,
2972 3223 3037 3262 ac
3095 3207 3146 3262 si
3195 3207 3396 3263 Melito
3454 3207 3514 3263 in
3570 3207 3662 3263 hoc
3704 3218 3819 3276 opere

486 3306 556 3362 de
586 3302 765 3363 tribus
799 3297 1050 3356 hominis
1080 3294 1331 3366 partibus
1389 3291 1730 3362 esposuerit,
1785 3291 2094 3362 animaque
2144 3293 2386 3362 cogitata
2443 3309 2543 3347 sua
2593 3293 2908 3362 protulerit.
2962 3295 3121 3350 Hanc
3178 3311 3546 3352 communem
3597 3293 3820 3350 lectionem

488 3396 736 3470 probant
765 3391 990 3448 codices
1019 3385 1357 3451 Mazarinus,
1389 3382 1692 3439 Medicaeus
1720 3399 1787 3438 ac
1819 3381 2191 3437 Fuketianus.
2225 3383 2494 3440 Eamdem
2529 3399 2750 3454 quoque
2789 3385 3131 3441 conﬁrmare
3175 3386 3403 3442 videtur
3455 3385 3653 3442 Bullini
3694 3383 3819 3440 inter-

488 3482 750 3556 pretatio,
784 3495 906 3551 quae
938 3478 1013 3532 ita
1045 3474 1242 3530 habet:
1281 3477 1356 3529 De
1393 3472 1666 3528 sensibus.
1698 3473 1770 3528 De
1817 3473 2030 3539 anima,
2075 3479 2128 3527 et
2165 3487 2393 3542 corpore
2435 3481 2486 3527 et
2534 3475 2728 3529 mente.
2779 3474 2853 3530 De
2901 3475 3140 3542 lavacro,
3185 3480 3295 3533 etc.
3352 3477 3418 3531 In
3469 3477 3649 3532 eodem
3691 3480 3820 3527 tamen

489 3571 700 3632 Ruﬂini
735 3570 1004 3625 librorum
1039 3563 1534 3620 Melitonianorum
1568 3561 1844 3628 indiculo,
1880 3561 2074 3631 paucis
2109 3561 2418 3631 intcrjeetis
2447 3561 2594 3631 aliis,
2627 3564 2863 3620 recurrit
2893 3565 3084 3621 denuo
3130 3565 3393 3637 ejusdem
3444 3566 3621 3637 operis
3664 3559 3821 3625 titulus,

491 3663 598 3719 hac
624 3661 836 3717 forma:
875 3661 952 3712 De
981 3655 1173 3710 anima
1195 3657 1244 3708 et
1275 3666 1522 3724 corpore,
1555 3650 1631 3704 ita
1663 3655 1725 3705 ut
1756 3665 1953 3720 parum
1985 3651 2222 3707 omnino
2263 3650 2509 3720 praesidii
2551 3667 2615 3706 cx
2660 3651 2866 3708 Btﬂini
2923 3653 3395 3725 interpretatione
3443 3653 3674 3711 inveniat
3715 3665 3819 3706 com-

493 3750 684 3808 munis
702 3746 894 3804 lectio.
928 3743 1176 3800 Prohant
1208 3749 1396 3796 tamen
1427 3739 1684 3795 eamdem
1717 3738 2058 3795 recentiores
2089 3739 2202 3794 fere
2239 3755 2459 3804 omnes,
2500 3739 2920 3809 Tiltemontius,
2966 3747 3094 3799 Nat.
3138 3743 3461 3800 Alexander
3495 3744 3590 3816 (6),
3618 3739 3818 3811 Dupinius

491 3845 700 3897 Caveus
731 3837 831 3908 (7),
863 3831 1254 3899 Benthemius,
1286 3830 1603 3886 Lardnerus
1633 3829 1737 3900 (8),
1761 3828 2072 3883 Bollandus
2101 3828 2199 3899 (9),
2233 3827 2492 3899 aliisque,
2548 3838 2743 3899 praeter
2783 3832 3019 3888 unicum
3073 3833 3214 3888 forte
3265 3833 3628 3898 Halloixium,
3665 3829 3739 3898 qui
3773 3829 3820 3880 ita

491 3930 625 4002 legit
653 3936 707 3984 et
765 3922 1061 3982 distinxit:
1122 3919 1226 3975 Καὶ
1284 3918 1423 3989 πρὸς
1480 3915 1752 3977 τούτοιςὸ
1803 3913 1927 3988 περὶ
1987 3917 2071 3991 qm:

2240 3915 2328 3969 καὶ
2391 3916 2644 3988 σώματος
2683 3917 2769 3987 ἦν.
2827 3919 2920 3976 Ἐν
2972 3921 3054 3982 οἷς
3113 3919 3204 3974 καὶ
3235 3920 3262 3974 ὁ
3296 3920 3425 3996 περὶ
3483 3919 3709 3992 λουτροῦ.
3751 3913 3819 3970 Sed

490 4018 753 4088 displicet
780 4014 968 4068 adhuc
998 4007 1407 4080 interpunctio.
1445 4006 1692 4062 Omnino
1724 4006 1895 4076 igitur
1928 4005 2072 4061 iacio
2103 4006 2335 4076 quidem
2367 4023 2497 4062 cum
2529 4009 2726 4065 codice
2754 4010 2943 4079 Regio,
2996 4011 3094 4082 qui
3139 4011 3370 4067 Valesio
3425 4019 3575 4078 teste,
3622 4011 3686 4064 ita
3723 4004 3823 4071 legit.

490 4112 556 4163 ut
584 4102 896 4161 Halloixius
927 4098 1186 4155 exhibuit
1215 4117 1228 4166 ;
1270 4105 1354 4152 ast
1387 4095 1614 4150 mallem
1646 4093 2033 4150 distinctionis
2057 4096 2284 4164 signum
2316 4112 2524 4165 ponere
2557 4106 2676 4166 post
2705 4099 2938 4154 verbum
2983 4099 3264 4170 σώματος,
3318 4101 3475 4156 hunc
3527 4101 3579 4154 in
3625 4096 3823 4152 modum:

491 4194 590 4249 Καὶ
639 4191 774 4265 πρὸς
820 4188 1038 4248 τούτοις
1092 4187 1119 4239 ὁ
1167 4185 1292 4259 περὶ
1341 4185 1528 4257 ψυχῆς
1575 4182 1664 4236 καὶ
1711 4183 1988 4255 σώματος.
2041 4185 2142 4236 Ἢν
2190 4180 2240 4236 ἐν
2289 4183 2373 4244 οἷς
2431 4183 2520 4238 καὶ
2553 4185 2580 4239 ὁ
2611 4187 2731 4258 περὶ
2794 4185 3050 4261 λουτροῦ,
3112 4189 3189 4244 ita
3250 4196 3309 4243 ut
3368 4207 3403 4245 a
3459 4188 3632 4244 verbis
3682 4185 3756 4236 Ἦν
3796 4175 3824 4230 ἐν

494 4284 580 4345 οἷς
613 4285 700 4355 (ex
731 4280 959 4353 quibus,
991 4293 1088 4349 per
1137 4275 1496 4332 librariorum
1547 4273 1932 4338 oscitantiam,
1979 4273 2146 4330 facile
2194 4274 2392 4331 enasci
2435 4276 2615 4346 potuit
2671 4277 2866 4346 altera,
2923 4294 3092 4348 quam
3145 4277 3462 4349 rejicimus,
3509 4268 3826 4339 ιθοῑίοῆνοόί)

492 4371 741 4432 ordiatur
772 4384 914 4424 nova
947 4365 1228 4436 periodus,
1261 4364 1322 4418 in
1355 4379 1463 4433 qua
1493 4360 1701 4432 reliqui
1736 4360 2026 4416 Melitonis
2073 4370 2438 4418 recensentur
2487 4363 2634 4419 libri.
2696 4364 2855 4421 Hanc
2905 4382 3087 4421 meam
3138 4367 3599 4422 emendationem
3641 4356 3827 4416 suifulcit

494 4460 716 4534 egregie
773 4455 1148 4526 Nicephorus,
1208 4451 1302 4522 qui
1358 4450 1435 4506 ita
1491 4447 1698 4504 habet:
1756 4446 1882 4534 Ἐπὶ
1941 4443 2007 4515 δὴ
2068 4471 2074 4483 ι

2244 4469 2305 4517 ις,
2358 4450 2385 4504 δ
2443 4451 2567 4524 περὶ
2621 4454 2806 4527 ψυχῆς
2866 4451 3010 4524 αὐτῷ
3065 4454 3153 4508 καὶ
3212 4453 3471 4525 σώματος
3525 4446 3824 4517 narremus”:

497 4533 662 4606 ἒάτίν.
696 4549 783 4602 Ἐν
819 4544 901 4605 οἷς
929 4543 1016 4598 καὶ
1051 4541 1078 4594 ὁ
1110 4539 1234 4616 περῖ
1266 4536 1525 4612 λουτροῦ,
1567 4557 1618 4592 κ.
1651 4557 1701 4592 τ.
1754 4533 1808 4591 λ.
1861 4539 2072 4610 Cumqu

2245 4547 2427 4596 nterea
2486 4542 2884 4613 Hieronymus,
2950 4545 3233 4601 Honorius
3286 4537 3760 4616 Augustodunensis
3794 4540 3825 4585 et

498 4638 852 4698 Trithemius
881 4631 1143 4692 unanimi
1173 4645 1457 4690 consensu
1492 4629 1736 4699 tradant,
1770 4627 2096 4685 Mclitonem
2130 4634 2210 4686 De
2259 4629 2450 4686 anima
2494 4641 2544 4688 et
2583 4648 2806 4705 corpore
2854 4634 3060 4690 librum
3109 4651 3283 4690 unum
3321 4633 3627 4704 scripsisse,
3663 4635 3822 4700 prorsus

572 4755 614 4792 ¹⁰
643 4770 766 4827 cap.
803 4769 876 4822 ιν,
912 4751 998 4807 48.

565 4883 643 4956 (ll)
672 4881 1000 4956 Tillemont.
1033 4878 1106 4956 in.
1141 4891 1346 4947 opere:
1396 4873 1677 4956 bfemoires
1716 4889 1860 4956 ieeur
1895 4875 2071 4956 ser-vir
2098 4878 2134 4926 ά
2243 4875 2477 4956 inlitulé
2541 4878 2631 4956 l_)e_
2677 4877 3029 4956 t’obeissnnce
3080 4876 3202 4956 cies
3229 4893 3353 4933 sens
3383 4876 3507 4956 aia
3559 4874 3649 4942 rei,
3696 4872 3824 4956 centre

496 4942 757 5029 l‘hisioire
795 4942 1394 5029 ecclesiastiqueutom.
1433 4945 1502 5010 ll,
1530 4961 1680 5029 “pag:
1909 4946 2133 5000 titulum
2248 4948 2521 5029 quelques
2557 4950 2902 5021 heretiques,
2937 4949 3032 5022 qui
3063 4949 3326 5016 disaieut,
3362 4948 3531 5019 qu'on
3572 4942 3823 5014 croyaitpu

495 5029 666 5100 hujus
697 5024 932 5100 lib_ri_ita
959 5015 1443 5100 reddiditoGa'llice
1473 5033 1485 5071 :
1512 5015 1995 5100 'De‘l'ooeiss'nnce.
2033 5032 2139 5100 que
2249 5015 2513 5100 tesseris.
2556 5042 2609 5075 ››.

499 5079 1030 5157 t—es'sensdoiventd
1059 5091 1114 5144 la
1141 5090 1245 5161 rei.
1281 5088 1450 5162 Henr:
1511 5087 1791 5162 Lud_olph.
1842 5079 2138 5162 Bentheim
2323 5091 2400 5162 (6)
2437 5092 2561 5149 Nat.
2609 5091 2764 5148 Alex.
2823 5093 2883 5148 in
2947 5093 3084 5148 Hist.
3143 5092 3332 5149 εσσιεε,
3400 5093 3609 5146 Vereri:
3659 5079 3823 5148 Nonii“

492 5187 647 5234 vero.
706 5169 766 5224 in
831 5158 1165 5232 Vorstetlung
1219 5160 1332 5216 und
1416 5159 1783 5234 Beteacntung
1838 5158 1937 5212 der
1992 5159 2144 5214 altera
2257 5158 2488 5218 Testem.
2523 5170 2660 5220 tom.
2697 5164 2800 5230 ΙΙΙ,
2834 5180 2960 5234 pag.
2995 5164 3126 5217 297.
3648 5228 3657 5234 _
3715 5223 3724 5232 ,
3773 5219 3795 5234 υ

493 5223 983 5311 Κῦοὲῖιεήοιεὴνθιζ,
1017 5223 1155 5311 ι)υεῖ
1174 5234 1265 5300 71,
1290 5231 1696 5311 commodenim
1735 5223 1987 5311 linguam
2041 5247 2142 5311 ῃο.
2325 5235 2400 5304 (7)
2431 5235 2574 5311 ρπϐ
2604 5237 2662 5292 in
2697 5223 2849 5292 HM.
2885 5223 3129 5292 [meram
3189 5234 3519 5306 scriptorum
3560 5223 3824 5287 “dmum.

493 5299 666 5371 stram
699 5299 1061 5366 vernaculam
1093 5299 1173 5361 ita
1201 5302 1489 5360 transtulit
1525 5317 1539 5355 :
1577 5301 1696 5358 Und
1725 5299 1846 5355 eius
1877 5317 1993 5356 vom
2023 5303 2146 5358 dem
2258 5299 2390 5376 pag.
2418 5307 2504 5360 42.
3299 5299 3309 5306 ’
3721 5368 3729 5376 _
3771 5358 3810 5376 ﬂ.

497 5361 1100 5455 Eidu-liensibeiiorsam
1129 5377 1661 5455 der__Sinne_m.M_H
1942 5443 1955 5455 _
2258 5361 2275 5376 ’
2331 5361 2410 5448 (8)
2447 5378 2688 5433 Lardner
2728 5382 2785 5435 in
2810 5381 2903 5455 (ut?
2941 5379 3264 5455 credib-ituy
3311 5383 3366 5449 ο)
3401 5377 3510 5455 ﬂe
3556 5368 3729 5443 caspe!
3766 5361 3825 5415 Ηί-

567 5457 644 5529 (5)
677 5455 885 5529 Dupin.
908 5452 1188 5529 in_opere:
1223 5446 1482 5529 Nou_velle
1514 5443 1893 5529 Bio‘liothcque
1922 5443 2147 5529 ἀθερίξ-
2258 5443 2606 5529 δισίω-ρξξιςί.
2640 5467 2703 5529 ir,
2736 5452 2845 5529 vol.
2880 5454 3085 5529 I,_cap.
3119 5452 3206 5517 15,
3232 5443 3363 5520 pag.
3397 5449 3520 5504 329.
3715 5511 3729 5529 Α
3792 5503 3797 5529 ἒ

491 5501 643 5585 “ea:
667 5501 1288 5595 ᾱξῑέέέειέξῖᾱᾱρῑς-,τιτοίηί
1329 5501 1532 5595 ξςρειε.
1560 5518 1652 5582 6‘3,
1685 5501 1814 5595 ηρις
1835 5518 1906 5570 6:
1943 5538 1970 5565 «
2001 5517 2148 5573 Mais
2262 5501 2756 5595 “(senatus
2776 5501 2851 5580 3;;
2880 5501 3661 5588 ‘ias'.a;.'.e;;..n',*mens.
3704 5501 3825 5578 Apru-

490 5601 534 5655 il
563 5606 647 5656 est
676 5599 804 5667 plus
837 5589 1102 5666 probable
1149 5609 1256 5666 que
1303 5589 1486 5649 c’était
1537 5603 1616 5644 un
1663 5589 1848 5645 meme
1891 5603 2138 5661 ouvrage
2269 5589 2394 5650 vol.
2420 5594 2463 5661 Ι,
2499 5593 2594 5649 fol.
2629 5594 2714 5649 11,
