4026 6214
165 359 326 422 1197
367 361 373 368 ’
1002 356 1345 420 NOTlTIA.
1392 389 1464 403 --
1511 357 1589 420 II.
1637 358 1735 419 DE

1992 359 2126 422 ’TlS
2173 361 2235 423 S.
2284 360 2736 425 MELITONIS.
3426 369 3582 432 1198

159 491 408 551 omnino
439 507 558 548 non
590 489 769 557 video,
801 505 975 562 quare
999 489 1239 546 alteram
1271 489 1539 561 praeferre
1568 489 1809 546 velimus
1867 491 2192 560 lectionem,
2226 510 2351 565 quae
2380 494 2612 566 insuper
2645 497 2706 552 in
2728 497 2932 553 mendo
2963 497 3408 574 adhucjaceret,
3442 521 3577 562 nam

182 598 307 640 non
331 582 556 638 deberet
588 596 716 636 esse
743 584 803 650 ἤ,
833 580 926 636 sed
957 578 1046 632 καὶ
1081 579 1204 632 νοός·
1295 587 1355 628 nt
1409 586 1557 636 recte
1614 579 1772 635 obser

2001 581 2316 638 Whistonus
2371 584 2506 656 (10).
2565 585 2918 656 Οωιθιιοίιυὶιι
2967 587 3148 644 eidem
3207 592 3591 652 eruditissimo

168 673 366 742 Anglo
394 673 578 726 dicam
623 687 636 726 :
671 685 800 726 cum
834 669 891 725 S.
931 669 995 723 It.
1027 669 1234 725 Woltto
1265 668 1680 740 \n,uoluerim
1703 669 1966 731 scribere,
2001 671 2126 727 ideo
2157 674 2307 742 quod
2363 674 2642 743 triplicem
2693 676 2856 730 istam
2918 675 3167 733 hominis
3221 679 3595 758 divisionem,

175 778 354 833 quam
383 770 569 816 tamen
603 776 710 817 nec
740 759 862 831 ipse
893 759 1111 828 probat,
1138 760 1284 814 inter
1312 758 1688 827 Christianos,
1725 759 1820 828 qui
1853 759 2059 814 sarculo
2092 760 2272 829 primo
2303 771 2356 817 et
2387 767 2638 819 secundo
2671 765 2926 832 vixerint,
2968 765 3284 823 obtinuisse
3331 782 3539 827 asserat
3571 793 3586 840 ;

176 850 600 922 licetcamdem
636 865 700 904 ex
729 847 1190 905 Melitonislibro
1225 848 1451 920 probari
1512 863 1696 916 posse,
1753 853 2076 902 constanter
2136 863 2354 918 negem.
2415 852 2707 908 Platonica
2764 869 2899 908 sane
2949 855 3307 926 philosophia
3366 867 3584 916 mature

184 939 324 994 satis
355 957 385 993 a
416 937 682 992 Patribus
714 938 821 993 fuit
848 938 1112 1008 adoptata
1139 938 1630 1006 ;Platonicamque
1663 937 1808 990 hanc
1842 935 2092 990 hominis
2123 937 2458 994 divisionem
2490 941 2711 995 admisit
2743 943 2974 1011 jamjam
3002 943 3173 1000 Philo
3204 945 3338 1017 (12),
3378 963 3446 1004 ex
3476 965 3589 1021 quo

177 1027 379 1083 Patres
411 1027 666 1099 primatvi
697 1027 814 1083 fere
844 1043 1042 1082 omnes
1069 1027 1315 1097 sapiunt.
1339 1025 1588 1081 Irenmus
1618 1025 1730 1098 (13)
1759 1029 1912 1081 certe
1936 1025 2321 1082 disertissimis
2355 1028 2538 1083 verbis
2569 1029 2747 1084 dixit:
2804 1054 2830 1078 ‹‹
2881 1031 3008 1086 Tria
3067 1041 3199 1089 sunt
3256 1050 3323 1090 ex
3384 1038 3588 1107 quibus

180 1118 471 1188 perfectus
505 1117 675 1172 homo
707 1123 945 1182 constat,
980 1133 1171 1185 carne,
1205 1116 1420 1185 anima,
1451 1116 1670 1184 spiritu.
1707 1137 1734 1164 »
1769 1115 2081 1183 nationem,
2116 1131 2284 1185 quare
2316 1117 2503 1173 forsan
2539 1118 2629 1174 hic
2671 1119 2950 1175 Melitonis
3008 1121 3150 1178 liber
3197 1123 3284 1179 vel
3338 1127 3587 1197 perierit,

177 1205 271 1262 vel
305 1221 640 1278 suppressus
669 1206 858 1272 fuerit,
892 1220 1005 1261 non
1040 1205 1203 1273 meis,
1231 1206 1325 1260 sed
1347 1205 1646 1260 clarissimi
1678 1204 1914 1259 editoris
1945 1203 2215 1273 Nemesii,
2245 1205 2434 1262 verbis
2461 1207 2646 1262 discas
2676 1208 2847 1264 velim
2881 1227 2896 1278 ;
2941 1224 3062 1280 qua:
3119 1228 3194 1267 an
3250 1213 3450 1279 valeat,
3508 1218 3590 1273 uti

178 1295 378 1352 valere
408 1295 627 1350 videtur
653 1295 979 1361 Whistono,
1011 1296 1132 1366 ipse
1157 1294 1465 1365 judicabis,
1495 1294 1768 1350 benevote
1799 1293 1994 1349 lector.
2029 1299 2110 1348 lta
2139 1303 2325 1350 autem
2357 1294 2452 1351 ille
2483 1296 2592 1366 (Μ)
2625 1313 2639 1351 :
2699 1297 3003 1368 Postquam
3053 1300 3210 1356 enim
3253 1302 3590 1372 Apollinarii

183 1391 242 1440 et
271 1384 450 1454 ipsius
481 1386 808 1454 sequacium
840 1385 1239 1440 Dimeritarum
1270 1383 1552 1440 increbuit
1575 1383 1804 1452 dogma,
1845 1383 1941 1453 qui
1972 1375 2274 1439 Dominum
2308 1392 2563 1439 nostrum
2595 1402 2664 1440 ex
2696 1385 2874 1440 tribus
2926 1388 3184 1457 partibus
3222 1391 3590 1449 constitutum
3620 1440 3622 1442 ,

180 1471 536 1540 asserebant,
572 1470 625 1525 ἐν
658 1471 874 1544 σαρκὸς,
904 1471 993 1526 καὶ
1025 1475 1234 1546 ψυχῆς,
1268 1470 1357 1524 καὶ
1388 1471 1643 1540 Θεὸτητος
1674 1469 1769 1524 ἀντ

1999 1467 2070 1529 v3.
2107 1472 2430 1543 (Epiphanii
2461 1483 2589 1529 sunt
2631 1473 2820 1542 verba,
2866 1492 2992 1546 pag.
3028 1478 3208 1547 1016),
3241 1494 3353 1548 quo
3385 1483 3589 1538 certius

170 1576 276 1617 eos
309 1561 674 1632 profligarent
704 1560 1024 1628 orthodoxi,
1059 1561 1330 1631 deinceps
1361 1569 1595 1631 receptae
1627 1560 1788 1631 prius
1815 1561 2108 1615 sententia:
2135 1560 2204 1615 de
2239 1560 2415 1617 tribus
2463 1562 2668 1617 animae
2709 1563 2965 1632 partibus
3021 1564 3428 1636 valedixerunt,
3461 1568 3589 1625 licet

175 1650 252 1705 ab
279 1650 535 1720 Apostoli
567 1649 780 1718 verbis,
813 1651 833 1705 Ι
863 1651 1060 1706 Thess.
1093 1667 1146 1715 ν,
1177 1649 1269 1716 23,
1294 1649 1718 1705 ﬁrmamentum
1754 1648 1860 1703 sibi
1892 1665 2151 1717 arrogare
2214 1649 2464 1705 videatur
2499 1670 2514 1718 ;
2570 1659 2621 1706 et
2667 1651 2896 1707 demum
2960 1652 3235 1710 hazrc-seos
3291 1656 3586 1724 cujusdam

173 1740 326 1810 apud
358 1745 610 1810 posteros
640 1739 1050 1807 arcessebatur,
1085 1739 1339 1794 animam
1371 1757 1403 1794 a
1436 1738 1638 1810 spiritu
1667 1753 1963 1793 secernere
2001 1754 2014 1791 :
2047 1737 2222 1793 simili
2274 1737 2439 1808 plane
2487 1739 2629 1810 lege,
2687 1756 2800 1810 qua
2856 1741 3060 1797 mers-io
3116 1741 3176 1798 in
3230 1743 3586 1816 baptismate,

178 1844 341 1885 nunc
373 1829 543 1893 trina,
575 1830 706 1886 dein
743 1846 876 1899 una,
909 1830 1098 1886 denuo
1129 1836 1180 1884 et
1213 1829 1357 1884 trina
1390 1827 1624 1899 placuit,
1656 1843 1758 1899 pro
1802 1826 2129 1898 dogmatum
2185 1827 2465 1898 varietate,
2521 1845 2646 1898 qua:
2700 1828 3012 1888 Ecclesiam
3065 1830 3305 1890 subinde
3352 1833 3587 1892 lacesse-

179 1917 339 1976 bant.
371 1921 661 1977 Hactenus
691 1920 1034 1977 Cistriensis.

1059 2012 1087 2078 §
1115 2007 1292 2065 XVII.
1324 2009 1397 2062 De
1426 2008 1566 2064 libro
1599 2005 1729 2080 Περῖ
1769 2003 1994 2069 κτίσεως
2017 2005 2106 2059 καὶ
2139 2003 2396 2082 γενέσεως
2428 2010 2693 2082 Χριστοῦ.

253 2115 447 2181 Quoad
485 2113 696 2169 librum
734 2109 1038 2167 undecimo
1070 2107 1173 2164 sub
1206 2107 1368 2163 titulo
1399 2105 1526 2179 Περὶ
1575 2104 1802 2166 κτίσεως

2006 2102 2266 2175 γενέσεως
2296 2106 2555 2180 Χριστοῦ,
2587 2109 2659 2164 De
2715 2109 2933 2166 conditu
2963 2115 3014 2168 et
3043 2111 3390 2184 generatione
3420 2112 3579 2170 Chri-

168 2211 251 2270 sti
283 2206 816 2270 commemoratum,
850 2201 1146 2258 observare
1176 2199 1364 2269 liceat,
1389 2197 1677 2268 vulgarem
1710 2197 2013 2254 lectionem
2055 2199 2112 2254 in
2173 2199 2518 2255 cditionibus
2573 2200 2906 2257 Eusebianis
2961 2220 3103 2273 esse,
3163 2201 3288 2276 Περῖ
3345 2201 3578 2266 πίστεως

169 2300 267 2355 καὶ
299 2293 580 2372 γενέσεως,
612 2307 782 2362 quam
815 2297 869 2345 et
902 2288 1164 2344 Bullinus
1193 2288 1461 2358 sequitur,
1494 2286 1587 2357 qui
1617 2287 1871 2357 insuper,
1903 2294 2098 2342 contra
2130 2287 2308 2342 Graeci
2365 2289 2643 2344 sermonis
2702 2289 2958 2357 formam,
3017 2293 3157 2347 duos
3205 2293 3476 2362 diversos,
3511 2310 3579 2350 ex

171 2391 347 2448 nnico
380 2388 506 2452 hoc,
540 2384 668 2441 fecit
700 2383 897 2438 libros.
921 2381 988 2436 ln
1018 2379 1236 2436 codice.
1272 2387 1460 2434 tamen
1495 2377 1725 2442 Mazar.,
1759 2375 1984 2442 Medic.,
2016 2375 2348 2444 Fuketiano,
2383 2385 2432 2432 et
2457 2379 2604 2446 apud
2638 2377 3024 2448 Nicephorum
3059 2381 3259 2451 legitur
3291 2381 3418 2454 Περὶ
3467 2380 3580 2436 κτί-

183 2499 324 2540 σεως
352 2475 441 2532 καὶ
473 2473 736 2551 γενέσεως
773 2472 1036 2543 Χριστοῦ,
1069 2485 1238 2541 quam
1271 2468 1442 2524 etiam
1479 2466 1773 2536 scriptura:

1995 2480 2038 2518 :n
2072 2480 2197 2520 esse
2254 2480 2370 2519 non
2427 2464 2773 2536 dubitamus,
2834 2466 3042 2524 Valesii
3101 2469 3206 2525 hac
3261 2470 3321 2525 in
3367 2486 3426 2527 re
3482 2472 3585 2528 ad-

165 2571 292 2642 juti
322 2564 749 2638 approbatione.
785 2561 1180 2631 Hieronymus,
1210 2566 1283 2624 et,
1316 2557 1411 2626 qui
1442 2556 1689 2627 pressius
1714 2569 1844 2610 cum
1877 2562 1934 2610 ut
1965 2556 2271 2626 plurimum
2303 2567 2638 2628 sequuntur,
2693 2559 2971 2617 Honorius
3025 2569 3194 2633 atque
3243 2563 3590 2620 Trithemius

169 2675 292 2716 uno
329 2678 352 2708 ι
384 2653 766 2728 generationis
799 2673 828 2701 »
861 2648 1134 2706 vocabulo
1155 2645 1434 2712 contenti,
1465 2645 1526 2700 in
1557 2644 1752 2700 Latina
1780 2643 2244 2713 interpretatione
2273 2660 2464 2700 vocem
2494 2644 2721 2706 κτίσεως
2773 2651 3280 2719 praetermiserunt,
3324 2657 3592 2720 tanquam

167 2749 482 2811 duriorem,
513 2743 673 2800 veriti
705 2744 830 2796 sine
858 2738 1052 2804 dubio,
1090 2753 1162 2793 ne
1200 2737 1487 2792 Christum
1516 2734 1580 2790 in
1608 2734 1869 2790 ordinem
1921 2739 2308 2788 creaturarum
2367 2735 2664 2791 detrudere
2722 2737 3064 2793 viderentur.
3127 2739 3385 2794 Attamen
3436 2739 3589 2797 hunc

167 2853 422 2896 errorem
447 2851 563 2891 non
586 2833 798 2889 erravit
825 2829 1039 2896 Melite,
1072 2825 1363 2883 incautius
1404 2823 1671 2880 nonnihil
1703 2827 1835 2878 ante
1875 2828 2066 2878 notam
2124 2824 2570 2880 controversiam
2620 2825 2846 2882 locutus
2880 2843 2892 2881 :
2926 2827 3117 2883 Patres
3173 2828 3326 2884 enim
3375 2831 3591 2901 synodo

175 2929 414 2988 Nicena
442 2925 752 2982 anteriores
780 2936 972 2978 vocem
1003 2917 1233 2978 κτίσεως
1262 2917 1645 2972 adhibuerunt
1697 2929 1815 2970 non
1837 2914 2006 2968 modo
2036 2913 2105 2967 de
2135 2912 2424 2969 creatione
2449 2929 2514 2969 ex
2557 2913 2763 2984 nihilo,
2788 2931 2977 2971 verum
3001 2916 3170 2971 etiam
3201 2917 3270 2972 de
3300 2918 3459 2973 omni
3490 2933 3591 2990 ge-

174 3034 316 3074 nere
338 3011 749 3088 productionis,
781 3011 1013 3081 ipsaque
1040 3008 1184 3062 adeo
1233 3005 1600 3077 generatione
1655 3004 1752 3056 τοῦ
1810 3000 1988 3074 Λόγου
2044 3009 2254 3057 aeterna
2283 3010 2337 3057 et
2367 3003 2736 3059 ceconomica.
2797 3009 2916 3060 Hoc
2937 3005 3113 3074 igitur
3142 3013 3194 3061 et
3225 3006 3482 3062 Melitoni
3530 3007 3593 3064 in

176 3123 349 3165 causa
375 3104 500 3170 fuit,
530 3117 702 3172 quare
733 3100 791 3154 in
823 3098 986 3154 titulo
1019 3096 1170 3163 libri,
1204 3095 1262 3150 in
1295 3110 1405 3166 quo
1438 3094 1508 3148 de
1547 3101 1754 3148 aeterna
1786 3092 2017 3157 Christi,
2049 3092 2282 3161 ejusque
2311 3091 2370 3146 in
2404 3101 2652 3162 tempore
2693 3109 2760 3148 ex
2818 3093 3012 3162 Maria,
3045 3096 3408 3163 generatione
3438 3096 3590 3151 edis-

177 3194 383 3260 seruit,
412 3191 613 3248 durius
651 3187 988 3246 vocabulum
1039 3184 1384 3250 adhibuerit,
1443 3189 1698 3252 respectu
1751 3179 1945 3249 procul
1993 3179 2165 3235 dubio
2225 3179 2417 3234 habito
2475 3182 2544 3235 ad
2593 3180 2754 3247 illud,
2791 3181 3051 3238 Proverb.
3104 3200 3202 3252 vn,
3233 3185 3304 3238 22
3335 3201 3348 3239 :
3385 3181 3586 3259 Κύριος

173 3277 352 3338 ἔκτισέ
387 3300 453 3352 με
481 3278 660 3351 ἀρχὴν
683 3273 822 3330 ὁδῶν
852 3273 1039 3343 αὐτού,
1103 3281 1160 3328 ut
1219 3273 1432 3328 Caveus
1485 3270 1720 3340 conjicit

1997 3286 2032 3324 r.
2091 3269 2253 3324 Hunc
2307 3269 2460 3324 enim
2493 3269 2704 3336 locum,
2739 3285 2870 3326 cum
2900 3271 3029 3326 aliis
3059 3273 3359 3343 ejusmodi,
3391 3273 3460 3328 de
3487 3289 3587 3343 ge-

173 3373 472 3430 neratione
497 3370 606 3425 ista
635 3371 847 3424 mterna
877 3371 1258 3436 exposuerunt
1285 3363 1474 3418 Patres
1507 3358 1886 3416 Antenicaeni.
1919 3359 2075 3414 Nihil
2107 3359 2276 3430 igitur
2325 3358 2570 3415 lucralur
2603 3359 2937 3417 Wbislonus
2966 3363 3097 3433 (15),
3127 3364 3351 3432 quando
3381 3377 3446 3416 ex
3480 3363 3587 3419 hoc

167 3467 462 3525 Melitonis
494 3464 637 3520 libro
669 3463 875 3518 Ariano
907 3476 1008 3516 suo
1039 3459 1312 3530 dogmati,
1344 3456 1629 3513 Christum
1661 3462 1792 3510 ante
1854 3450 2035 3523 posita
2068 3450 2266 3506 mundi
2322 3450 2691 3506 fundamenta
2721 3460 2973 3509 creatum
3002 3452 3173 3510 fuisse
3205 3469 3236 3510 a
3257 3453 3373 3510 Deo
3397 3458 3582 3523 Patre,

168 3556 500 3630 praesidium
531 3553 754 3626 qumrit.

1317 3647 1562 3720 ΞΧνΙιΙ.
1605 3648 1678 3701 De
1731 3645 1869 3699 libro
1915 3641 2045 3714 Περὶ
2083 3637 2442 3716 πρὸφητεὶας.

241 3755 350 3824 Qui
381 3753 636 3826 sequitur
666 3751 924 3824 proximo
950 3750 1076 3806 loco
1108 3748 1271 3814 liber,
1313 3744 1486 3820 Λόγος
1515 3746 1682 3798 αὐτοῦ
1717 3741 1831 3814 ιιερτ

1992 3737 2239 3817 φητείας,
2286 3745 2371 3826 est
2408 3753 2575 3807 quem
2633 3739 2896 3795 Rufﬁnus
2955 3755 3087 3797 cum
3143 3742 3328 3798 verbis
3385 3751 3581 3813 poste-

173 3845 426 3903 rioribus
455 3825 708 3915 proxime
739 3837 1134 3898 antecedentis
1167 3837 1297 3892 libri
1328 3835 1623 3908 conjunxit
1649 3834 1753 3890 hoc
1785 3831 1951 3887 modo
1986 3845 1999 3884 :
2027 3830 2098 3883 De
2125 3825 2478 3898 generatione
2510 3827 2715 3883 Christi
2737 3836 2791 3884 et
2836 3830 3124 3902 praphetia
3154 3832 3292 3900 eius,
3326 3847 3391 3888 ac
3439 3832 3485 3886 si
3517 3833 3586 3888 de

175 3934 379 4006 Optimi
411 3932 721 3989 Servatoris
752 3945 987 3986 munere
1021 3928 1348 4000 prophetico
1375 3925 1728 3997 exposuisset
1755 3922 1814 3977 in
1846 3919 2068 3977 eodem.
2129 3919 2294 3972 Juxta
2351 3917 2755 3986 Hieronymum
2784 3935 2948 3990 quem
2985 3928 3037 3976 et
3062 3921 3587 3991 Augustodunensis

179 4004 459 4096 sequitur,
484 4021 651 4078 verba
681 4021 856 4092 hujus
887 4018 1036 4075 tituli
1077 4018 1151 4072 ita
1183 4017 1498 4072 ordinanda
1549 4015 1731 4069 (orent
1766 4030 1769 4065 :

1997 4030 2020 4071 ς
2074 4007 2199 4081 περὶ
2256 4013 2360 4074 τῆς
2419 4004 2582 4060 αὐτοῦ
2636 4008 2995 4082 προφητείας,
3055 4011 3131 4066 ila
3187 4010 3341 4065 enim
3372 4011 3579 4074 vertit;

157 4117 296 4170 Item
331 4112 395 4169 de
412 4110 707 4184 praphetta
736 4127 836 4166 sua
867 4109 1079 4164 librum
1121 4123 1315 4161 unum.
1352 4103 1612 4159 Valesius
1643 4102 1749 4158 hoc
1780 4101 1994 4170 probat,
2031 4099 2123 4154 cui
2155 4105 2343 4152 tamen
2376 4112 2491 4152 non
2540 4097 2854 4166 assentior;
2890 4098 3019 4155 licet
3069 4099 3228 4154 nullo
3284 4101 3450 4155 modo
3485 4116 3582 4155 ve-

163 4205 272 4261 lim
303 4219 528 4274 negare,
562 4200 890 4258 Melitenam
931 4197 1237 4268 prOpbetiaa
1261 4195 1624 4258 charismate,
1682 4192 1830 4261 quod
1882 4187 2163 4260 prioribus
2223 4186 2403 4242 tribus
2426 4194 2735 4257 quatuorve
2767 4187 2991 4243 saeculis
3022 4188 3118 4243 uni
3151 4187 3382 4244 alterive
3411 4187 3577 4244 Chri-

167 4295 485 4350 stianorum
520 4289 1003 4346 communicatum
1064 4285 1249 4342 adhuc
1296 4303 1329 4340 a
1386 4283 1502 4340 Deo
1558 4281 1838 4349 novimus,
1899 4277 2072 4334 fuisse
2102 4283 2462 4332 exornatum.
2495 4277 2654 4330 Certe
2683 4291 2813 4331 eum
2865 4277 3196 4347 prephetam
3235 4295 3268 4332 a
3299 4277 3582 4350 plerisque

173 4382 354 4436 fuisse
386 4377 664 4445 habitum,
696 4379 856 4432 docet
887 4373 1226 4430 Tertulliani
1254 4373 1404 4444 apud
1437 4371 1844 4439 Hieronymum
1878 4367 1992 4438 (16)
2027 4365 2416 4421 testimonium
2452 4381 2464 4420 :
2502 4387 2530 4414 «
2585 4365 2759 4434 llujus
2789 4365 3016 4435 elegans
3046 4372 3098 4422 et
3128 4367 3582 4424 declamatorium

174 4469 477 4542 ingenium
509 4468 747 4523 laudans
772 4465 1154 4521 Tertullianus
1183 4463 1242 4519 in
1273 4469 1488 4534 septem
1523 4459 1700 4528 libris,
1736 4474 1878 4531 quos
1909 4456 2138 4528 scripsit
2170 4457 2440 4513 adversus
2469 4455 2778 4511 Ecclesiam
2823 4472 2923 4526 pro
2957 4457 3253 4526 Montano,
3282 4459 3422 4514 dicit
3451 4474 3584 4514 eum

165 4547 199 4617 a
232 4559 520 4631 plerisque
554 4564 873 4614 nostrorum
905 4555 1235 4625 prophetam
1263 4551 1462 4623 putari.
1502 4574 1523 4602 ι
1575 4549 1676 4606 Ubi
1719 4556 1907 4604 tamen
1939 4547 2202 4604 observes
2234 4544 2488 4610 velim,in
2524 4544 2819 4599 nonnullis
2843 4546 3264 4616 exemplaribus
3296 4563 3393 4616 pro
3427 4569 3456 4597 «
3487 4547 3583 4602 di-

161 4651 262 4721 cit,
300 4671 331 4700 »
365 4648 557 4705 haberi
589 4670 616 4698 ‹‹
649 4645 961 4703 cavillatur.
999 4667 1020 4693 ι
1047 4644 1128 4700 De
1159 4642 1446 4699 Melitonis
1468 4643 1618 4697 dono
1649 4639 1982 4710 prophetico
2011 4636 2229 4700 confer,
2263 4635 2310 4689 si
2347 4633 2610 4700 lubuerit,
2645 4634 3061 4691 dissertationis
3093 4636 3297 4706 prioris
3326 4638 3352 4705 §
3387 4636 3470 4694 12.

1378 4741 1408 4813 §
1461 4740 1610 4794 XIX.
1665 4743 1741 4793 De
1775 4736 1918 4792 libro
1973 4734 2145 4790 clavis
2194 4731 2361 4787 dicto.

231 4847 415 4915 Liber,
442 4846 539 4918 qui
569 4844 632 4900 Ἣ
655 4841 829 4911 κλείς,
866 4841 1054 4897 Clavis
1083 4841 1219 4912 (17),
1242 4838 1592 4904 inscribitur,
1612 4835 1942 4893 continebat
1973 4830 2409 4903 explicationem
2463 4830 2742 4885 variarum
2806 4831 3113 4902 Scriptura
3143 4847 3313 4889 sacrae
3374 4849 3574 4890 vocum

231 4968 746 5044 (IO'iiwhislonjn
777 4967 863 5023 his
887 4967 1167 5040 primitive
1192 4963 1555 5034 Christianity
1580 4961 1812 5029 reviv’d,
1998 4957 2232 5044 (lilileJo.
2284 4953 2502 5044 Alfepllus,
2541 4954 2889 5044 ,Ceisrtgriensis
2934 4955 2992 5011 in
3027 4957 3224 5044 Anglia
3249 4958 3572 5044 episcopus,

156 5027 275 5099 vol.
305 5027 400 5106 iV,
438 5059 558 5110 pag.
593 5042 725 5096 266.
887 5027 897 5040 ’
1268 5107 1275 5110 _
1465 5108 1485 5110 η
1523 5027 1544 5034 ⁷
1659 5103 1718 5110 __
1799 5027 1805 5029 V
1924 5027 2244 5110 erud-itione
2275 5033 2327 5082 et
2359 5027 2506 5107 fama
2539 5027 2786 5110 maxime
2825 5028 3028 5110 clarus,
3053 5029 3122 5110 in
3174 5028 3569 5110 Adnotationi-

228 5097 342 5184 (11)
384 5097 465 5167 Ἰὸ
508 5097 806 5167 ‘disserlat.
867 5113 1060 5181 Σῶμα,
1123 5107 1302 5182 ψυχή,
1362 5108 1592 5177 uva-3pm,
1659 5103 1810 5174 Lips.
1925 5103 2021 5184 bris
2050 5102 2111 5184 in
2155 5097 2485 5180 Nemesium,
2512 5100 2582 5152 de
2612 5103 2818 5152 natura
2849 5099 3110 5168 hominis,
3145 5117 3268 5170 pag.
3301 5101 3335 5154 3
3364 5100 3564 5156 editio-

163 5170 353 5242 ha‘bita
388 5184 547 5249 1732,
584 5202 710 5254 pag.
743 5185 798 5237 7.
967 5170 976 5181 ’
1050 5170 1059 5179 ’
1499 5170 1508 5177 ’
1924 5170 2406 5254 nis_t_)_xo‘niensis.

229 5239 1149 5326 (712)Philo,béjmiindiopiﬁcio,
1186 5251 1284 5306 lib.
1332 5266 1533 5326 ILpag.
1597 5245 1815 5326 1;..ng—
1995 5245 2106 5326 (Isi
2122 5243 2419 5326 )ybiston.
2453 5239 2512 5295 in
2535 5239 2919 5312 hisprimltive
2942 5241 3327 5313 Christianity,
3357 5243 3569 5310 vo|.IV,

153 5315 814 5399 sephfdntiqziitgluda
849 5315 951 5399 lini);
986 5315 1175 5399 i,_cap.
1210 5325 1243 5378 5
1279 5339 1292 5378 :
1345 5315 1592 5399 "Euhoe
1623 5319 1650 5371 ὁ

627 5325 814 5399 ,ληξικ
849 5315 951 5399 lini),-
986 5315 1175 5399 I,_cap.
1210 5325 1243 5378 5
1279 5339 1292 5378 :
1345 5315 1592 5399 ’Έπῖαρε
1623 5319 1650 5371 ὁ
1683 5316 1815 5399 θεὸς

155 5381 250 5472 τὸὶ
285 5381 596 5472 ἂνθρῳπὸν,
630 5397 763 5472 Ἀμοῦν
799 5390 986 5448 λαϐὼν
1019 5381 1136 5448 ἀπὸ.
1161 5399 1260 5462 τῆς
1292 5399 1420 5470 γῆς,
1451 5390 1542 5445 καὶ
1604 5392 1745 5458 πνεῦλ

1925 5381 1942 5387 ’
1995 5381 2106 5472 ea
2143 5386 2521 5472 inenormis:
2555 5383 2778 5472 bearis
2812 5381 3152 5472 ίιξαειιτςθιιεν
3189 5401 3314 5472 φεμ·
3347 5388 3435 5472 es

159 5471 350 5538 ἐνῆκεν
385 5455 559 5539 non},
589 5467 678 5521 καὶ
713 5469 922 5540 ψυχήν.
1298 5455 1316 5540 _'
1632 5535 1656 5540 Α

1994 5458 2110 5540 (17)
2141 5459 2204 5511 In
2237 5455 2407 5540 ΑριὶξΔ
2445 5455 2542 5510 SS.
2596 5455 3142 5526 Antwerpiensibus.
3177 5455 3313 5528 Apr.
3351 5459 3424 5540 1,”
3449 5475 3574 5540 pag.

194 5615 207 5625 .
376 5525 622 5622 Ireng'g'qs
643 5525 913 5623 Αάὶίεῗεὶιδ
944 5541 1198 5625 lic-greges,
1253 5536 1352 5592 lib.
1387 5553 1438 5625 χ,
1471 5535 1681 5625 earn:
1717 5533 1814 5586 His
1923 5529 2011 5625 11,
2052 5529 2249 5625 Clavus
2281 5525 2504 5625 legituiz,
2547 5540 2720 5625 quem.
2761 5543 3060 5625 op|erarum
3113 5525 3360 5625 errorem
3393 5525 3578 5625 lidle‘li-

161 5596 380 5671 similia
412 5616 658 5683 reperire
688 5614 856 5669 etiam
882 5619 964 5669 est
993 5610 1088 5665 lib.
1131 5596 1337 5679 v,'cap.
1391 5596 1446 5663 ϐ’.
1480 5596 1815 5662 Wbistonus
1923 5605 2012 5656 ter
2064 5601 2230 5655 etiam
2291 5596 2494 5668 repetit
2548 5596 2763 5653 Veneta
2823 5598 3023 5655 horum
3093 5605 3361 5658 Actorum
3408 5601 3578 5658 editio

166 5686 291 5744 haec
325 5687 447 5742 loca
467 5700 583 5742 non
617 5684 872 5742 adduxit.
1011 5741 1017 5746 ,
1924 5688 2092 5728 nova.
