4026 6214
483 315 641 379 1199
1541 310 1605 370 S.
1654 307 1950 370 MELITO
1993 307 2349 370 SARDIUM
2392 306 2842 370 EPISCOPUS.
3667 320 3784 381 ηοο

483 465 660 508 sensu
692 445 1002 520 imprOprio
1030 443 1432 512 adhibitarum,
1457 442 1528 499 ad
1559 457 1688 500 eum
1720 442 1840 499 fere
1859 442 2112 508 modum,
2136 440 2360 512 qualem
2382 440 2442 497 in
2474 441 2734 498 Formula
2755 440 3076 514 spiritualis
3106 441 3483 515 intelligentiae.
3509 447 3564 502 S.
3591 442 3793 509 Eucherii

491 538 913 612 Lugdunensis,
945 551 1069 606 quas
1100 535 1246 590 inter
1276 533 1457 604 Opera
1487 531 1629 603 ejus,
1652 539 1706 589 et
1736 531 1796 588 in
1825 529 2164 587 Bibliotheca
2195 532 2423 586 Patrum
2452 530 2722 602 maxima,
2755 537 2906 589 tomo
2942 530 3034 600 Vl,
3078 538 3274 600 exstat,
3300 533 3472 604 legere
3497 535 3626 592 licet.
3656 539 3792 598 Clavi:

483 627 768 695 vocabuli,
800 625 946 698 quod
979 625 1038 680 in
1068 623 1439 694 inscriptione
1469 622 1654 694 operis
1716 622 1883 692 hujus
1937 621 2264 690 adhibetur,
2313 620 2697 692 signiﬁcatum
2754 623 2943 680 discas
2999 623 3169 679 velim
3197 639 3264 680 ex
3301 623 3416 695 ipso
3444 625 3684 698 Melitene,
3710 633 3793 703 qui,

487 719 670 774 Clanis
699 731 816 771 suae
846 729 970 786 cap.
999 714 1054 780 9,
1087 713 1164 770 ita
1192 713 1348 770 vocis
1381 711 1551 782 hujus
1578 711 1980 782 metaphoricaa
2012 709 2337 780 explanavit
2369 725 2603 766 sensum
2637 726 2650 767 :

569 863 591 894 ι
629 841 836 909 Clavis,
859 839 1142 912 adapertio
1171 837 1501 912 spiritualis.
1536 841 1598 894 In
1632 837 1935 909 Evangelio
1967 836 2008 874 “
2044 853 2058 894 :
2088 836 2382 909 Accepistis
2413 835 2626 893 clavem
2657 836 2930 908 scientiae,
2961 837 3073 911 ipsi
3110 856 3224 893 non
3257 837 3518 897 introistis
3542 859 3560 904 ;
3580 847 3622 897 et
3643 860 3712 899 eos
3736 851 3801 917 qui

487 932 797 990 introibant
823 932 1203 1006 prohibuistis.
1239 930 1380 987 Item
1401 930 1610 1000 Claves,
1635 928 1888 1000 iustitiae,
1932 929 2356 1001 misericordiae,
2398 928 2726 1002 pietatisque
2751 931 3003 987 virtutes.
3037 929 3100 986 ln
3129 931 3432 1002 Evangelia
3467 933 3507 967 "
3535 949 3548 990 :
3578 933 3673 990 Tibi
3704 937 3804 996 dabo

483 1025 661 1083 claves
688 1026 846 1097 regni
876 1025 1156 1080 caelorum.

563 1175 593 1204 «
629 1151 828 1221 Clanis,
862 1152 1079 1223 apertio
1106 1165 1392 1206 sacrarum
1422 1147 1858 1220 Scripturarum,
1889 1147 2003 1216 vel,
2031 1149 2265 1218 potestas
2313 1147 2534 1216 ligandi
2562 1150 2728 1220 atque
2780 1147 3035 1204 solvendi
3083 1164 3203 1217 seu,
3253 1149 3350 1221 jus
3403 1148 3739 1207 introducendi
3760 1154 3809 1208 ad

483 1242 676 1309 vitam,
699 1243 811 1296 sive
840 1238 1172 1297 excludendi
1200 1238 1270 1294 ad
1294 1246 1552 1294 mortem.
1575 1237 1732 1293 Sicut
1769 1251 1866 1307 per
1895 1235 2100 1292 Isaiam
2133 1235 2178 1271 ¹³
2207 1237 2278 1292 de
2308 1236 2595 1293 Salvatore
2625 1237 2834 1293 dicitur
2859 1253 2872 1292 :
2905 1239 3052 1294 Dabo
3073 1239 3280 1294 clavem
3300 1238 3487 1295 domus
3517 1239 3667 1294 David
3691 1257 3808 1312 super

485 1328 740 1386 humeros
770 1330 914 1400 ejus,
937 1337 990 1386 et
1015 1328 1246 1401 aperiet,
1277 1331 1333 1382 et
1364 1342 1474 1384 non
1503 1331 1584 1384 est
1615 1327 1709 1398 qui
1740 1324 1982 1382 claudat.
2018 1326 2084 1380 Et
2113 1325 2174 1381 in
2203 1325 2540 1397 Apocalypsi
2576 1326 2620 1362 ιδ
2653 1342 2666 1380 :
2697 1327 2874 1382 Habeo
2903 1328 3084 1384 claves
3113 1329 3309 1384 mortis
3334 1332 3386 1384 et
3431 1330 3719 1398 inferorum.
3739 1351 3759 1379 η

557 1458 790 1512 Exstare
823 1454 979 1512 enim
1007 1454 1274 1520 adhuc,et
1302 1453 1362 1509 in
1393 1450 1756 1509 bibliothecis
1786 1450 2062 1507 ineditum
2102 1451 2433 1508 delitescere
2481 1450 2591 1508 hoc
2643 1450 2930 1508 Melitonis
2977 1454 3265 1525 egregium
3322 1469 3481 1526 opus,
3533 1455 3815 1513 Bibliotheca:

485 1550 722 1605 Patrum
751 1547 1012 1602 maxima
1070 1544 1182 1616 (l8)
1235 1543 1636 1614 Lugdunensis
1687 1541 1932 1597 editores
1994 1541 2217 1612 pariter,
2277 1556 2345 1598 ac
2401 1539 2793 1609 Labbeus(l9)
2853 1546 3128 1599 testantur
3158 1558 3274 1599 non
3307 1544 3624 1612 modo;sed
3665 1552 3707 1600 et
3732 1551 3813 1602 luto

483 1653 738 1695 asserere
758 1651 988 1708 possum
1047 1634 1192 1705 ipse,
1238 1640 1430 1703 utpote
1485 1631 1580 1703 qui
1639 1631 1872 1703 pretiosi
1931 1631 2097 1701 hujus
2140 1630 2493 1703 antiquitatis
2547 1632 2927 1700 monumenti,
2961 1633 3021 1688 in
3049 1632 3350 1688 itineribus
3382 1633 3514 1689 meis
3545 1635 3695 1690 iactus
3724 1651 3811 1691 sum

487 1745 744 1801 compos,
770 1728 981 1799 quique
1012 1725 1150 1781 illud
1183 1723 1490 1795 aliquando
1513 1737 1642 1780 cum
1676 1722 1814 1778 orbe
1844 1721 2086 1778 litterato
2119 1721 2543 1779 communicare
2575 1723 2943 1780 constitutum
2993 1723 3169 1780 habeo
3186 1726 3228 1789 ',
3285 1724 3417 1781 licet
3470 1725 3622 1782 facile
3663 1726 3814 1797 preti-

487 1819 679 1884 deam,
712 1815 1058 1872 malevolum
1083 1821 1250 1885 atque
1280 1812 1682 1868 immodestum
1714 1825 2009 1868 censorem
2037 1813 2367 1882 quemdam,
2392 1813 2487 1883 qui
2517 1812 2802 1884 symbolas
2832 1828 2962 1869 suas
2990 1814 3059 1868 ad
3114 1813 3519 1870 Bibliothecam
3573 1816 3812 1871 [tollentem

486 1906 732 1974 confert,
773 1904 828 1960 id
855 1902 1001 1959 mihi
1023 1917 1243 1974 quoque
1271 1902 1662 1972 Oppositurum
1695 1902 1992 1971 esse,quod
2023 1901 2170 1956 inter
2197 1901 2308 1956 alia
2337 1901 2551 1972 injuste
2591 1901 2893 1972 minusque
2948 1899 3181 1958 fundata
3235 1901 3444 1973 objecit
3498 1918 3678 1975 nuper,
3724 1921 3817 1962 cum

491 1996 949 2069 presbyterorum
981 2002 1036 2051 ct
1067 1993 1438 2050 diaconorum
1466 1991 1695 2049 Achaia
1725 1991 2020 2063 epistolam
2053 1993 2400 2065 encyclicam
2423 1993 2493 2048 de
2523 1992 2791 2063 martyrio
2821 1993 2880 2048 S.
2911 1993 3148 2064 apostoli
3179 1995 3421 2050 Andreae
3467 2011 3531 2051 ex
3586 2011 3700 2051 mss.
3725 1997 3820 2052 edc-

490 2101 612 2143 rem
639 2103 652 2154 ;
687 2084 830 2142 tanti
863 2083 1082 2140 scilicet
1111 2081 1200 2141 vel
1221 2083 1350 2140 ideo
1380 2095 1495 2138 non
1528 2097 1649 2138 esse
1677 2081 2038 2153 cpusculum,
2070 2081 2335 2152 quoniam
2368 2081 2609 2138 Grabius
2654 2082 2713 2137 in
2741 2082 3036 2154 Spicilegio
3095 2099 3200 2139 suo
3251 2083 3316 2139 in
3374 2083 3551 2140 lucem
3601 2085 3819 2156 publicam

487 2174 629 2232 illud
654 2190 770 2231 non
803 2171 1136 2244 protraxerit
1158 2171 1290 2244 (20).
1316 2171 1468 2227 Bella
1492 2187 1628 2227 sane
1658 2171 1820 2236 ratio,
1853 2169 2011 2242 quasi
2039 2187 2168 2227 vero
2219 2173 2422 2226 unicus
2476 2171 2716 2227 Grabius
2763 2187 2960 2228 omnes
3018 2172 3076 2228 in
3139 2171 3510 2238 bibliothecis
3561 2174 3822 2244 Anglicani:

488 2265 727 2321 latentes
757 2263 1053 2320 thesauros
1082 2277 1277 2318 eruere
1307 2260 1390 2316 vel
1444 2260 1704 2326 voluerit,
1757 2260 1841 2316 vel
1892 2260 2155 2331 potuerit.
2180 2259 2524 2316 Claudantur
2552 2261 2721 2331 igitur
2751 2261 3019 2317 immensi
3053 2261 3149 2317 isti
3183 2263 3682 2334 manuscriptorum
3706 2263 3824 2319 codi-

487 2370 642 2423 cum,
675 2352 886 2425 quibus
913 2350 1255 2408 bibliotheca
1293 2350 1600 2407 Bodleiana
1622 2349 1902 2421 superbit,
1932 2350 2182 2406 thesauri
2213 2367 2246 2405 a
2267 2349 2471 2406 Grabio
2509 2366 2664 2407 nunc
2717 2353 2942 2422 penitus
2997 2352 3256 2408 exhausti
3289 2368 3304 2421 ;
3359 2354 3710 2425 omnibusque
3749 2354 3824 2408 ha-

487 2459 615 2501 rum
648 2441 981 2500 deliciarum
1013 2439 1424 2498 scrutatoribus
1463 2447 1586 2511 post
1623 2447 1860 2496 mortem
1893 2439 2097 2494 eruditi
2130 2439 2298 2511 hujus
2353 2440 2461 2495 viri
2519 2440 2733 2496 dictum
2791 2457 2947 2498 nunc
2994 2449 3116 2498 esto
3164 2442 3313 2498 illud
3349 2459 3363 2498 :
3424 2443 3540 2498 Non
3583 2443 3710 2515 plus,
3746 2459 3824 2499 non

487 2533 768 2590 ullra.Sed
798 2536 1091 2588 transeant
1123 2530 1242 2586 hazc
1272 2545 1400 2586 cum
1428 2528 1646 2586 ceteris
1675 2528 2176 2586 erroribus.Redeo
2208 2529 2396 2600 potius
2427 2530 2493 2585 ad
2528 2529 2814 2586 Melitonis
2837 2531 3077 2599 Clavem,
3117 2532 3407 2602 addoque,
3465 2548 3550 2589 me
3576 2533 3722 2602 illius,
3765 2538 3826 2588 ast

486 2623 751 2680 Latinum
809 2621 1037 2689 saltem,
1097 2635 1316 2677 servare
1345 2618 1696 2690 exemplum,
1728 2619 1876 2689 quod
1907 2635 1975 2676 ex
2015 2619 2228 2690 duplici
2279 2619 2494 2688 codice,
2554 2619 2730 2674 altero
2769 2619 3228 2690 Claromontano,
3261 2623 3441 2678 altero
3469 2622 3755 2688 lilcsmiano,
3777 2623 3826 2676 ad

485 2713 698 2770 calcem
735 2710 1045 2768 Bibliorum
1078 2709 1442 2780 Theodulphi
1473 2707 1902 2765 Aurelianensis
1932 2709 2206 2780 episcopi,
2237 2709 2432 2765 codice
2458 2708 2612 2765 mille
2642 2709 2864 2766 circiter
2893 2726 3174 2767 annorum
3221 2712 3588 2784 descripserat
3623 2712 3824 2768 eruditis-

484 2802 662 2856 simus
691 2799 863 2856 Mieh.
921 2798 1188 2870 Lequien,
1221 2797 1541 2869 Grabioque
1595 2797 2001 2853 transmiserat.
2065 2796 2355 2852 Editurum
2415 2813 2474 2852 se
2535 2796 2640 2854 hoc
2697 2797 2982 2865 quantivis
3037 2799 3202 2870 pretii
3247 2807 3687 2868 monumentum,
3733 2814 3825 2854 cum

485 2889 978 2948 emendationibus
1002 2892 1125 2946 Jac.
1159 2888 1470 2956 Sirmondi,
1503 2887 1857 2958 promiserat,
1891 2903 1922 2941 a
1953 2900 2061 2957 quo
2083 2890 2196 2940 tam
2252 2885 2431 2940 multa
2460 2886 2570 2942 alia
2625 2887 2984 2958 exspectabat
3035 2888 3188 2944 orbis
3231 2888 3535 2956 litteratus,
3565 2888 3758 2945 nomine
3791 2898 3827 2942 et

485 2978 680 3036 omine
709 2984 951 3050 Magnus
982 2978 1212 3034 Crusius
1242 2977 1373 3050 (2|),
1407 2982 1588 3033 mor-te
1621 2993 1736 3034 non
1769 2977 1844 3032 ita
1875 2976 2091 3047 pridem
2125 2976 2454 3044 exstinctus,
2499 2975 2754 3048 mihique
2812 2986 2936 3048 post
2991 2979 3108 3034 fata
3138 2995 3370 3051 quoque
3427 2979 3695 3048 colendus,
3729 2993 3826 3046 pre-

485 3075 699 3138 ceptor,
733 3069 832 3138 qui
860 3075 1047 3123 tamen
1074 3068 1201 3137 jura
1232 3083 1354 3135 sua,
1387 3068 1523 3122 dum
1555 3067 1786 3131 viveret,
1819 3066 1986 3122 facile
2016 3065 2154 3120 mihi
2179 3065 2367 3122 cessit.
2399 3066 2652 3122 Divisum
2686 3074 2871 3123 autem
2898 3075 2983 3123 est
3026 3068 3309 3124 Melitonis
3351 3068 3456 3124 hoc
3503 3075 3580 3122 sat
3623 3080 3828 3136 magnum

485 3171 628 3227 Opus
655 3155 714 3211 in
750 3156 901 3211 varia
929 3156 1134 3225 capita,
1163 3171 1408 3227 quorum
1443 3171 1512 3211 en
1544 3156 1649 3209 tibi
1701 3154 1980 3223 syllabum
2017 3171 2030 3210 :
2090 3171 2214 3225 cap.
2277 3158 2328 3220 1,
2388 3155 2509 3210 sine
2556 3156 2718 3211 titulo
2775 3157 2834 3211 in
2869 3163 3104 3226 utroque
3135 3156 3336 3213 codice
3366 3164 3607 3228 apparet,
3636 3164 3680 3211 et
3705 3169 3831 3209 mem-

488 3246 586 3302 bra
609 3245 722 3301 Deo
765 3245 914 3300 Patri
947 3245 1002 3300 in
1035 3244 1336 3315 Scriptura
1391 3249 1445 3298 S.
1505 3259 1605 3313 per
1661 3242 2136 3317 ἀνθρωποπάοειαν
2191 3243 2396 3299 tributa
2443 3245 2574 3315 quid
2630 3245 2974 3316 signiﬁcent,
3036 3247 3289 3316 exponit,
3361 3250 3504 3317 quod
3559 3246 3688 3302 infra
3727 3245 3831 3299 inter

485 3335 820 3406 fragmenta,
862 3336 1195 3406 speciminis
1223 3335 1367 3403 loco,
1401 3333 1565 3390 dabo.
1599 3334 1733 3405 Cap.
1759 3336 1810 3401 2,
1845 3334 1910 3389 tle
1940 3333 2078 3389 Filio
2109 3336 2215 3390 Dei
2241 3335 2535 3390 secundum
2565 3351 2787 3391 carnem
2818 3336 3171 3404 inscribitur,
3205 3346 3257 3393 et
3289 3339 3426 3408 quid
3461 3337 3662 3392 Christo
3703 3335 3831 3389 ascri-
3936 3355 3937 3378 ι

486 3433 579 3498 pta
603 3427 858 3483 membra
896 3434 1113 3497 nolent,
1142 3427 1325 3482 docet.
1363 3425 1496 3496 Cap.
1530 3425 1584 3496 3,
1613 3426 1720 3497 agit
1746 3425 1813 3480 de
1839 3427 2095 3496 supernis
2123 3426 2415 3482 creaturis.
2441 3426 2576 3496 Cap.
2609 3427 2661 3494 4,
2693 3427 2758 3481 de
2779 3427 2990 3496 diebus,
3008 3430 3198 3495 annis,
3229 3437 3281 3484 et
3310 3428 3652 3500 temporibus.
3674 3425 3831 3497 Cap.5,

486 3515 551 3572 de
596 3517 866 3573 numeris.
928 3516 1061 3587 Cap.
1104 3519 1158 3584 6,
1189 3515 1256 3571 de
1301 3516 1503 3572 mundo
1529 3523 1580 3572 et
1637 3513 1892 3586 partibus
1948 3515 2082 3580 eius.
2119 3515 2251 3586 Cap.
2283 3515 2338 3584 7,
2371 3516 2436 3572 de
2488 3514 2661 3587 lignis
2691 3517 3072 3588 z'n/ructuosis.
3102 3517 3235 3590 Cap.
3285 3519 3344 3589 8,
3378 3517 3445 3574 de
3471 3515 3830 3575 diversishomi-

562 3658 604 3695 ι’
644 3659 781 3717 Luc.
815 3675 896 3729 xi,
924 3659 1015 3727 52,
1096 3658 1140 3696 ¹²
1171 3657 1371 3714 Matth.
1405 3675 1523 3726 xvr,
1552 3657 1642 3715 49.
1722 3657 1767 3694 ¹³
1797 3674 1921 3730 cap.
1953 3676 2092 3727 xm,
2127 3675 2139 3710 γ

2252 3663 2304 3715 2.
2383 3659 2429 3696 ¹⁴
2459 3675 2583 3732 cap.
2619 3676 2662 3726 ι,
2689 3676 2741 3718 v.
2774 3659 2862 3716 48.

2251 3811 2481 3888 etquod
2523 3813 2791 3888 excurrit,
2847 3829 3036 3888 annos
3119 3815 3405 3885 descripta
3456 3812 3830 3888 elegantissimo

565 3815 1025 3889 (18)7‘Bibliotlic_c.
1083 3815 1197 3868 PP.
1237 3814 1514 3889 _maa_:irn.,
1576 3815 1714 3889 tom.
1775 3811 1844 3889 ll,
1885 3817 2026 3889 part.
2077 3826 2139 3889 ti,

2253 3883 2601 3956 charactere.
2658 3887 2721 3939 In
2779 3885 3036 3956 Catalogo
3091 3883 3687 3944 tamen—Bibliotheca:
3734 3884 3830 3939 illu-

495 3881 593 3943 fol'.
625 3881 752 3955 2⁷12,
786 3887 844 3942 in
875 3886 1063 3942 addita
1095 3884 1286 3941 nolula
1320 3900 1333 3940 :
1369 3884 1529 3940 Liber
1559 3884 1730 3938 etiam
1755 3881 2142 3952 ejusdem,qui

495 3960 680 4016 Clauis
711 3977 741 4012 a
777 3959 836 4014 S.
893 3959 1240 4028 Hieronymo
1299 3955 1654 4028 inscribitur,
1701 3955 2143 4028 pinatiuseriptus

497 4030 771 4100 reperitur
800 4030 855 4085 in
882 4025 1233 4100 Bibliotheca
1263 4027 1366 4100 PP.
1411 4027 1465 4100 Si
1497 4026 1552 4080 J.
1586 4025 1839 4100 Parisiis,
1873 4027 1918 4080 si
1952 4029 2140 4100 tamen

497 4096 801 4171 germanus
831 4101 903 4154 sit
935 4104 1140 4171 l‘mtus.‘
1186 4099 1381 4171 Ericus
1435 4097 1748 4171 Benzelius
1786 4098 1843 4171 in
1906 4096 2144 4171 cpistola

498 4168 741 4242 quadam
775 4171 984 4242 inedita
1012 4170 1079 4242 ad
1113 4169 1353 4242 Gabium
1390 4183 1465 4242 :Lu
1499 4168 1782 4242 hlelritonis
1810 4169 2029 4233 Asiani,
2053 4184 2143 4222 se-

497 4237 670 4299 cundi
700 4242 894 4296 seaculi
924 4241 1128 4304 Putris,
1179 4238 1341 4307 liber,
1376 4237 1557 4292 Clanis
1589 4241 1793 4304 dictus,
1829 4255 1934 4294 ms.
1966 4247 2145 4294 exstat

495 4315 555 4369 in
589 4313 963 4368 vetustissimo
994 4313 1187 4367 codice
1217 4309 1650 4364 membranaceo
1697 4310 1920 4379 collegii
1965 4313 2143 4365 Ludo-

495 4385 606 4441 vici
635 4383 844 4454 Magni,
879 4384 964 4441 vcl
989 4383 1034 4436 si
1069 4383 1244 4437 mavis
1283 4380 1863 4454 Claromontani,PP.
1895 4383 2142 4454 Jesuita-

496 4453 845 4525 rum;il’lud
896 4456 1050 4511 enim
1100 4469 1310 4509 nomen
1366 4454 1583 4524 accepit
1641 4453 1944 4524 collegium
1972 4453 2141 4525 istud,

495 4536 796 4600 postquam

602 4595 837 4655 Sustulit
867 4599 996 4654 hinc
1023 4601 1230 4666 Iesum,
1265 4595 1550 4668 posuitque
1589 4595 1843 4665 insignia
1891 4598 2035 4668 regis

637 4670 814 4741 Impia
841 4686 994 4741 gens,
1028 4667 1400 4741 aliurnnescit
1430 4668 1634 4741 habere
1659 4673 1854 4741 Deum.

494 4739 886 4798 Describerem
918 4739 1367 4808 lubentissimus,
1418 4740 1530 4796 nisi
1587 4739 1856 4810 temporis
1884 4740 2142 4811 angustia

535 4819 791 4869 romeret.
825 4834 854 4863 ››

493 4830 791 4885 premeret.
825 4834 854 4863 »

565 4884 675 4957 (19)
703 4884 948 4957 Philipp.
985 4881 1174 4957 Labb.,
1210 4889 1345 4938 tom.
1401 4883 1459 4957 _l_I_
1515 4883 1882 4951 Bibliotheca,
1942 4900 1996 4957 p.
2047 4884 2139 4957 87,

495 4953 636 5013 etin
667 4958 815 5012 Nova
844 4955 1183 5010 Bibliotheca
1203 4970 1333 5008 mss.
1393 4953 1688 5022 librorum,
1739 4972 1784 5010 ε.
1844 4953 2142 5026 specimine

494 5029 863 5100 antiquarum
886 5027 1182 5081 lectionum
1236 5027 1563 5100 Latinarum
1615 5031 1664 5082 et
1712 5027 2024 5081 Graecarum
2070 5028 2138 5100 in

491 5100 524 5153 4
552 5098 736 5170 partes
767 5099 1121 5170 tributorum,
1147 5099 1514 5170 Paris.71653,
1550 5099 1603 5166 4,
1633 5107 1874 5170 ραι-μη,
1909 5115 1964 5168 p.
2021 5098 2084 5150 21
2123 5114 2135 5152 :

499 5191 522 5219 ι
554 5169 738 5226 Clanis
768 5185 936 5226 sacra:
962 5169 1287 5239 Scriptum,
1320 5169 1508 5224 Mileto
1541 5185 1635 5224 seu
1671 5169 1953 5236 Melitonc,
1977 5170 2136 5223 Asia-

491 5258 584 5308 no,
618 5249 677 5297 ut
707 5243 925 5308 volunt,
985 5241 1247 5311 episeOpo
1298 5248 1544 5295 auctore.
1578 5262 1604 5290 »
1641 5240 1720 5294 Ex
1750 5239 1946 5295 codice
2000 5256 2135 5295 mss.

490 5314 695 5371 collato
726 5330 855 5369 cum
887 5312 1203 5383 appendiee
1220 5313 1286 5367 ad
1313 5311 1486 5368 biblia
1511 5312 1623 5367 fere
1643 5328 1813 5368 aurea
1846 5312 2137 5367 Theodul-

488 5385 588 5454 phi
643 5384 1070 5441 Aurelianensis
1127 5383 1400 5455 episcopi,
1458 5400 1578 5453 quae
1629 5383 1913 5454 quantivis
1973 5383 2138 5453 pretii

489 5464 707 5513 exstant
737 5458 798 5513 in
830 5457 1171 5512 bibliotheca
1203 5456 1542 5512 Memmiana
1589 5464 1720 5512 ante
1752 5457 2132 5526 octingentos,

2253 3955 2435 4027 striss.
2457 3956 2675 4009 domini
2705 3957 2773 4010 de
2807 3955 3070 4027 Mcsm’es,
3097 3960 3155 4014 in
3187 3969 3386 4015 senatu
3424 3957 3696 4015 Parisiensi
3725 3970 3827 4027 pm-

2254 4026 2390 4081 sidis
2424 4026 2669 4092 inlulati,
2705 4028 2796 4096 qui
2830 4029 2887 4083 in
2921 4028 3178 4086 Bern.de
3205 4031 3566 4087 Montfaucon
3592 4026 3831 4085 Bibliothe-

2253 4097 2818 4172 ca‘BiblioI/cccarum
2866 4105 3370 4172 manuscriptorum
3399 4119 3564 4165 novo,
3615 4097 3827 4172 ιοῐηηῌΞ

2253 4168 2351 4223 fol.
2388 4169 2718 4234 13264330,
2747 4179 2946 4236 exstat,
2980 4165 3158 4228 altum
3194 4176 3261 4228 de
3297 4174 3496 4228 Bibliis
3542 4165 3828 4235 Theodulphi

2252 4248 2304 4295 et
2336 4240 2601 4295 Melitone
2635 4241 3073 4300 silentium.Nec
3104 4246 3308 4300 mirum
3339 4261 3355 4300 :
3385 4246 3456 4300 ab
3479 4241 3828 4310 imperitissimo

2251 4312 2402 4367 enim
2433 4314 2726 4388 κονιρ-τικῷ
2781 4313 2897 4388 haec
2952 4319 3474 4388 manuscriptorum
3520 4313 3830 4388 Memmiano-
3936 4315 3937 4388 l

2251 4399 2374 4459 rum
2408 4383 2761 4459 consignatio
2800 4386 2898 4440 luit
2933 4388 3211 4454 coniecta,
3243 4383 3410 4459 quem
3438 4403 3548 4444 non
3577 4386 3829 4459 alitierrer-

2250 4455 2362 4510 suri
2393 4455 2804 4525 deprehendes,
2839 4472 3003 4526 quam
3039 4467 3097 4513 ut
3129 4454 3439 4515 talia'dicat
3469 4461 3536 4514 de
3563 4454 3827 4514 codicibus:

2251 4547 2279 4575 ‹‹
2316 4526 2398 4582 Un
2421 4526 2557 4582 livre
2581 4541 2675 4581 sur
2708 4527 2853 4583 velin
2875 4547 2889 4595 ;
2913 4532 3056 4586 deux
3091 4531 3346 4586 volumes
3369 4529 3650 4586 d'anciens
3669 4526 3825 4597 pectes.

2248 4598 2439 4675 Velini
2472 4613 2547 4675 uti
2578 4599 2688 4675 Vici
2719 4601 2903 4675 poélc,
2945 4603 3095 4669 ἱη-Ιι,
3131 4601 3280 4658 velin
3312 4620 3326 4669 ;
3360 4604 3490 4671 cinq
3537 4608 3828 4675 putrescit-

2247 4669 2686 4744 nuseritsAin-b,
2719 4667 2956 4744 papier;
3018 4667 3212 4744 quatre
3270 4667 3822 4744 manuscritsiin-[tﬂi-Q.

2247 4741 2384 4796 dont
2414 4741 2547 4796 trois
2577 4757 2672 4795 sur
2696 4736 2842 4814 velin
2875 4753 2923 4798 et
2945 4736 3132 4799 'un'en
3161 4745 3370 4814 papier,
3405 4753 3511 4800 etc.
3546 4765 3572 4793 ››
3607 4741 3677 4798 Ne
3703 4736 3826 4814 (Edi-

2249 4828 2352 4882 pus
2381 4819 2564 4882 posset
2594 4813 2870 4870 divinare.
2905 4807 3199 4872 Debuissét
3233 4807 3308 4870 'et
3357 4807 3496 4870 illud
3551 4814 3718 4869 adhuc
3753 4807 3824 4882 ati-

2246 4878 2649 4958 ‘Elcrciseilieet,
2673 4899 2754 4958 an
2776 4901 3013 4955 asseres,
3045 4887 3139 4958 qui
3172 4888 3394 4943 codices
3425 4887 3694 4950 cohibent,
3749 4878 3820 4932 ab-

2245 4955 2396 5025 iegni
2427 4972 2499 5010 an
2535 4955 2780 5026 quercei,
2841 4962 3013 5014 crassi
3042 4955 3114 5012 an
3160 4967 3357 5014 tenues
3407 4958 3518 5012 sint
3550 4973 3563 5011 :
3597 4964 3644 5011 et
3670 4968 3724 5009 ex
3747 4962 3821 5018 quo

2247 5028 2420 5100 corio,
2443 5043 2514 5082 an
2548 5027 2772 5096 bovino,
2832 5045 2904 5084 an
2963 5029 3224 5100 vitulino,
3285 5047 3357 5085 an
3411 5027 3596 5093 suillo,
3635 5027 3819 5100 ligatur}

2246 5091 2490 5154 exterior
2513 5091 2768 5162 constet,
2786 5105 2840 5155 et
2863 5100 2945 5156 sic
2976 5091 3448 5171 dixisset'omnia,
3474 5091 3592 5171 quae
3619 5091 3817 5152 de'COdd.

2246 5185 2412 5226 nosse
2439 5185 2639 5238 parum
2671 5171 2856 5225 refert.
3767 5229 3808 5238 _.

2315 5233 2599 5312 (20)'Vidc
2647 5241 3011 5300 Nachrichten
3064 5259 3169 5300 von
3227 5246 3384 5300 einer
3437 5239 3724 5298 Haltischen
3763 5233 3821 5284 Bi'

2246 5312 2497 5390 bliotltels,
2526 5313 2799 5390 2‘3_slu_ck,
2833 5332 2957 5390 pag.
2985 5317 3110 5388 360,
3145 5325 3263 5390 not.
3287 5317 3355 5390 At.
3486 5386 3499 5390 _
3567 5383 3611 5390 __

2315 5385 2423 5459 (21)
2454 5378 2792 5459 Crusiusin'
2824 5378 3048 5445 Diisert.
3096 5378 3389 5459 epistolica
3429 5386 3499 5442 ad
3551 5383 3668 5441 Chr.
3713 5378 3820 5433 Wor-

2241 5455 2438 5523 mium,
2473 5472 2600 5528 pag.
2638 5457 2724 5512 13.

609 5575 747 5649 Hoc,
781 5576 1485 5649 morteprm‘ventusknon
1517 5573 1794 5649 prmstitit.
1830 5575 2281 5649 Clat’is_te}tum_
2304 5573 2587 5649 inleggim
2622 5588 2692 5649 ex
2721 5574 3358 5649 eodieeMArgentinensi
3383 5591 3561 5648 nuper
3578 5567 3732 5630 edidit
3776 5566 3820 5614 D-

488 5639 640 5696 Pitra
669 5643 728 5698 in
764 5651 914 5701 tomo
945 5639 1713 5716 lliSpicilegii’Solesmensis.
1742 5646 1943 5716 Paris.,
1980 5645 2138 5713 1852,
2165 5643 2312 5711 ἰῐι-4,
2344 5639 2448 5716 ap:
2469 5645 2686 5701 Firmin
2721 5646 2884 5703 Didot
2916 5639 3072 5705 Emrv.
