4000 6220
457 386 612 447 1203
1522 371 1584 430 S.
1633 368 1924 430 MELlTO
1968 360 2319 425 SARDIUM
2364 354 2817 420 EPISCOPUS.
3660 355 3780 419 1204

458 516 762 578 retinuisse
820 513 1016 568 Graeca
1075 505 1301 563 Eusebii
1357 504 1545 572 verba,
1607 505 1886 561 incertum
1946 498 2069 554 sine
2128 496 2324 562 dubio,
2386 491 2668 566 quomodo
2726 486 3014 546 Melitonis
3046 490 3293 541 mentem
3336 483 3535 555 absque
3563 484 3783 545 hmreseos

460 575 784 678 suSpicione
840 601 1120 671 exprimat
1199 597 1417 652 Latine.
1492 596 1618 650 llaec
1680 591 1874 649 omnia
1933 589 2168 659 probare
2227 590 2511 657 poterunt,
2572 589 2829 637 nostrum
2891 579 2963 678 ob
3017 577 3125 678 hoc
3181 575 3447 678 ser-ipfea;
3503 577 3791 678 qoq‘fgisso

459 664 647 754 stat-im
675 713 706 750 a
753 664 1040 748 veteribus
1091 689 1416 745 haereticum
1469 689 1808 756 rcputatum.
1871 680 2014 746 Quid
2068 678 2114 732 si
2163 691 2317 747 spem
2366 674 2569 739 fecero,
2605 686 2695 726 me
2728 669 2816 724 his
2859 667 2996 737 ipsis
3027 665 3270 737 plagulis
3299 664 3569 720 Melilonis
3595 665 3791 722 libellum

459 790 538 842 De
568 787 669 841 Deo
696 791 981 855 corporato
1015 781 1155 836 forte
1203 778 1612 846 exhibiturum,
1647 783 1699 831 et
1751 792 1814 831 ex
1868 774 2109 844 ipsamet
2160 768 2340 826 libelli
2391 766 2746 839 inspectione
2796 763 3127 820 benevolum
3163 761 3448 817 Lectorem
3478 763 3794 820 convicturum

459 892 605 946 esse,
647 873 973 930 Melitenam
1014 889 1043 925 a
1073 868 1226 941 gravi
1260 869 1366 925 hoc
1393 883 1584 924 errore
1612 865 1866 922 abfuisse
1898 879 2070 934 quam
2103 859 2456 932 longissime.

1641 985 1669 1057 Ξ
1699 984 1866 1040 XXII.
1906 987 1985 1038 De
2013 977 2283 1054 Apologia
2311 979 2370 1034 S.
2407 975 2707 1035 Melitonis.

538 1110 622 1164 Ad
681 1109 806 1178 ejus
862 1104 1206 1174 Apologiam,
1263 1118 1360 1158 seu
1413 1101 1476 1155 τὸ
1536 1100 1677 1172 Πρὸς
1740 1099 2061 1153 Ἀντωνῖνον
2122 1096 2153 1168 β

2285 1091 2396 1148 διον
2431 1109 2585 1149 nunc
2634 1091 2836 1148 venio:
2889 1091 2970 1147 sic
3000 1090 3224 1148 videtur
3252 1090 3518 1161 inscripta
3548 1089 3693 1147 fuisse
3716 1091 3804 1149 hac

468 1197 738 1269 Apologia
767 1212 867 1266 pro
907 1192 1245 1249 Christianis
1275 1193 1344 1246 ad
1405 1191 1802 1261 imperatorem
1853 1189 2102 1244 Marcum
2156 1184 2450 1242 Aurelium
2509 1184 2884 1249 Antoninum,
2917 1181 3262 1253 cognomine
3318 1181 3804 1252 Philosophum,qu

465 1286 536 1342 ab
594 1287 762 1342 annis
792 1284 996 1340 Christi
1044 1283 1142 1338 161
1193 1295 1370 1352 usque
1417 1282 1483 1334 ad
1523 1281 1623 1333 180
1686 1279 1924 1347 imperio
1975 1278 2225 1334 Romano
2279 1274 2524 1344 praefuit,
2576 1280 2628 1328 et
2659 1288 2755 1342 per
2785 1272 2819 1325 9
2874 1271 3088 1341 priores
3133 1287 3318 1327 annos
3347 1285 3479 1326 cum
3511 1270 3658 1326 Lucio
3682 1273 3805 1334 Vero,

466 1376 656 1442 fratre,
717 1373 1019 1444 imperium
1083 1385 1386 1427 commune
1457 1368 1672 1422 habuit.
1732 1360 2016 1420 Βιϐλίδιον
2083 1366 2292 1421 dicitur
2345 1365 2494 1432 ideo,
2553 1364 2702 1433 quod
2767 1362 2988 1432 preprie
3041 1368 3186 1416 esset
3246 1361 3473 1416 libellus
3535 1376 3728 1431 precum
3769 1367 3806 1414 et

475 1463 715 1534 supplex
776 1461 1104 1532 imperatori
1163 1460 1404 1523 oblatus,
1469 1473 1582 1511 non
1641 1473 1772 1512 vero
1837 1455 2060 1524 longior
2098 1455 2426 1524 integraque
2484 1453 2810 1521 dogmatum
2860 1451 3305 1506 Christianorum
3348 1450 3420 1505 ab
3467 1449 3809 1521 objectionibus

470 1563 527 1610 et
558 1552 862 1609 calumniis
891 1549 1191 1621 gentilium
1225 1545 1552 1612 vindicatio,
1589 1554 1647 1600 ut
1687 1552 1833 1615 patet
1889 1545 1970 1600 vel
2000 1561 2064 1600 ex
2115 1546 2238 1615 ipso
2281 1543 2443 1598 illius
2493 1542 2826 1610 fragmento,
2861 1541 3007 1610 quod
3063 1540 3271 1610 profert
3307 1539 3608 1594 Eusebius:
3645 1538 3804 1607 Tan-3m

474 1640 531 1696 δέ
565 1650 649 1694 σοι
685 1638 853 1714 μόνην
887 1637 1256 1711 προσθὲρομεν
1291 1632 1499 1704 δέησιν.
1536 1635 1686 1690 Idem
1734 1635 1902 1690 etiam
1935 1634 2038 1689 fuit
2094 1636 2161 1689 tit

2285 1654 2294 1690 ι
2348 1635 2625 1704 Apologia:
2671 1632 2878 1688 Justini
2912 1631 3193 1704 Martyris,
3229 1635 3290 1686 ut
3318 1647 3385 1686 ex
3423 1630 3530 1686 line
3558 1632 3810 1700 posterioris

485 1729 822 1804 Apologett‘ci
852 1731 973 1799 ejus
1019 1734 1259 1791 constat,
1326 1726 1418 1780 ubi
1451 1726 1533 1780 sic
1580 1724 1836 1796 loquitur
1885 1723 2038 1794 (34):
2095 1727 2162 1777 Kc

2291 1728 2396 1794 μᾶς
2447 1722 2543 1774 οὖν
2611 1719 2868 1793 ἄξποῦμεν
2916 1719 3340 1795 ὕπογράψαντας
3391 1720 3453 1774 τὸ
3500 1719 3615 1790 ὑμῖν
3661 1715 3812 1788 δοκοῦν,

481 1823 760 1892 προθεῖναι
793 1815 943 1870 τουτὶ
972 1817 1034 1870 τὸ
1070 1809 1365 1889 βιϐλίδιον,
1421 1835 1448 1864 ‹‹
1482 1816 1828 1883 Quapropter
1879 1828 1974 1867 V03
2036 1829 2162 1884 roga

2285 1830 2318 1884 ς,
2357 1821 2413 1868 ut
2445 1812 2937 1883 superscribentes
2968 1811 3121 1882 quod
3174 1811 3332 1866 vobis
3393 1811 3593 1880 placet,
3622 1809 3812 1864 libellum

487 1910 640 1966 hunc
671 1908 1020 1979 prOponatis.
1055 1929 1082 1956 ››
1130 1905 1498 1961 Occasionem
1551 1903 1716 1972 hujus
1748 1901 2057 1958 scribendae
2116 1899 2453 1977 Ἀπολογίας
2505 1901 2614 1972 ipsi
2667 1900 3137 1958 subministrabat
3169 1901 3367 1970 quinta
3398 1899 3503 1954 sub
3537 1899 3816 1970 imperatori-

487 1998 592 2054 bus
622 1997 746 2052 istis
778 1998 836 2052 in
893 1993 1243 2051 Christianos
1290 1994 1496 2063 agitata
1546 1992 1882 2064 persecutio.
1917 1991 2058 2046 Cum
2105 1992 2260 2049 enim
2305 1991 2376 2047 ab
2426 1990 2659 2048 Hellade
2689 1990 2758 2047 ab
2807 1990 3001 2047 Asiam
3035 1991 3315 2046 minorem
3351 1988 3821 2058 transiissettragce-

485 2089 706 2144 diarum
739 2085 1085 2143 Gallicarum
1126 2085 1298 2155 fama,
1331 2091 1384 2139 et
1441 2099 1575 2140 cum
1633 2084 1783 2138 fama
1851 2082 2032 2139 rabies
2089 2083 2149 2139 in
2206 2081 2597 2149 Christianos;
2641 2097 2789 2137 nova
2818 2079 3144 2151 regionibus
3175 2079 3321 2147 istis,
3354 2079 3663 2151 iniquorum
3688 2079 3816 2148 magi-

487 2185 723 2234 stratum
753 2185 808 2233 et
838 2174 1242 2248 proconsulum
1277 2175 1485 2240 furore,
1520 2180 1639 2228 orta
1682 2180 1983 2244 tempestas
2031 2173 2385 2230 occasionem
2444 2170 2664 2227 dedisse
2721 2171 2938 2226 videtur
2966 2170 3268 2241 jApologiis
3297 2168 3581 2225 Melitonis
3609 2175 3654 2224 et
3675 2166 3824 2238 Apolli-

486 2268 662 2334 naris,
715 2282 827 2322 uno
881 2266 1194 2336 eodemque
1240 2263 1488 2333 scriptis.
1533 2268 1616 2317 An
1673 2263 1814 2332 ipse,
1873 2263 2076 2318 itinere
2117 2262 2353 2317 Romam
2402 2260 2682 2331 instituto,
2716 2259 3041 2331 imperatori
3084 2259 3350 2316 obtulerit
3384 2257 3825 2330 Apologiamsuam

485 2355 699 2419 Melito,
758 2354 905 2424 quod
966 2370 1032 2409 ex
1085 2353 1274 2422 phrasi
1325 2347 1583 2420 ἐπέδωκε,
1638 2367 1747 2420 qua
1789 2366 1922 2405 usus
1975 2358 2057 2405 est
2107 2349 2385 2404 Eusebius
2437 2349 2496 2403 in
2554 2348 2850 2412 Chronico,
2884 2356 2937 2403 et
2979 2363 3145 2418 quam
3181 2349 3241 2403 in
3273 2349 3537 2405 versione
3565 2363 3652 2401 sua
3677 2345 3830 2416 pariter
3918 2351 3919 2360 ‘

485 2461 552 2500 ac
583 2445 642 2499 in
676 2444 939 2514 Catalogo
971 2445 1212 2499 virorum
1246 2441 1556 2498 illustrium
1588 2442 1822 2498 retinuit
1854 2457 2078 2511 quoque
2125 2440 2527 2510 Hieronymus,
2559 2437 2778 2505 colligit
2822 2437 3239 2508 Tillemontius,
3273 2445 3434 2494 certo
3482 2452 3590 2492 non
3637 2440 3824 2490 constat:

492 2534 547 2589 id
575 2539 760 2588 tamen
793 2541 948 2589 extra
979 2532 1388 2588 dubitationem
1426 2531 1671 2602 positum
1703 2531 1942 2595 videtur,
1978 2529 2148 2584 fuisse
2182 2530 2293 2584 hoc
2327 2528 2592 2584 ultimum
2637 2526 2919 2583 Melitonis
2950 2528 3251 2599 scriptum,
3285 2543 3399 2599 quo
3442 2527 3580 2583 bene
3606 2530 3665 2580 de
3688 2525 3826 2579 Eccle-

491 2624 570 2680 sia
636 2625 878 2691 meruit;
939 2639 1092 2688 nam,
1147 2623 1366 2678 caeteris
1419 2621 1715 2678 recensitis
1763 2619 1921 2675 libris
1978 2617 2066 2672 ἐπὶ
2128 2640 2162 2672 π

2335 2618 2518 2688 inquit
2579 2615 2875 2684 Eusebius,
2905 2614 2995 2668 καὶ
3045 2615 3105 2669 τὸ
3138 2614 3281 2686 Πρὸς
3318 2616 3418 2669 τὸν
3473 2615 3747 2670 Ἀντωνῖνον

488 2705 746 2780 ﬁliam,-
795 2713 966 2784 quod,
1022 2728 1134 2782 quo
1185 2712 1416 2766 demum
1473 2709 1830 2781 imperatoris
1885 2724 2038 2764 anno
2084 2710 2338 2764 oblatum
2389 2708 2480 2776 sit,
2543 2707 2740 2777 paucis
2783 2722 2938 2763 nunc
2991 2707 3096 2762 erit
3136 2708 3476 2763 videndum.
3506 2706 3564 2760 Si
3589 2703 3818 2762 Chronicon
3918 2719 3919 2784 ἦ

487 2801 718 2857 Eusebii
747 2801 1091 2868 evolvamus,
1129 2800 1424 2870 sequentia
1481 2799 1563 2853 ibi
1615 2799 1907 2855 memoriae
1955 2797 2162 2852 tradita
2208 2796 2688 2867 deprehendimus
2738 2794 2888 2866 (35);
2939 2793 3054 2862 ΟΛ,
3111 2794 3270 2850 ΣΛΖ’.
3307 2797 3350 2849 Ι.
3408 2793 3572 2850 POA‘.
3619 2789 3823 2847 ΚΛΑΡΟΣ

486 2894 572 2945 ΤΟ
619 2895 675 2944 B'
729 2892 847 2945 ΚΑΙ
901 2889 1248 2960 ΚΕΘΗΓΟΣ,
1311 2885 1566 2944 Μελίτων
1618 2883 1930 2959 Σαρδιανῶν
1985 2883 2280 2947 ἐπίσκοπος
2322 2891 2420 2954 τῆς
2476 2881 2677 2945 Λυδίας
2725 2879 2940 2957 βιϐλίον
3002 2882 3342 2959 Ἀπολογίας
3395 2883 3680 2954 Ἀντωνίνῳ
3734 2879 3820 2951 ὑπὲρ
3918 2891 3919 2960 1

490 2981 830 3052 Χριστιανῶν
863 2974 1125 3044 ὲπέδωκε,
1160 2994 1284 3033 eam
1337 2978 1553 3033 scilicet
1585 2979 1845 3033 traditam
1896 2993 2039 3046 esse,
2068 2977 2162 3033 Cla

2285 2985 2333 3032 et
2380 2975 2622 3046 Cethego
2651 2989 2796 3030 coss.
2839 2975 3172 3048 Olympiade
3202 2990 3481 3040 ccxxxvu,
3512 2991 3644 3046 quae,
3692 2971 3822 3027 debila

491 3069 970 3139 chronologorum
1032 3069 1294 3123 instituta
1349 3067 1798 3137 computatione,
1830 3068 1996 3122 annis
2054 3075 2178 3137 post
2231 3066 2516 3122 Christum
2579 3067 2724 3122 natis
2784 3065 3019 3120 169-172
3071 3065 3403 3136 respondet,
3435 3065 3572 3121 etin
3609 3062 3820 3119 decimum

491 3156 715 3212 Aurelii
769 3155 1047 3212 Antonini
1103 3172 1317 3212 annum
1379 3157 1601 3212 incidit.
1636 3158 1846 3212 Eadem
1877 3156 2043 3212 habet
2102 3154 2372 3212 Chronici
2422 3155 2790 3210 Alexandrini
2843 3161 3040 3210 auctor
3095 3153 3236 3226 (36).
3291 3154 3449 3220 Quin
3479 3169 3544 3210 ex
3589 3150 3719 3223 ipsis,
3742 3163 3823 3219 qua

491 3255 792 3318 supersunt
851 3247 1018 3302 hodie
1075 3246 1359 3319 Apologia
1409 3247 1584 3317 hujus
1642 3247 1997 3317 fragmentis,
2055 3263 2181 3304 cum
2241 3243 2490 3301 veritatis
2535 3245 2778 3315 quadam
2826 3244 3015 3316 specie
3048 3242 3443 3314 colligendum
3485 3250 3583 3312 est,
3611 3255 3714 3296 eam
3741 3243 3826 3292 ante

492 3351 710 3392 annum
743 3335 867 3406 170,
903 3335 1000 3406 qui
1040 3343 1121 3392 est
1152 3335 1361 3390 Aurelii
1390 3335 1664 3391 Antonini
1700 3336 1784 3403 10,
1818 3351 1929 3407 quo
1978 3344 2233 3393 mortuus
2278 3336 2396 3404 jam
2453 3342 2571 3389 erat
2625 3334 2850 3403 Lucius,
2882 3349 2998 3390 non
3030 3333 3204 3390 fuisse
3250 3331 3524 3390 oblatam.
3551 3330 3705 3387 Aliter
3724 3325 3825 3383 enim

492 3429 642 3480 certe
675 3423 830 3479 illam
880 3423 1052 3480 Lucio
1101 3423 1313 3494 pariter
1364 3438 1430 3479 ac
1481 3422 1670 3480 Marco
1721 3425 1951 3480 Aurelio
1980 3425 2269 3482 Antonino
2315 3423 2720 3496 inscripsisset,
2755 3423 3069 3494 praesertim
3105 3439 3236 3481 cum
3267 3424 3327 3480 in
3361 3440 3432 3480 ea
3469 3426 3646 3494 ageret
3670 3409 3828 3489 imperii

491 3519 668 3584 parte,
713 3529 832 3585 quae
857 3515 922 3568 ad
959 3513 1118 3569 Lucii
1151 3513 1428 3568 ditionem
1461 3512 1774 3583 pertinebat
1804 3514 2011 3585 potius,
2061 3531 2231 3586 quam
2261 3515 2330 3570 ad
2376 3515 2686 3582 Antonini;
2739 3531 2847 3571 nec
2895 3515 3150 3582 dixisset,
3184 3515 3442 3571 {austum
3487 3511 3734 3570 Antonino
3763 3507 3827 3562 iur
3918 3575 3919 3590 χ

495 3603 713 3672 perium
772 3602 1077 3670 ominatus,
1113 3600 1248 3674 μετᾶ
1277 3605 1374 3655 τοῦ
1410 3598 1628 3670 παιδός,
1663 3605 1758 3660 sed
1796 3604 2036 3661 omnino
2083 3624 2162 3677 με·

2285 3606 2345 3657 οὗ
2377 3598 2636 3681 ἀδελφοῦ.
2684 3607 2881 3671 Porro,
2938 3605 3110 3660 unius
3161 3605 3362 3662 saltem
3415 3605 3517 3660 ﬁlii
3563 3596 3827 3671 imperatoris

505 3691 724 3747 mentio
756 3690 820 3746 ﬁt
851 3708 864 3759 ;
900 3691 1095 3747 habuit
1144 3700 1333 3747 autem
1369 3694 1690 3748 Antoninus
1739 3693 1902 3758 duos,
1953 3695 2201 3750 Annium
2229 3693 2463 3762 Verum,
2496 3701 2550 3748 et
2578 3695 2974 3761 Commodum,
3005 3710 3247 3765 quorum
3279 3694 3439 3765 prior
3458 3707 3602 3750 anno
3629 3690 3714 3746 170
3746 3685 3826 3740 tatis
3918 3727 3919 3736 χ

497 3789 766 3837 cesserat.
803 3781 1032 3848 Rursus,
1079 3780 1445 3850 Commodus,
1478 3783 1571 3838 cui
1631 3781 1764 3837 felix
1821 3790 2078 3852 precatur
2126 3783 2456 3855 imperium,
2493 3782 2807 3839 tribunitiae
2839 3784 3136 3854 potestatis
3159 3784 3281 3854 jam
3313 3789 3440 3840 tum
3465 3783 3630 3839 fuisse
3653 3779 3823 3837 videtur,

500 3885 630 3927 cum
666 3870 786 3926 haec
817 3869 1085 3927 scriberet
1115 3869 1332 3937 Melite,
1365 3887 1533 3941 quam
1565 3871 1793 3926 demum
1818 3871 2060 3927 obtinuit
2083 3889 2236 3929 anno
2266 3873 2387 3927 170.
2419 3871 2572 3939 Haec,
2605 3873 2863 3944 inquam,
2885 3872 3078 3929 omnia
3109 3872 3389 3944 probabili
3422 3874 3555 3930 satis
3581 3869 3822 3939 conjectura

502 3959 797 4047 evincunt,
831 3960 978 4016 hanc
1035 3959 1353 4031 Apologiam
1387 3976 1502 4016 non
1534 3959 1709 4015 fuisse
1757 3968 1886 4016 ante
1936 3977 2157 4017 annum
2205 3961 2563 4033 imperatoris
2595 3962 2883 4018 decimum
2930 3962 3342 4034 consignatam.
3401 3971 3491 4020 An
3533 3969 3696 4018 autern
3738 3968 3822 4011 eum

499 4048 863 4104 Tillemontio
894 4049 1006 4120 (37)
1039 4048 1272 4105 ulterius
1314 4048 1757 4119 procedendum,
1795 4056 2134 4122 tempusque
2184 4053 2371 4108 traditi
2427 4051 2609 4110 libelli
2650 4054 2926 4124 supplicis
2987 4069 3140 4110 anno
3185 4056 3422 4111 demum
3476 4057 3571 4110 175
3617 4049 3824 4123 ﬁgendum

498 4137 588 4204 sit,
623 4137 682 4192 in
714 4138 900 4192 medio
951 4137 1310 4208 relinquam;
1361 4144 1609 4193 attamen
1643 4153 1758 4194 non
1811 4137 2029 4194 videtur
2076 4142 2234 4196 omni
2279 4143 2614 4213 exceptione
2666 4143 2848 4212 major
2904 4145 3187 4200 sententia
3225 4145 3404 4216 probe
3436 4138 3828 4216 pensitata.Sane

499 4228 844 4283 Commodus
877 4241 1108 4282 consors
1169 4227 1392 4298 imperii
1461 4229 1718 4283 nondum
1761 4231 1946 4284 tactus
1996 4229 2216 4286 videtur
2245 4247 2374 4287 cum
2429 4231 2548 4286 haec
2598 4231 2875 4288 scriberet
2923 4232 3136 4304 Melito,
3171 4233 3312 4289 alias
3363 4249 3572 4290 nomen
3624 4232 3723 4300 ejus
3756 4236 3829 4279 non

501 4315 956 4387 prastermisisset
991 4316 1050 4371 in
1085 4316 1287 4384 titulo;
1344 4331 1452 4372 nec
1490 4316 1598 4386 ipsi
1661 4317 1900 4372 ominari
1953 4319 2230 4388 potuisset
2286 4321 2621 4392 imperium,
2655 4321 2802 4392 quod
2860 4321 3091 4393 iamjam
3151 4323 3453 4392 tenuisset,
3507 4323 3550 4378 si
3603 4324 3700 4376 tuta
3737 4315 3828 4370 {oret

502 4406 855 4463 Tillemontii
887 4407 1249 4476 conjectura;
1285 4407 1392 4464 hoc
1441 4416 1631 4463 autem
1682 4424 1811 4463 cum
1861 4409 2028 4464 faciat
2060 4411 2119 4466 in
2164 4411 2428 4481 Apologia
2477 4428 2580 4466 sua
2631 4420 2845 4478 noster,
2875 4412 3065 4469 innuit
3095 4414 3293 4484 simul,
3325 4430 3458 4470 eum
3492 4422 3616 4469 tunc
3642 4406 3822 4465 nondum

497 4497 674 4552 fuisse
719 4497 1139 4568 imperatorem.
1195 4496 1424 4567 Dupinii
1488 4497 1598 4568 (38)
1658 4497 1748 4552 hic
1804 4497 1984 4554 obiter
2043 4499 2326 4555 notandus
2387 4516 2561 4568 error,
2595 4516 2764 4572 quem
2795 4506 2988 4558 tamen
3049 4504 3470 4574 typothetarum
3505 4501 3667 4574 potius
3689 4495 3823 4551 vitium

504 4589 696 4654 credo,
751 4587 844 4658 qui
907 4587 1164 4642 traditam
1220 4586 1397 4642 nostri
1453 4587 1774 4658 Apologiam
1829 4587 2005 4644 fuisse
2054 4588 2255 4646 scribit
2312 4605 2464 4645 anno
2525 4589 2654 4658 182,
2708 4606 2816 4661 quo
2861 4592 3077 4648 dudum
3124 4601 3378 4650 mortuus
3432 4599 3547 4648 erat
3589 4591 3820 4659 imperator.

500 4675 770 4732 Referunt
830 4691 996 4746 porro
1045 4674 1306 4731 Historiae
1364 4691 1532 4731 sacrae
1593 4676 1914 4748 scriptores,
1974 4679 2226 4735 Marcum
2277 4680 2650 4748 Antoninum,
2701 4681 2987 4740 Melitonis
3036 4683 3392 4755 aliorumque
3459 4678 3815 4738 Christianorum

499 4765 1014 4837 supplicationibus
1046 4774 1388 4836 permotum,
1443 4769 1740 4837 scripsisse
1791 4769 2089 4839 epistolam
2134 4789 2162 4827 a

2289 4786 2545 4827 ommtme
2601 4771 2764 4829 Asia.
2821 4771 2962 4844 Πρὸς
3015 4771 3077 4826 τὸ
3133 4771 3316 4827 κοινὸν
3369 4773 3468 4836 τῆς
3520 4768 3698 4830 Ἀσίας,
3745 4774 3817 4832 qut
3918 4779 3919 4844 j

572 4900 687 4972 (53)
718 4901 928 4975 Justin.
959 4900 1213 4975 _Mart_yr.
1247 4901 1501 4975 “Apolag.
1559 4920 1596 4958 ll
1640 4921 1738 4975 pro
1799 4905 2155 4973 Christianis,

503 4989 627 5043 cap.
665 4974 756 5047 14,
789 4988 915 5042 pag.
948 4973 1042 5047 36,
1071 4973 1205 5028 edit.
1245 4972 1516 5030 ilutchin.
1551 4972 1652 5031 seu
1680 4977 1870 5047 potius
1916 4978 2157 5034 Grabia-

490 5059 616 5110 πω,
650 5044 833 5099 Oxon.
869 5045 1027 5099 1703.

577 5117 688 5193 (85)
722 5115 924 5193 Euseb.
958 5115 1350 5193 ing/women,
1386 5117 1482 5174 lib.
1518 5127 1658 5190 post.
1695 5138 1818 5190 pag.
1850 5121 1976 5188 214,
2013 5121 2160 5193 ledit.

503 5188 709 5244 Scalie.
743 5192 922 5244 Amst.
959 5188 1118 5242 1658.

577 5261 689 5330 (36)
720 5265 785 5315 In
818 5262 1061 5331 corpore
1090 5261 1400 5331 Byzantina
1445 5261 1669 5328 obvius,
1723 5270 1856 5317 tom.
1911 5264 2006 5331 Ill,
2062 5262 2159 5318 fol.

504 5329 632 5408 296,
659 5329 800 5408 edit.
825 5330 1024 5408 venct.
1054 5335 1188 5408 ἔλυς’
1240 5329 1580 5408 Ὀλ-ομπιάς,
1634 5333 1697 5408 ς’.
1751 5331 1893 5408 Ἰνδ.
1927 5329 2001 5408 γ’.
2046 5334 2160 5388 Ὑπ.

489 5401 769 5485 ςῼρφίιτου
809 5403 919 5485 καὶ·
957 5399 1272 5485 Πούδεντος.
1335 5399 1506 5485 Nota,
1547 5399 1804 5485 nondum
1849 5399 2165 5462 absolutam

515 5475 818 5548 Eusebius,
869 5475 1188 5531 absolutam
1228 5491 1380 5548 vero
1419 5477 1830 5548 Olympiadem
1906 5485 2167 5536 numerat

516 5546 956 5613 Alexandrinus,
998 5555 1164 5616 atque
1222 5547 1298 5601 ita
1345 5547 1555 5617 subdit,
1606 5546 1902 5617 postquam
1957 5552 2028 5606 de
2064 5552 2163 5605 Ju-

520 5617 653 5689 sti_ni
685 5617 942 5689 Martyris
968 5627 1020 5673 et
1050 5620 1364 5689 Crescentis
1393 5619 1669 5689 Apologiis
1698 5621 1914 5681 dixerat
1944 5639 1957 5678 :
1995 5618 2169 5676 Ἀλλὰ

518 5683 608 5735 καὶ
665 5682 942 5752 Μελίίων,
998 5687 1275 5755 Ἀσιαιὺς,
1337 5682 1647 5763 Σαρδιανῶν
1701 5689 2015 5762 ἐπίσκοπος,
2077 5693 2169 5766 βι-

2269 4977 2357 5052 xui
2375 4974 2655 5052 γ’ἑτερονιγδέ
2683 4974 2912 5034 πολλοί.

2271 5124 2460 5178 ecclés.
2493 5123 2588 5178 cit.
2649 5122 2762 5178 loc.
2825 5128 2960 5178 nota
3005 5124 3086 5177 2:

2272 5195 2527 5264 ΑΡοιοθίε
2557 5196 2720 5262 apres
2751 5194 2874 5258 169,
2907 5202 2961 5249 et
2993 5195 3273 5262 peut-étre
3297 5195 3477 5250 meme
3503 5191 3650 5262 apres
3673 5185 3760 5264 lia.

2345 5259 2456 5336 (38)
2485 5259 2692 5334 Dupin,
2736 5259 3108 5336 Bibliothdque
3167 5267 3265 5322 de:
3319 5259 3551 5320 autem-5'
3594 5259 3818 5336 ecclesia“.

2275 5326 2509 5405 totnfl,
2571 5326 2694 5409 pag;
2755 5338 2873 5393 63:
2935 5359 2962 5386 «
3012 5326 3247 5394 liléliton
3304 5336 3487 5392 ﬂeurit
3531 5348 3648 5388 sous
3717 5326 3820 5409 Ιῗθιιξς

2276 5409 2395 5484 pire
2425 5393 2988 5484 debuero-Antoniu,
3020 5393 3061 5463 il
3091 5409 3414 5484 representa
3443 5424 3503 5463 sa
3525 5393 3824 5484 neque-.5”.

2277 5467 2576 5536 deuxieme
2604 5482 2789 5536 année
2818 5482 2886 5536 de
2908 5467 2996 5536 cet
3019 5467 3333 5550 empereur,
3365 5467 3824 5550 c’est-a-girela't'b‘3

2277 5554 2346 5608 de
2378 5555 2427 5607 la
2459 5551 2765 5610 Naissance
2795 5553 2865 5608 de
2893 5538 3292 5608 Jésus-Ohrist.
3321 5538 3345 5604 λ
3380 5550 3530 5607 Conf.
3579 5547 3701 5602 Dan.
3740 5538 3827 5593 Lar-

2277 5624 2512 5696 roqu'ani
2541 5623 2868 5681 Adversaria
2894 5639 3078 5695 sacra,
3109 5641 3236 5696 pag.
3267 5625 3390 5680 646.

2268 4899 2425 4982 ϐλ-ίογ
2458 4901 2978 4982 Ἀπολογίαςλέδῳκε
3031 4908 3153 4969 τοῖς
3203 4898 3544 4982 λελεγμένοις
3591 4896 3814 4976 Bestiam,

2341 5017 2835 5126 ΓΤίΗαροουι,
2895 5050 3176 5126 Me’ngoires
3221 5067 3381 5126 potin
3411 5051 3584 5105 servir
3627 5049 3664 5126 3'1
3696 5041 3819 5126 .t’llist:

3145 5120 3486 5198 SaMéliton
3541 5139 3571 5174 a
3603 5120 3818 5198 .écritson
