4034 6226
436 352 598 416 120⁵1.
1479 344 1543 402 S.
1590 343 1895 416 MELITO
1942 341 2304 403 SARDIUM
2349 341 2806 403 EPISCOPUS.
3657 351 3780 412 1208

425 485 488 542 in
517 484 856 556 quihusdam
887 480 1049 539 codd.
1087 496 1224 536 mss.
1259 477 1428 534 etiam
1459 477 1564 534 sub
1598 477 1760 534 titulo
1792 478 1867 532 De
1885 475 2268 547 assumptione
2300 474 2511 542 Maria},
2545 475 2661 531 sive
2716 475 2792 530 De
2848 473 3005 529 obitu
3061 472 3264 541 Μαι-ἔκ.
3329 475 3443 532 sive
3478 477 3595 532 aliis
3635 480 3791 538 adhuc

434 574 617 631 titulis
648 575 839 630 venire
871 571 1028 626 solet.
1061 569 1342 639 Antiquus
1373 568 1603 639 quidem
1632 575 1714 624 est
1745 567 1907 634 liber,
1944 573 2029 622 ast
2060 573 2212 621 certe
2255 566 2630 633 adulterinus,
2691 570 2745 620 et
2804 564 3010 620 Gelasii
3059 566 3175 635 jam
3232 581 3469 622 censura
3521 568 3575 624 in
3622 574 3794 639 synodo

433 669 693 720 Romana
723 664 804 718 sic
835 660 1185 731 proscriptus
1217 657 1326 730 (4’9)
1361 672 1374 713 :
1410 679 1438 708 ‹‹
1470 657 1657 727 Liber,
1691 657 1785 728 qui
1821 655 2133 727 appellatur
2160 657 2458 723 Transitus,
2484 656 2540 710 id
2594 660 2678 710 est
2733 653 3056 726 Assumptio
3111 654 3288 712 beata:
3350 655 3556 724 Mariae,
3606 675 3796 730 apocry-

429 754 598 823 phus,
632 774 661 802 ››
692 748 1045 807 Venerabilis
1074 748 1226 804 Beda
1256 747 1374 819 (50)
1405 746 1562 802 illius
1595 755 1860 817 tanquam
1889 745 2067 816 spurii
2123 751 2290 814 atque
2345 743 2693 812 supposititii
2750 744 2942 814 scripti
3003 744 3262 800 meminit
3319 746 3528 813 multis,
3584 749 3797 820 variaque

430 848 628 897 contra
659 839 916 897 veritatis
946 840 1196 908 speciem
1237 836 1479 893 conticta
1514 835 1718 892 exinde
1750 837 1982 906 profert,
2019 835 2109 889 hic
2142 833 2379 888 omnino
2405 832 2700 889 videndus.
2734 838 2781 886 A
2813 849 2924 903 quo
2954 834 3124 891 fuerit
3153 835 3398 905 scriptus
3455 836 3661 892 libellus
3696 854 3797 895 cum

429 945 545 986 non
578 929 818 993 dicatur,
853 927 978 984 sine
1007 925 1256 983 auctoris
1281 925 1445 981 titulo
1477 925 1663 996 ipsum
1698 925 1908 979 editum
1942 923 2118 979 fuisse
2167 922 2541 980 existimantis
2572 939 2704 980 cum
2764 924 3008 980 Baronio
3067 925 3202 998 (51),
3252 927 3348 982 cui
3403 934 3583 996 postea
3631 928 3800 985 otiosus

429 1019 715 1091 quispiam
745 1018 1049 1089 przetixcrit
1081 1017 1399 1088 speciosum
1432 1015 1659 1071 titulum
1690 1015 1980 1071 Melitonis
2008 1013 2303 1070 Sardcnsis
2331 1012 2603 1083 cpiscOpi.
2638 1014 2834 1069 Editus
2881 1021 2965 1070 est
3011 1031 3218 1086 septas
3280 1016 3472 1072 Latine
3527 1016 3583 1072 in
3633 1017 3804 1076 Biblio-

429 1108 611 1165 thecis
643 1108 891 1178 Patrum,
923 1124 976 1163 v.
1011 1122 1060 1163 ο.
1101 1123 1115 1161 :
1149 1107 1208 1160 in
1236 1105 1579 1162 Bibliotheca
1607 1111 1840 1162 Patrum
1871 1112 1924 1162 et
1944 1113 2190 1160 veterum
2215 1109 2506 1157 auctorum
2545 1103 3060 1172 ecclesiasticarum,
3091 1121 3215 1176 qum
3267 1104 3498 1162 Parisiis
3551 1122 3638 1176 per
3683 1107 3805 1163 Mar-

427 1197 692 1268 garinum
723 1197 792 1252 de
819 1195 872 1250 la
903 1196 1094 1265 Digne,
1126 1199 1193 1250 D.
1227 1192 1414 1261 Sorb.,
1452 1193 1608 1257 1624,
1646 1200 1813 1249 tomts
1842 1194 1896 1247 X
1928 1192 2158 1262 prodiit,
2192 1199 2245 1247 et.
2277 1191 2448 1248 editio
2476 1195 2673 1262 quarta
2705 1193 2932 1265 dicitur,
2969 1201 3118 1250 tomo
3174 1193 3296 1262 νυ,
3351 1194 3450 1250 fol.
3515 1195 3651 1264 580;
3699 1197 3802 1253 item

429 1296 493 1351 in
535 1295 787 1351 maxima
816 1293 918 1350 illa
942 1293 1302 1359 collectione,
1327 1308 1448 1362 quae
1505 1293 1574 1346 27
1631 1289 2021 1346 voluminibus
2069 1289 2332 1362 Lugduni
2398 1291 2558 1359 1677,
2618 1295 2742 1361 post
2797 1292 3062 1363 Bigneam
3121 1297 3176 1348 ct
3230 1293 3619 1350 Coloniensem
3672 1309 3806 1366 supra

427 1388 663 1440 centum
702 1382 1029 1439 auctoribus
1059 1387 1113 1438 et
1144 1380 1437 1451 cpusculis
1465 1379 1744 1436 hactenus
1774 1380 2102 1436 desideratis
2134 1380 2480 1450 locupletata
2511 1380 2658 1435 edita
2691 1380 2813 1447 fuit,
2869 1389 3002 1436 tom.
3069 1381 3141 1447 ll,
3202 1390 3363 1452 parte
3423 1400 3483 1448 ιι,
3549 1400 3661 1453 pag.
3708 1385 3804 1464 212ν

426 1482 480 1530 et
509 1474 568 1530 in
597 1473 932 1529 Bibliotheca
963 1471 1372 1529 concionatoria
1400 1471 1750 1536 Combetisii,
1785 1479 1938 1527 tomo
1972 1471 2087 1536 VII,
2119 1487 2246 1541 pag.
2283 1469 2406 1524 646.
2457 1469 2695 1525 Additur
2755 1478 2944 1526 tamen
2993 1487 3237 1542 semper,
3300 1471 3459 1528 hunc
3507 1471 3736 1527 libellum
3761 1474 3805 1529 in

426 1563 736 1633 Hispanico
779 1563 967 1620 indice
1001 1562 1276 1618 librorum
1307 1562 1806 1632 cxpurgandorum
1841 1561 2162 1633 (52)juberi
2215 1559 2468 1630 expungi
2499 1577 2531 1614 ει
2588 1575 2714 1630 cap.
2747 1561 2781 1614 8
2839 1561 2909 1616 ad
2969 1561 3166 1632 finem,
3225 1563 3363 1634 quia
3420 1563 3481 1618 in
3529 1579 3592 1618 eo
3641 1564 3807 1634 scripta

370 1688 375 1694 ι
430 1653 754 1710 habeantur
785 1661 941 1709 tanto
975 1654 1091 1708 viro
1117 1653 1538 1722 indignissima,
1572 1651 1948 1721 etejusmodi,
2007 1668 2130 1722 quae
2160 1649 2549 1720 apostolorum
2603 1649 2760 1706 Actis
2819 1660 3158 1721 repugnent,
3215 1652 3368 1722 quod
3397 1651 3647 1724 pluribus
3686 1668 3808 1723 argu-

431 1743 642 1799 mentis
672 1743 1133 1799 demonstrarunt
1166 1742 1406 1798 ulterius
1437 1742 1831 1812 Rivetus(53),
1865 1740 2293 1811 Nourrius(5/t),
2355 1739 2536 1794 Natal.
2596 1740 2917 1796 Alexander
2966 1741 3096 1812 (55),
3161 1740 3496 1798 Lambecius
3551 1743 3672 1813 (56),
3717 1743 3810 1797 alii-

433 1847 543 1903 que
578 1853 593 1899 ;
627 1831 704 1888 ita
733 1836 794 1887 ut
827 1831 1032 1888 mirum
1065 1847 1313 1888 errorem
1339 1831 1610 1888 erraverit
1639 1831 1877 1888 omnino
1909 1829 2275 1900 Trithemius,
2335 1828 2454 1900 qui,
2487 1835 2548 1884 ut
2604 1829 2855 1886 vidimus
2909 1846 3098 1902 supra,
3157 1830 3321 1888 illum
3382 1831 3533 1888 inter
3585 1832 3808 1904 genuinas

435 1919 735 1978 Melitonis
763 1919 1187 1977 lucubrationes
1214 1920 1631 1978 adnumeravit.

1067 2123 1400 2186 OPERUM
1447 2120 2073 2184 DEPERDITORUM
2120 2121 2183 2181 S.
2234 2117 2674 2181 MELITONIS
2718 2120 3224 2182 FRAGMENTA.

510 2257 615 2314 Sed
640 2256 757 2327 jam
788 2256 857 2313 ad
890 2257 1223 2328 fragmenta,
1256 2271 1495 2328 quorum
1551 2255 1823 2312 hactenus
1874 2253 2111 2312 memini
2166 2255 2372 2325 obiter,
2430 2252 2721 2310 recitanda
2782 2254 3128 2325 progredior.
3189 2253 3682 2311 Conscntientibus
3721 2269 3817 2310 om-

437 2343 608 2400 nibus
629 2346 802 2415 aaquis
852 2345 1187 2401 Christiana
1244 2344 1604 2415 antiquitatis
1665 2344 2018 2412 censoribus,
2052 2344 2191 2400 utile
2243 2361 2466 2415 semper
2525 2345 2631 2400 fuit
2690 2351 3008 2416 reputatum
3065 2361 3263 2403 eorum
3299 2346 3638 2412 institutum,
3667 2344 3745 2415 qui
3771 2345 3817 2399 in

439 2432 774 2503 colligendis
803 2434 1224 2503 depcrditorum
1259 2433 1538 2489 librorum
1574 2433 1926 2504 fragmentis,
1959 2433 2092 2490 hinc
2117 2433 2250 2490 inde
2281 2435 2428 2505 apud
2458 2441 2718 2490 auctores
2764 2434 2967 2504 obviis,
3021 2435 3247 2492 fuerunt
3316 2435 3573 2491 studiosi.
3624 2433 3814 2490 Grabius

441 2520 550 2578 hoc
590 2522 823 2578 nomine
851 2522 1148 2594 Spicilegio
1179 2538 1279 2578 suo
1306 2531 1550 2593 patrum,
1601 2530 1661 2576 ut
1699 2525 1750 2578 et
1797 2523 2204 2580 [hereticorum
2248 2540 2376 2582 saec.
2420 2544 2458 2593 ι,
2516 2543 2576 2594 ιι,
2624 2541 2705 2594 ιιι,
2757 2526 2827 2580 de
2868 2526 3003 2583 orbe
3040 2526 3286 2583 litterato
3344 2527 3550 2583 meruit
3599 2526 3813 2596 egregie;

441 2611 538 2668 sed
569 2610 712 2666 nihil
743 2612 890 2683 apud
923 2612 1184 2668 eumdem
1217 2613 1285 2668 dc
1315 2612 1581 2668 Melitone
1613 2620 1802 2667 nostro
1855 2614 2120 2670 occurrit.
2168 2614 2470 2670 Laudande
2528 2614 2632 2670 hac
2688 2631 2754 2670 cx
2807 2622 2962 2685 parte
3017 2617 3408 2686 maximopere
3463 2622 3545 2672 est
3600 2613 3814 2670 Halloixii

444 2715 632 2771 opera,
677 2699 775 2771 qui
799 2699 1295 2756 Mclitonianorum
1325 2701 1768 2770 fragmentorum
1792 2701 2266 2772 diligentissimus
2296 2705 2554 2761 omnium
2588 2706 2802 2761 exstitit
2859 2705 3148 2776 collector,
3205 2708 3574 2778 eruditosque
3629 2706 3815 2775 insuper

445 2805 644 2846 omnes
684 2789 760 2845 ita
789 2798 872 2845 est
896 2789 1208 2846 obtestatus
1241 2807 1253 2846 :
1287 2790 1342 2845 Si
1377 2790 1504 2861 quis
1526 2797 1725 2860 prmter
1753 2789 1869 2845 haec
1899 2792 2156 2849 nancisci
2213 2793 2427 2864 aliquid
2484 2810 2693 2850 novum
2740 2794 2938 2865 possit,
2969 2797 3082 2864 det,
3149 2795 3382 2863 amabo,
3438 2795 3496 2850 in
3553 2793 3813 2864 publicum,

446 2884 500 2935 et
530 2877 674 2934 bene
703 2879 771 2934 de
800 2877 1052 2935 Ecclesia
1083 2879 1432 2947 merebitur;
1468 2878 1664 2934 talium
1688 2879 1840 2935 enim
1872 2879 2120 2937 virorum
2173 2883 2400 2952 scripta,
2462 2891 2790 2940 sanctarum
2849 2884 3026 2940 instar
3083 2884 3459 2956 reliquiarum
3517 2890 3656 2940 sunt.
3708 2884 3815 2937 Cum

447 2966 622 3036 igitur
647 2965 786 3021 mihi
817 2966 985 3023 liceat
1011 2983 1132 3023 esse
1167 2976 1280 3023 tam
1311 2968 1486 3034 felici,
1521 2971 1582 3022 ut
1610 2967 1778 3038 longe
1807 2967 1990 3039 plura,
2023 2985 2191 3040 quam
2222 2971 2320 3027 ille
2353 2971 2537 3037 habet,
2565 2972 2657 3028 hic
2684 2989 2970 3043 apponere
3001 2973 3216 3044 possim
3261 2973 3598 3043 fragmenta,
3648 2969 3809 3025 iisdem

449 3055 544 3110 hic
574 3055 745 3111 simul
776 3056 1043 3112 exhibitis
1075 3056 1336 3112 claudam
1369 3063 1710 3128 praesentem
1741 3056 2244 3128 scriptinnculam,
2275 3060 2331 3114 id
2355 3060 2659 3129 diligenter
2690 3062 3088 3132 adnotaturus,
3113 3078 3146 3118 ο
3176 3061 3388 3133 quibus
3417 3061 3522 3117 ista
3563 3057 3743 3116 fuerint
3765 3054 3818 3109 ab

448 3143 681 3201 interitu
713 3152 950 3215 servata,
982 3153 1036 3202 et
1059 3161 1184 3216 quae
1216 3161 1361 3202 nova
1391 3147 1524 3213 sint,
1560 3161 1680 3216 quae
1714 3161 1844 3203 vero
1871 3147 2111 3220 jamjam
2142 3147 2342 3205 habeat
2374 3148 2704 3205 Halloixius.

1605 3273 1632 3340 §
1661 3270 1703 3328 Ι.
1735 3272 2054 3344 Fragment.
2080 3287 2150 3328 ex
2179 3272 2278 3330 lib.
2312 3275 2388 3329 De
2415 3272 2706 3330 Paschate.

522 3394 922 3468 Fragmentum
952 3396 1200 3468 primum
1231 3412 1298 3453 cx
1329 3396 1448 3467 ejus
1479 3395 1656 3466 libris,
1693 3412 1838 3470 quos
1865 3397 1939 3454 De
1970 3397 2253 3456 Paschate.
2277 3399 2544 3465 confecit,
2577 3399 2945 3468 desumptum
2977 3405 3084 3466 est,
3116 3405 3283 3471 atque
3324 3398 3480 3472 apud
3534 3396 3810 3464 Eusebium,

448 3488 588 3544 Hist.
621 3487 810 3542 eccles.
844 3486 944 3543 lib.
971 3504 1047 3558 ιν,
1078 3503 1202 3557 cap.
1234 3487 1325 3555 26,
1350 3503 1479 3558 pag.
1514 3487 1639 3559 189,
1669 3487 1937 3546 editionis
1983 3488 2300 3560 Readingii,
2350 3493 2548 3545 exstat.
2605 3491 2686 3544 De
2743 3502 2808 3544 eo
2878 3487 2955 3543 ita
3011 3488 3276 3559 praefatur
3336 3488 3683 3546 Caesariensis
3709 3503 3721 3542 :
3747 3484 3809 3539 Ἐν

456 3576 553 3648 μὶν
586 3573 676 3630 οὖν
707 3580 822 3638 τοῖς
850 3575 1080 3651 περὶιοῦ
1112 3565 1325 3651 Πάσχα,
1357 3576 1446 3630 τὸν
1475 3575 1696 3651 χρόνον,
1728 3578 1846 3641 καθ’
1873 3576 1930 3632 ὃν
1965 3574 2294 3646 συνέταττεν,
2328 3577 2637 3651 ἀρχόμενος
2691 3573 2945 3648 σημαίνει
2993 3573 3044 3630 ἐν
3092 3576 3329 3638 τούτοις·
3377 3600 3404 3628 ‹‹
3468 3579 3530 3633 In
3586 3576 3711 3632 libro
3753 3572 3810 3627 De

453 3668 685 3737 Pascha,
720 3675 939 3739 tempus
964 3668 1172 3739 ipsum,
1199 3685 1307 3741 quo
1339 3669 1636 3738 scribebat,
1661 3669 1720 3726 in
1752 3669 2033 3742 principio
2063 3669 2248 3740 cperis
2269 3667 2355 3723 sui
2386 3667 2645 3738 designat
2679 3667 2766 3722 bis
2798 3665 3014 3722 verbis:
3053 3687 3082 3716 »

2292 3834 2414 3892 Ἐπὶ
2457 3833 2780 3911 Σερουϊλίου
2815 3831 3033 3889 Παύλου
3063 3833 3371 3899 ἀνθυπάτου
3416 3841 3515 3906 τῆς
3571 3829 3746 3901 Ἀσίας,

2221 3925 2449 4002 Σέγαρις
2507 3927 2621 3996 (57)
2677 3929 2852 3999 καιρῷ
2911 3923 3298 4001 ἐμαρτύρησεν,
3357 3923 3565 4000 ἐγένὶτο
3641 3923 3818 3991 {vitam

2219 4013 2410 4082 πολλή
2463 4011 2757 4086 Λαοδικείᾳ
2807 4015 2929 4089 περὶ
2980 4017 3077 4068 τοῦ
3134 4015 3330 4088 Πάσχα
3386 4015 3518 4086 (58),
3544 4011 3815 4086 ἐμπεσόντος

527 3838 764 3895 Servilio
819 3838 998 3895 Paulo
1057 3839 1204 3895 Asia
1253 3840 1610 3910 proconsule,
1670 3856 1779 3912 quo
1861 3847 2111 3911 tempore

457 3929 686 4000 Sagaris
729 3928 1057 3998 martyrium
1109 3945 1412 3999 perpessus
1462 3932 1570 3995 est,
1621 3945 1825 4000 magna
1882 3935 2110 3985 contro-

459 4018 640 4074 versia
660 4018 947 4074 Laodiceae
971 4018 1213 4073 excitata
1244 4024 1327 4073 est
1360 4019 1428 4073 de
1458 4018 1813 4075 solemnitate
1865 4019 2114 4076 Pascha-

539 4147 657 4272 (49)
710 4145 846 4200 Vide
906 4147 1246 4202 Fontanium
1302 4147 1362 4201 in
1413 4148 1851 4228 Antiquitatibus
1925 4150 2116 4230 Hertz
2294 4147 2660 4228 (54)Nic.he
2687 4146 2907 4229 Nourry
2963 4146 3025 4201 in
3082 4147 3376 4218 Apparatu
3430 4145 3502 4202 ad
3551 4141 3814 4201 Bibliotheca

563 4230 710 4272 antae
738 4217 1111 4272 Etruscorum.
1163 4234 1215 4272 ι).
1277 4218 1402 4272 328.
1459 4218 1554 4272 ubi
1611 4221 1904 4272 decretum
1962 4221 2115 4272 istud
2222 4221 2338 4272 PP.
2371 4219 2677 4272 max..ltb.
2713 4235 2775 4272 ιι.
2808 4220 2942 4272 diss.
2976 4217 3032 4272 5.
3066 4218 3162 4272 fol.
3187 4219 3315 4272 558.

462 4217 710 4275 Coloniae
738 4217 1111 4281 Etruscorum,
1163 4234 1215 4286 p.
1277 4218 1402 4285 328,
1459 4217 1562 4272 ubi
1611 4221 1904 4276 decretum
1962 4221 2115 4274 istud
2222 4217 2338 4276 PP.
2371 4219 2677 4285 max.,lib.
2713 4235 2775 4285 ιι,
2808 4217 2942 4273 diss.
2976 4217 3032 4284 5,
3066 4217 3315 4275 101.558.

464 4289 956 4371 Gellaﬁsii‘accurate
975 4288 1294 4371 exhibetur.
1355 4361 1364 4371 Ι
1469 4361 1479 4371 _
1525 4363 1534 4371 _
1743 4365 1752 4371 _
1799 4361 1811 4371 _
2063 4363 2091 4371 _
2272 4291 2417 4371 ‘(_55)
2449 4289 2575 4371 Nat.
2608 4289 2816 4371 _Al_ex.,
2876 4290 3052 4371 ῌξει.⁵
3081 4292 3461 4371 eccles.__tom.
3505 4288 3678 4371 llI,_p.

539 4362 648 4431 (50)
671 4358 841 4432 Beda.
876 4360 935 4414 in
970 4361 1313 4432 Retractione
1341 4361 1402 4432 in
1443 4361 1574 4415 Acta
1604 4361 1828 4432 apostol.
1884 4377 2009 4432 cap.
2060 4363 2114 4416 8.
2230 4354 2327 4417 ubi
2361 4354 2577 4416 erudita
2607 4354 2866 4430 lectuquc
2895 4360 3240 4431 dignissima
3262 4354 3813 4432 dissertatio'D—eulibro

467 4446 637 4502 quem
668 4431 858 4504 locum
887 4431 1056 4486 etiam
1090 4431 1318 4504 exhibet
1339 4431 1464 4486 Nat.
1501 4431 1650 4488 Alex‘
1681 4449 1730 4488 ο.
1775 4433 1837 4502 1.,
1870 4449 1927 4504 Ρ.
1958 4431 2113 4488 ί298.

543 4504 653 4573 (51)
684 4502 889 4558 Baron.
921 4503 1125 4557 Annal.
1157 4503 1225 4557 ad
1256 4521 1389 4558 ann.
1416 4503 1505 4570 48,
1539 4511 1680 4560 sect.
1705 4504 1793 4561 12.

541 4574 656 4645 (62)
691 4575 768 4629 Ad
802 4591 1003 4629 manus
1034 4575 1137 4630 fuit
1193 4574 1427 4631 Antonii
1485 4594 1514 4630 a
1573 4576 1889 4631 Sotomaior
1946 4576 2119 4633 Indos:

474 4646 750 4718 librorum
769 4645 1176 4718 prohibitorum
1209 4650 1259 4702 et
1289 4649 2119 4718 expurgandorumnooissimus

515 4715 886 4791 rocatholjcis
911 4717 1335 4791 Hispaniarum
1363 4715 1510 4786 regis
1568 4719 1822 4790 Philippi
1879 4721 1965 4791 IV,
1989 4789 1997 4791 ᾗ
2025 4719 2118 4791 qui

535 4788 699 4843 adriti
731 4787 891 4853 1667,
926 4787 1122 4844 in-‘t‘ol.
1160 4789 1390 4858 prodiit,
1424 4791 1633 4858 ibique,
1687 4787 1772 4844 Β.
1805 4793 1881 4846 ΙΙΙ
1941 4787 2119 4845 Class.

471 4876 530 4930 p.
570 4859 690 4926 151,
726 4861 1017 4932 sequentia
1049 4861 1280 4916 inveni:
1333 4862 1450 4915 Col.
1514 4861 1670 4930 1511,
1720 4871 1844 4932 post
1903 4864 2117 4931 praefat.

471 4929 617 5003 adde
649 4947 668 4983 :
705 4949 732 4982 «ι
792 4929 944 5000 Opus
1002 4932 1417 5001 apocrypbum,
1472 4940 1528 4988 et
1580 4929 1737 4989 falso
1780 4929 2120 5003 inscriptum

472 5002 749 5057 Melitonl.
797 5023 826 5050 n
859 5003 974 5058 Col.
1013 5004 1171 5067 1514,
1207 5004 1388 5057 littera
1435 5004 1492 5057 Β.
1555 5008 1681 5073 post
1737 5003 1836 5059 illa
1902 5002 2119 5059 verba:

473 5075 665 5130 «Cum
699 5073 778 5128 eis
809 5073 1040 5139 Paulus,
1074 5096 1101 5123 ››
1144 5073 1270 5130 dele
1303 5089 1475 5143 usque
1493 5077 1559 5130 ad
1597 5098 1623 5124 ‹‹
1682 5077 1761 5129 Ex
1817 5075 2118 5131 circumci-

472 5145 632 5201 sione
662 5160 994 5214 conversus,
1029 5167 1056 5194 ››
1099 5147 1526 5201 exclusive.Col.
1564 5148 1724 5212 1515,
1763 5146 1867 5202 litt.
1900 5149 1964 5213 A,
2001 5154 2122 5215 post

470 5217 610 5272 illud
647 5233 660 5272 :
695 5237 723 5266 ‹‹
748 5216 860 5271 Vos
894 5217 1003 5272 huc
1034 5218 1291 5283 adduxit,
1321 5239 1349 5265 ››
1381 5217 1506 5272 dele
1541 5233 1715 5287 usque
1746 5217 1860 5273 ad:
1897 5240 1924 5268 ‹‹
1959 5219 2124 5276 Nunc

469 5305 600 5356 ergo
657 5288 952 5358 deprecor,
1030 5309 1054 5339 ιι
1117 5289 1420 5344 exclusive.
1485 5289 1688 5344 Eadem
1743 5289 1851 5344 col.
1912 5288 1993 5344 lit.
2057 5294 2120 5346 D.

470 5362 595 5415 dele
624 5375 748 5430 cap.
798 5361 852 5427 8,
907 5368 960 5431 et
1008 5361 1301 5431 sequentia
1349 5361 1536 5431 capita
1599 5375 1772 5430 usque
1829 5362 1898 5416 ad
1951 5362 2121 5417 linem

475 5432 681 5500 cperis,
714 5430 964 5501 exceptis
993 5430 1477 5489 adnotationibus.
1524 5434 1742 5489 Citatur
1801 5432 1972 5488 editio
2019 5438 2124 5488 Pa-

474 5503 686 5557 risiana
719 5503 880 5558 1589.

549 5573 919 5648 (53)ARivetus
949 5574 1009 5630 in
1042 5574 1243 5631 Critico
1264 5591 1439 5644 sacro,
1462 5574 1564 5631 lib.
1596 5593 1656 5645 ιι,
1689 5592 1814 5648 cap.
1847 5577 1903 5645 7,
1932 5575 2121 5646 p.201,

477 5647 618 5698 etin
650 5645 910 5715 Apologia
935 5661 1035 5716 pro
1085 5649 1295 5719 virgine
1332 5649 1537 5719 Maria,
1592 5647 1690 5704 lib.
1743 5645 1784 5713 ί,
1848 5645 1974 5720 Cap.
2031 5648 2122 5702 21.

2227 4434 2470 4488 Mclitoni
2498 4433 2702 4503 afﬁcto,
2744 4427 2842 4503 qui
2898 4427 3241 4498 inEcribitur,
3294 4433 3360 4488 de
3389 4430 3625 4487 transitu
3675 4427 3812 4503 Virgi-

2229 4508 2335 4574 nis,
2377 4499 2578 4570 exstat,
2635 4503 2708 4560 ob
2751 4499 2928 4574 quam
2979 4520 3012 4559 a
3068 4504 3406 4560 censoribus
3462 4505 3578 4559 suis
3621 4499 3810 4556 multum

2229 4578 2331 4633 fuit
2363 4575 2684 4642 castigatus.

2290 4636 2796 4774 l(5:5t)511.a':n:)8e§ius,
2830 4645 3187 4702 Bibliotheca
3220 4646 3510 4703 Vindobon.
3548 4651 3670 4700 tom.
3695 4636 3809 4704 Vill»

2316 4760 2326 4772 .
2428 4739 2434 4748 ·
2487 4734 2516 4773 e
2686 4758 2698 4772 .

2229 4720 2326 4776 fol.
2356 4720 2453 4772 161
2487 4722 2544 4773 et
2578 4720 2698 4772 189.

2303 4790 2415 4866 (57)
2466 4789 2712 4866 Sugaris,
2782 4788 2945 4866 cujus
2998 4789 3091 4846 hic
3148 4789 3516 4866 mentioirﬁt,
3572 4785 3811 4866 episcopi!s

2232 4854 2580 4917 Laodi'cenu's
2607 4854 2734 4926 fuit,
2768 4869 2823 4915 et
2849 4854 2913 4915 in
2953 4863 3344 4931 persecutione
3375 4865 3446 4916 Μ.
3481 4854 3673 4915 Aurelii
3722 4854 3809 4930 Αιι-

2232 4934 2420 4989 tonint
2467 4940 2683 5002 martyr
2738 4931 2902 4998 obiit,
2958 4935 3028 4990 de
3087 4949 3196 4999 quo
3224 4935 3417 4989 confer
3445 4932 3806 5002 Humanum}?

2229 5005 2372 5060 Acti-5
2395 4989 2709 5076 martyrum
2728 4989 3284 5076 sinceris,p.2§.edit.
3311 5002 3541 5076 Amstel.
3561 4989 3808 5076 1713,1201;

2303 5077 2413 5146 (58)
2455 5063 2946 5131 Dc'controvcrsia
2976 5063 3082 5130 ista
3112 5093 3304 5146 supra,
3335 5078 3402 5131 ad
3450 5072 3663 5130 titulum
3715 5063 3808 5146 libri

2232 5135 2622 5216 De‘Paschate,
2655 5146 2937 5202 nonnulla
2993 5135 3221 5202 fuerunt
3267 5135 3433 5204 dicta.
3469 5146 3626 5217 Plura
3660 5135 3806 5217 qu_i_de

2233 5235 2297 5291 ea
2329 5219 2473 5291 scire
2496 5209 2934 5291 voluerit._adeat
2951 5217 3228 5275 Jacobum
3265 5218 3537 5275 Usserium
3591 5216 3644 5270 in
3671 5209 3807 5291 illi“;

2231 5290 2295 5344 de
2324 5290 2532 5360 Ignatii
2559 5289 2822 5361 epistolis,
2854 5306 2979 5360 cap,
3014 5291 3101 5354 14,
3155 5307 3210 5359 p.
3268 5292 3359 5356 95,
3412 5303 3576 5361 quam
3624 5283 3806 5361 cdjtiont

2234 5353 2533 5431 suae'longe
2564 5353 2871 5417 rarissimae
2897 5353 3267 5432 Epistolarum
3300 5353 3580 5430 Poly'carpi
3607 5365 3653 5432 et
3682 5353 3805 5420 180⁸·

2236 5433 2321 5508 tii,
2344 5427 2517 5508 proin
2532 5434 2746 5508 .__164<t,
2780 5427 3277 5508 in-dfprtpmisit;
3328 5427 3443 5508 Jos.
3481 5427 3808 5508 Binghamut'n

2232 5487 2650 5577 afen-gem...
2669 5487 2798 5560 is.
2833 5487 3277 5577 ,ιηίίειέιειᾱιίωεέ
3303 5487 3673 5577 ecclesiastici},
3699 5487 3803 5577 ,τοις

2236 5575 2330 5644 ΙΧ,
2381 5568 2448 5646 pf
2492 5577 2595 5644 89;
2643 5577 2773 5632 Joh.
2842 5568 3019 5633 Andr.
3092 5573 3564 5646 Schmidiumtin
3607 5568 3803 5646 Historia

2231 5637 2498 5718 festorum
2522 5637 3041 5718 et'Dominicarum,
3071 5665 3128 5721 p.
3165 5647 3305 5719 123;
3338 5637 3462 5705 (εἷο.⁷
3492 5645 3643 5701 Henr.
3693 5637 3805 5692 Goe-
