4000 6220
245 373 409 436 1209

1701 373 2218 438 FRAGMENTA.

3507 385 3666 448 1210

241 502 385 562 κατᾶ
421 501 609 580 καιρὸν
643 500 696 558 ἓν
728 498 959 565 ἰκείναις
992 504 1113 567 ταῖς
1141 501 1374 579 ἡμέραις
1403 504 1516 576 (59)
1569 503 1659 558 καὶ
1689 501 1879 583 ἔγράιρτ

2012 505 2075 573 li,
2106 521 2227 578 qua
2259 509 2592 580 tempestive
2648 511 2710 568 in
2765 513 2897 570 illos
2955 513 3076 570 dies
3116 513 3417 573 inciderat.
3450 517 3666 584 Quibus

241 599 438 652 ταῦτα.

2005 595 2172 651 etiam
2208 597 2409 654 diebus
2437 599 2554 656 haec
2585 619 2617 656 a
2649 600 2812 658 nobis
2843 603 3153 674 perscripta
3182 608 3335 660 sunt.
3439 636 3454 648 π

319 686 548 742 Videtur
574 685 680 743 hoc
711 685 1111 756 fragmentum,
1142 685 1291 758 quod
1325 685 1474 756 apud
1504 685 1796 742 Bullinum
1821 684 1930 756 (60)
1955 690 2008 738 ct
2040 684 2422 756 Nicephorum
2473 691 2586 761 (6|)
2650 707 2870 763 quoque
2916 692 3198 759 invenies,
3248 693 3476 750 initium
3536 704 3659 752 esse

242 775 429 846 ipsius
458 776 649 847 operis
680 790 695 842 ;
724 791 834 847 quo
866 775 1152 832 scribendi
1183 776 1540 832 occasionem
1567 781 1828 832 accurate
1857 774 2107 844 exponit.
2138 775 2417 835 Exhibent
2473 780 2622 837 istud
2684 781 3018 850 lialloixius,
3061 783 3478 854 'l‘illemontius,
3515 786 3660 844 Ben-

243 864 512 922 themius.

1312 954 1342 1027 ﬁ
1375 953 1443 1010 ll.
1477 955 1921 1022 Fragmenta‘ex
1977 953 2248 1026 Apologia
2296 954 2585 1013 Melitom's.

306 1055 564 1112 Alterum
598 1054 978 1124 fragmentum
1013 1053 1289 1111 Eusebius
1328 1054 1424 1110 cit.
1457 1053 1570 1110 loc.
1604 1054 1807 1110 iterum
1850 1052 2024 1119 dabit,
2057 1056 2207 1125 quod
2267 1072 2335 1112 ex
2399 1057 2668 1128 Apologia
2717 1059 2786 1114 ad
2839 1059 3010 1114 Marc.
3072 1059 3259 1115 Aurel.
3306 1060 3656 1118 Antoninum

231 1143 379 1214 imp.
413 1144 714 1212 nonnulla,
748 1151 830 1200 ast
865 1143 1151 1215 quantivis
1173 1142 1359 1215 pretii,
1392 1138 1683 1215 κλασματα
1713 1142 1879 1208 sistit,

2024 1143 2256 1214 quibus,
2286 1145 2360 1200 ita
2391 1146 2669 1203 Eusebius
2702 1163 2716 1202 :
2752 1147 2836 1200 ’Ev
2864 1143 2921 1201 δὲ
2969 1150 3048 1218 τῷ
3098 1147 3235 1221 πρὸς
3260 1147 3351 1201 τὸν
3386 1146 3656 1223 αὐτοκρά-

230 1251 370 1306 τορα
403 1229 607 1308 βιϐλίῳ
637 1230 863 1289 τοιαῦτά
891 1253 1013 1288 τινα
1041 1233 1161 1296 καθ’
1193 1234 1356 1305 ἡμῶν
1389 1229 1471 1286 ἐπ’
1523 1230 1690 1285 αὐτοῦ
1748 1250 1878 1305 γεγο

2015 1252 2028 1284 ι
2088 1232 2311 1309 inops?
2341 1257 2369 1287 «
2401 1239 2530 1294 Jam
2556 1254 2688 1296 vero
2729 1239 2789 1294 in
2838 1254 2902 1295 eo
2934 1238 3078 1294 libro
3119 1255 3287 1310 quem
3326 1239 3654 1310 imperatori

232 1325 612 1396 nuncupavit,
649 1323 780 1379 talia
809 1325 1072 1396 quadam
1102 1324 1369 1382 adversus
1403 1338 1508 1379 nos
1539 1321 1644 1377 sub
1678 1321 1777 1377 illo
1809 1323 1955 1378 facta
1985 1339 2105 1380 esse
2137 1333 2429 1384 memorat.
2464 1349 2491 1376 »

313 1460 392 1516 Τὸ
421 1459 523 1536 γὰρ
564 1457 916 1515 οὐδεπώποτε
963 1462 1077 1533 (62)
1135 1459 1444 1536 γενόμενον,
1492 1461 1581 1512 νῦν
1640 1453 1894 1511 διώκεται

229 1548 296 1604 τὸ
328 1551 436 1603 τῶν
471 1543 735 1602 θεοσεϐὦν
767 1548 941 1622 γένος,
999 1553 1208 1610 καινοῖς
1267 1546 1624 1619 ἐλαυνόμενον
1679 1542 1887 1620 δόγμα-

228 1659 282 1692 σι
316 1639 430 1712 (63)
463 1637 598 1692 κατὰ
619 1639 720 1705 τήν
752 1635 936 1692 Ἀσίαν
957 1639 1093 1710 (64).
1125 1637 1191 1694 O't
1221 1637 1322 1713 γὰρ
1357 1633 1594 1698 ἀναιδεῖς
1625 1635 1886 1712 συκοφάν-

224 1748 315 1782 ται
347 1724 572 1781 καῖτῶν
617 1724 932 1802 ἀλλοτρίων
993 1725 1208 1802 ἐρασταὶ
1265 1727 1365 1795 τὴν
1425 1723 1484 1780 ἐκ
1534 1729 1640 1780 τῶν
1701 1722 1888 1779 διατα-

226 1817 458 1891 γμάτων
539 1810 758 1892 ἔχοντες
854 1815 1135 1896 ἀφορμὴν,
1213 1819 1451 1894 φανερῶς
1535 1812 1884 1890 λῃστεύουσι,

218 1905 436 1981 νύκτωρ
458 1905 544 1960 καὶ
587 1904 899 1980 μεθημέραν
924 1902 1312 1981 διαρπάζοντες
1360 1908 1471 1979 (65)
1527 1905 1655 1967 τοὺς
1713 1899 1881 1978 μηδὲν

226 1991 575 2058 ἀδικοῦντας.

2077 1444 2232 1507 Quod
2268 1445 2421 1502 enim
2446 1462 2736 1518 nunquam
2769 1452 2934 1504 antea
2962 1448 3172 1505 factum
3206 1447 3405 1514 fuerat,
3460 1464 3650 1520 perse-

2000 1535 2287 1590 cutionem
2320 1552 2479 1592 nunc
2510 1537 2720 1606 patitur
2750 1537 2972 1608 piorum
3005 1537 3305 1593 hominum
3329 1553 3527 1608 genus,
3548 1554 3650 1594 no-

2001 1623 2080 1678 vis
2112 1641 2210 1694 per
2256 1625 2447 1680 Asiam
2476 1625 2716 1682 decretis
2747 1627 3109 1697 exagitatum.
3164 1628 3652 1698 Impudentissimi

1998 1730 2246 1787 namque
2277 1717 2552 1773 delatores
2617 1725 2670 1772 et
2719 1719 3032 1774 alienarum
3089 1733 3260 1789 opum
3309 1718 3520 1788 cupidi,
3581 1735 3649 1774 ex

1996 1804 2166 1860 editis
2198 1807 2554 1863 occasionem
2591 1809 2764 1876 nacti,
2797 1807 2982 1879 palam
3015 1809 3112 1863 diu
3173 1819 3456 1879 noctuque
3487 1824 3642 1878 gras-

1995 1899 2191 1952 santur
2217 1897 2575 1969 spoliantque
2608 1897 2864 1953 homines
2893 1897 3180 1956 innoxios.

1616 2093 1714 2150 Καὶ
1758 2095 1875 2169 μεθ’
1902 2091 2059 2169 ἕτερα
2088 2091 2242 2169 φησί’

297 2193 397 2252 Καὶ
429 2194 474 2251 εἶ
507 2194 602 2270 μὲν
655 2197 752 2249 σοῦ
799 2191 1156 2258 κελεύσαντος
1214 2196 1327 2270 (66)
1364 2198 1532 2250 ταῦτα
1562 2193 1872 2270 πράττεται,

217 2285 361 2342 ἓστω
392 2283 575 2348 καλῶς
603 2284 920 2361 γενόμενον.
955 2284 1171 2346 Δίκαιος
1201 2286 1306 2362 γὰρ
1353 2284 1608 2360 βασιλεὺς
1657 2285 1756 2341 οὐκ
1811 2284 1871 2340 ἄν

221 2372 430 2437 ἀδίκως
463 2373 818 2450 βουλεύσαιτο
850 2375 1094 2431 πώποτε·
1130 2376 1220 2430 καὶ
1277 2376 1442 2448 ἡμεῖς
1501 2372 1678 2445 ἡδέως
1712 2372 1879 2454 φέρο-

228 2485 329 2539 μεν
383 2469 482 2520 τοῦ
539 2463 794 2520 τοιούτου
856 2463 1086 2518 θανάτου
1125 2462 1187 2518 τὸ
1243 2464 1423 2540 γέρας.
1457 2465 1670 2534 Ταύτην
1706 2461 1761 2518 δὲ
1794 2485 1876 2518 σοι

227 2553 400 2628 μόνην
422 2554 801 2631 προσιρέρομεν
860 2552 1067 2624 δέησιν,
1115 2551 1206 2607 ἵνα
1261 2552 1422 2616 αὐτὸς
1463 2553 1725 2630 πρότερον
1759 2552 1882 2608 ἐπι-

223 2643 388 2720 γνοὺς
445 2643 573 2706 τοὺς
632 2651 734 2713 τῆς
791 2643 1054 2712 τοιαύτης
1103 2642 1438 2720 φιλονεικίας
1499 2643 1727 2721 ἐργάτας
1757 2647 1878 2719 (67)

226 2730 452 2795 δικαίως
481 2733 713 2810 κρίνειας
769 2735 904 2807 (68),
972 2732 1018 2788 εἰ
1077 2732 1216 2805 ἃξιοι
1283 2735 1511 2788 θανάτου
1567 2733 1656 2788 καὶ
1710 2756 1882 2807 τιμω-

226 2821 366 2896 ρίας,
393 2821 430 2893 ἤ
465 2821 740 2898 σωτηρίας
770 2823 861 2877 καὶ
894 2822 1132 2898 ἡσυχίας
1167 2821 1323 2879 εἰσίν.
1357 2821 1423 2878 Εἴ
1473 2819 1530 2877 δὲ
1594 2822 1684 2877 καί
1735 2824 1884 2897 παρᾶ

227 2916 327 2966 σοῦ
363 2914 436 2985 μή
474 2912 558 2983 εῖη
592 2914 626 2981 ἡ
664 2909 841 2988 βουλὴ
877 2912 989 2986 (69)
1020 2913 1156 2981 αὕτη
1219 2912 1308 2966 καὶ
1364 2912 1427 2967 τὸ
1489 2912 1671 2968 καινὸν
1720 2917 1882 2968 τοῦτο

229 3000 525 3078 διάταγμα)
564 3002 593 3056 ὅ
630 2998 770 3075 μηδὲ
801 3002 936 3056 κατᾶ
979 2996 1269 3078 βαρϐάρων
1324 3001 1516 3076 πρέπει
1573 3002 1878 3074 πολεμίων·

226 3091 374 3147 πολῦ
435 3089 648 3165 μᾶλλον
710 3088 941 3165 δεόμεθά
982 3111 1100 3165 σου,
1162 3093 1240 3166 μὴ
1299 3089 1561 3168 περιϊδεῖν
1625 3095 1771 3166 ἡμᾶς
1830 3091 1880 3148 ἐν

221 3180 455 3256 τοιαύτῃ
489 3177 554 3252 δη
566 3178 714 3254 μώδε
730 3203 744 3234 ι
772 3179 1060 3254 λεηλασίᾳ.

2054 2193 2213 2256 Quod
2255 2190 2304 2247 si
2348 2191 2467 2248 ιιωο
2501 2199 2595 2248 tuo
2617 2191 2783 2263 jussu
2813 2191 2972 2260 ﬁant,
3005 2196 3154 2248 recte
3211 2192 3381 2262 atque
3428 2189 3628 2247 ordine

1987 2283 2134 2340 facta
2190 2289 2383 2339 sunto.
2451 2282 2644 2353 Neque
2699 2298 2852 2339 entm
2918 2281 3036 2337 tieri
3091 2288 3290 2352 potest,
3351 2287 3404 2336 ct
3451 2281 3645 2351 justu8

1989 2374 2257 2444 princeps
2287 2372 2501 2444 aliquid
2538 2388 2783 2443 unquam
2817 2373 3026 2441 injuste
3060 2371 3364 2428 constituat
3409 2387 3422 2424 :
3456 2377 3509 2427 et
3540 2386 3644 2426 nos

1992 2463 2196 2518 libenti
2228 2463 2419 2518 animo
2450 2462 2732 2533 ejusmodi
2767 2463 2964 2518 mortis
3024 2461 3318 2533 praemium
3383 2460 3641 2518 ferimus.

1990 2551 2177 2608 Unum
2214 2551 2355 2607 illud
2386 2570 2414 2606 a
2451 2560 2502 2607 te
2525 2552 2854 2622 petimus,ut
2877 2568 3005 2607 cum
3039 2550 3642 2621 ejusmodipertinacia

1991 2643 2240 2712 perditos
2274 2640 2534 2697 homines
2565 2656 2665 2711 per
2723 2649 2772 2696 te
2839 2641 2960 2712 ipse
2992 2641 3151 2712 prius
3199 2638 3634 2706 exatninaveris,

1995 2739 2110 2786 tum
2146 2731 2353 2786 deinde
2383 2747 2484 2802 pro
2515 2739 2606 2786 tua
2629 2733 2888 2802 aequitate
2921 2737 3344 2798 statuas,utrum
3361 2733 3638 2805 supplicio

1991 2838 2056 2878 ac
2088 2831 2268 2878 morte
2300 2821 2474 2890 allici,
2505 2839 2578 2877 an
2601 2820 2739 2880 salvi
2767 2839 2833 2878 ac
2865 2823 3045 2879 securi
3077 2824 3275 2894 degere
3299 2832 3639 2880 mereantur.

1992 2912 2092 2966 Sin
2129 2926 2261 2967 vero
2295 2911 2434 2966 illud
2468 2911 2770 2968 consilium
2807 2920 2974 2983 atque
3004 2913 3248 2970 edictum
3281 2915 3449 2984 plane
3479 2913 3645 2968 inau-

1993 3002 2200 3066 ditum,
2235 3001 2382 3072 quod
2417 3016 2600 3072 neque
2627 3002 2901 3060 adversus
2927 3001 3197 3058 barbaros
3231 3003 3414 3058 hostes
3438 3001 3648 3058 sanciri

1994 3092 2286 3160 decuerat,
2317 3105 2614 3162 nunquam
2649 3108 2682 3146 a
2713 3098 2763 3146 te
2796 3092 3117 3162 profectum
3150 3099 3251 3162 est,
3283 3091 3646 3148 obsecramus

1995 3190 2048 3238 te
2081 3180 2262 3236 multo
2293 3181 2490 3250 magis,
2522 3197 2594 3237 ne
2623 3197 2728 3238 nos
2757 3181 3037 3252 ejusmodi
3088 3181 3314 3253 publico
3345 3181 3642 3238 latrocinio

1995 3270 2213 3328 diutius
2243 3271 2428 3329 vexari
2459 3271 2770 3342 permittas.

1479 3390 1711 3455 Τούτοις
1742 3394 1892 3458 αὖθις
1924 3392 2164 3476 ἐπιφέρει
2194 3392 2391 3472 λέγων’

300 3505 365 3563 εΗ
397 3503 502 3582 γὰρ
531 3505 649 3569 καθ’
682 3506 832 3578 ἡμᾶς
885 3500 1182 3582 φιλοσοφία
1231 3507 1342 3579 (70)
1372 3504 1634 3583 πρότερον
1697 3509 1791 3582 μὲν
1833 3509 1885 3568 ιν

225 3591 527 3675 βαρϐάροις
573 3596 690 3668 (71)
747 3592 1017 3668 ἤκμασεν
1079 3592 1424 3666 ἐπανθήσασα
1473 3595 1532 3652 δὲ
1587 3603 1705 3661 τοῖς
1761 3604 1877 3663 σοῖς

232 3733 411 3798 zium,
462 3731 521 3788 in
581 3729 853 3786 dissertat.
909 3731 982 3786 De
1041 3730 1608 3799 Quartadecimanis;
1667 3748 1888 3790 summa

234 3802 509 3861 venerab.
542 3801 901 3874 Deylingium
942 3802 1002 3857 in
1063 3803 1343 3858 Observat.
1401 3803 1649 3873 Mi:cell.,
1705 3822 1760 3874 p.
1795 3806 1883 3861 41.

237 3877 323 3934 De
354 3883 602 3946 tempore
645 3872 1086 3946 litiumiharum
1143 3875 1203 3930 in
1262 3875 1513 3931 Ecclesia
1568 3872 1886 3932 Laodiceae

233 3945 515 4004 metarum
548 3946 812 4013 disquirit
840 3945 1184 4013 Baraterius,
1219 3947 1276 4002 in
1298 3947 1696 4018 Disquisitione
1723 3948 1884 4004 chro-

227 4020 508 4089 nologica.
545 4035 600 4088 p.
632 4019 759 4073 220.

308 4088 419 4163 (59)
454 4095 537 4163 Ita
563 4089 918 4163 interpunxit
973 4092 1029 4143 et
1088 4089 1253 4144 vertit
1308 4088 1620 4163 Valesius.»
1654 4092 1884 4163 Mallem

224 4161 335 4234 ego
364 4162 752 4237 distinctionis
776 4161 1011 4237 signum
1064 4176 1274 4237 ponere
1319 4172 1441 4232 post
1466 4161 1634 4237 and
1672 4161 1882 4237 καιρόν,

221 4229 293 4291 ei
312 4233 502 4301 verba,
535 4231 587 4287 ἐν
643 4229 872 4291 ἐκείναις
921 4234 1040 4292 ταῖς
1065 4229 1345 4304 ίὴμέραις,
1413 4234 1485 4289 ad
1532 4235 1730 4290 ultima
1770 4229 1884 4292 ira;

227 4308 386 4374 here,
423 4307 532 4362 hoc
561 4321 754 4373 sensu,
786 4306 1232 4361 controversiam
1266 4305 1552 4362 Laodiceae
1583 4308 1884 4364 excitatam

228 4379 405 4433 fuisse
435 4379 503 4433 de
533 4377 892 4434 solemnitate
923 4375 1196 4446 paschali,
1258 4392 1379 4447 quae
1440 4384 1576 4434 tunc
1608 4379 1888 4436 inciderat

219 4451 386 4520 juxta
415 4449 711 4520 antiquam
742 4446 1216 4504 consuetudinem
1253 4446 1503 4518 {hisque
1533 4451 1702 4508 etiam
1761 4451 1882 4507 dic-

225 4519 338 4577 bus
359 4521 496 4590 ipsis
529 4519 648 4576 haec
681 4537 712 4575 a
751 4519 1022 4575 Melitone
1054 4520 1362 4590 perscripta
1393 4521 1584 4577 fuisse.

300 4592 411 4664 (60)
442 4593 726 4657 Rufﬂnus,
764 4592 896 4647 Hist.
928 4590 1113 4646 eccles.
1147 4590 1247 4664 lib.
1272 4607 1348 4664 tv,
1373 4607 1496 4663 cap.
1523 4593 1614 4648 24.

301 4663 414 4735 (6|)
443 4664 798 4732 Nicephorus
857 4664 991 4718 Hist.
1061 4663 1249 4719 eccles.
1285 4663 1386 4719 lib.
1443 4680 1517 4731 xv,
1551 4681 1677 4736 cap.
1705 4666 1792 4735 10,
1825 4683 1882 4736 p.

225 4736 360 4802 294,
395 4744 528 4792 tom.
561 4738 582 4792 Ι
613 4736 761 4806 Opp.

312 4807 425 4879 (62)
459 4808 643 4879 Minus
665 4803 1047 4879 accuratam
1103 4806 1244 4862 duas
1312 4822 1474 4862 voces
1520 4807 1718 4864 dividit
1749 4809 1884 4865 Rea-

232 4875 464 4950 dingius
495 4875 623 4933 οὐδὲ
661 4877 902 4932 πώποτὲ.
946 4877 1008 4932 Id
1040 4893 1248 4934 novum
1293 4894 1409 4934 non
1465 4879 1603 4936 dicit
1660 4880 1876 4948 Melite,

227 4953 380 5022 quod
438 4951 745 5008 Christiani
791 4950 1076 5022 patiantur
1125 4951 1620 5020 persecutionem;
1656 4952 1753 5007 sed
1808 4953 1880 5008 de

221 5021 294 5080 eo
351 5023 732 5096 conqueritur,
770 5021 1049 5096 (illudque
1091 5029 1258 5096 antea
1311 5037 1604 5096 nunquam
1661 5023 1875 5096 factum

213 5097 441 5162 asserit,
480 5091 648 5166 'quod
701 5094 913 5166 privata
961 5091 1249 5166 inferioris
1301 5091 1526 5149 urbium
1578 5095 1874 5165 magistra-

216 5174 311 5222 tus
339 5162 939 5238 auctoritate,fabsque
979 5162 1389 5238 imperatorum
1448 5173 1544 5220 aut
1576 5162 1870 5238 praefecto-

219 5255 350 5294 rum
382 5237 816 5309 provincialium
855 5235 1118 5291 mandato
1159 5239 1384 5308 piorum
1416 5235 1596 5308 genus
1628 5240 1873 5309 exagita-

212 5319 391 5367 retur.

289 5382 403 5454 (63)
436 5374 962 5454 Valesiusiéyptata
1015 5377 1088 5454 de
1140 5379 1754 5454 jussisimperialibus
1781 5382 1869 5454 in-

211 5449 568 5526 terpretatur.
607 5449 903 5526 Meliu_§_B.
936 5449 1480 5526 S_ch_wrzfleischius,
1519 5456 1667 5526 apud
1697 5453 1860 5526 Febr.

2066 3514 2198 3569 Haec
2219 3512 2370 3568 enim
2404 3512 2780 3584 philoSOphiaa
2829 3520 3000 3578 secta,
3060 3527 3226 3583 quam
3285 3513 3640 3585 proﬁtemur,

1993 3601 2152 3672 prius
2183 3600 2416 3670 quidem
2449 3600 2628 3669 viguit
2670 3601 2817 3671 apud
2875 3599 3193 3671 barbaros;
3243 3607 3435 3672 postea
3490 3617 3641 3673 vero,

1993 3753 2049 3806 p.
2080 3734 2208 3803 265,
2241 3749 2340 3805 per
2384 3728 2632 3806 δόγματα
2688 3731 3058 3804 intelligenda
3111 3741 3241 3790 sunt
3290 3733 3516 3791 urbium
3547 3736 3639 3793 de-

1994 3813 2164 3862 creta.

2066 3875 2180 3949 (64)
2214 3877 2452 3942 Quando
2485 3875 2547 3932 in
2579 3875 2730 3949 _Asia
2789 3875 2897 3949 hoc
2954 3893 3161 3932 novum
3195 3877 3367 3933 fuisse
3415 3878 3630 3944 scribit,

1995 3947 2183 4004 innuit
2205 3949 2409 4074 lsimul,
2439 3964 2544 4004 nec
2577 3947 2682 4004 hoc
2713 3948 2938 4019 quidem
2987 3949 3172 4018 ipsum
3222 3949 3356 4006 alibi
3386 3951 3634 4007 caruisse

1995 4036 2196 4074 exemp
2227 4037 2295 4074 ιε.

1995 4036 2295 4091 exemptis.

2066 4093 2174 4162 (65)
2215 4093 2398 4148 Pmnae
2446 4091 2633 4161 itaque
2689 4091 2944 4158 capitalis
3003 4091 3161 4147 nulla
3205 4093 3264 4148 in
3323 4093 3430 4148 hac
3488 4093 3636 4149 Asia

1995 4166 2387 4234 persecutione
2408 4165 2746 4232 mentio,sed
2771 4163 3049 4220 bonorum
3074 4164 3269 4220 saltem
3289 4166 3637 4233 conﬁscatio,

1995 4243 2245 4292 nostram
2269 4235 2506 4291 ulterius
2533 4235 2831 4291 conﬁrmat
2861 4236 3416 4306 interpretationem.

2065 4308 2176 4379 (66)
2210 4308 2444 4375 Quando
2476 4307 2667 4362 Melito
2707 4306 2946 4374 dubitat,
2974 4323 3112 4363 num
3148 4308 3266 4364 haec
3327 4309 3642 4379 persecutio

1995 4377 2087 4451 ab,
2117 4377 2967 4451 imperatoribusemanavcrit,
3023 4381 3092 4434 de
3142 4377 3386 4436 occultis
3443 4381 3638 4451 procul

1996 4450 2168 4506 dubio
2198 4451 2401 4508 litteris
2428 4450 2832 4520 intelligendus
2855 4459 2942 4505 est
2975 4465 2989 4504 :
3023 4451 3278 4507 dubitare
3333 4450 3485 4507 enim
3520 4468 3636 4508 non

1999 4523 2292 4592 potuisset,
2325 4523 2370 4578 si
2403 4539 2500 4591 per
2551 4523 2732 4578 edicta
2789 4522 2948 4576 illam
2987 4521 3248 4591 jussisset
3305 4524 3632 4592 imperator.

1995 4592 2250 4666 Smyrnae
2271 4594 2422 4650 enim
2450 4600 2543 4666 aut
2567 4593 2794 4666 Ephesi,
2827 4601 2924 4647 aut
2962 4593 3020 4648 in
3050 4595 3162 4648 alia
3203 4595 3467 4663 primaria
3499 4595 3633 4666 Asia:

1993 4664 2216 4721 civitate
2239 4665 2592 4736 propositum
2611 4664 3142 4734 fuisset,antequatn
3168 4666 3306 4721 illud
3332 4665 3635 4737 proconsul

1991 4746 2415 4808 exsequeretur,
2449 4737 3170 4808 mandatumimperatoris.

2063 4807 2177 4878 (67)
2212 4809 2339 4864 Haec
2370 4807 2536 4863 verba
2590 4809 2659 4863 de
2716 4807 3223 4863 calumniatoribus
3280 4808 3634 4865 Christiano-

1990 4894 2115 4952 rum
2147 4896 2263 4936 non
2295 4878 2502 4936 debere
2531 4878 2796 4952 intelligi,
2829 4881 2922 4952 sed
2955 4881 3024 4952 de
3074 4880 3415 4952 Christianis
3446 4883 3632 4952 potius

1987 4951 2302 5020 ipsis,recte
2333 4951 2645 5008 observavit
2675 4949 2932 5006 Valesius
2961 4951 3019 5006 in
3051 4959 3170 5008 not.
3202 4952 3270 5007 ad
3305 4952 3360 5007 h.
3393 4949 3629 5023 lfquem

1983 5024 2131 5079 vide.

2079 5095 2171 5166 68)
2211 5095 2422 5152 IEolice
2453 5110 2552 5165 pro
2581 5090 2814 5166 κρίναις.

2080 5167 2168 5222 69)
2205 5167 2437 5237 Urbium
2469 5169 2692 5222 decreta
2718 5166 2781 5237 in
2826 5166 2970 5222 hanc
3002 5166 3235 5237 formam
3269 5166 3493 5237 concipi
3523 5182 3624 5222 so-

1983 5234 2178 5320 lebant.
2210 5234 2571 5320 ε-Ἰξδόκειιτῇ
2609 5235 2797 5320 βουλῇ.
2819 5237 2909 5320 καὶ
2939 5241 3016 5308 τῷ
3047 5234 3230 5320 ᾅῇμῳ.

2053 5311 2184 5391 (70).
2220 5308 2556 5391 Φιλοσοφίας
2595 5308 2916 5391 _'_vocabulo
3000 5311 3343 5391 religionem
3406 5325 3626 5391 quoque

1980 5381 2724 5437 Ghristianama'Patribus
2783 5381 3206 5436 denominatam
3267 5383 3464 5445 fuisse,
3522 5381 3624 5436 ob-

1977 5454 2218 5508 servavit
2247 5455 2514 5510 Snicerus
2543 5455 2602 5508 in
2637 5455 2904 5508 Thesauro
2932 5454 3318 5523 ecclesiastico,
3381 5462 3515 5510 tom.
3550 5453 3620 5522 II,

205 5520 477 5582 Βίόιιοιιι.
503 5525 592 5582 Gr.
629 5524 736 5580 vol.
781 5523 842 5590 V,
876 5540 928 5592 p.
960 5521 1080 5598 184,
1127 5539 1238 5598 (ροι-
1292 5520 1571 5598 δόγματαῖ
1596 5525 1727 5598 hch
1772 5525 1866 5580 in-

2010 5525 2262 5598 H:ittl.

205 5599 410 5669 telligit
431 5599 830 5669 praefectorum
873 5594 1318 5669 provincialium
1370 5594 1571 5652 edicta.
1627 5596 1732 5669 Sed
1769 5612 1864 5666 op-

205 5664 369 5739 time',
430 5664 722 5738 mentique
779 5664 1375 5739 Mejitonishmaxime
1431 5664 1858 5735 convenienter,

2041 5595 2152 5667 (71)
2213 5597 2304 5653 Sic
2359 5597 2616 5653 nominat
2659 5597 2909 5664 Judaaos,
2960 5597 3108 5666 apud
3167 5612 3310 5668 quos
3365 5595 3613 5666 primum

1970 5675 2164 5740 exorta
2193 5676 2275 5724 est
2304 5669 2626 5724 Christiana
2681 5669 2896 5739 religio.
2947 5667 3088 5740 Hinc
3143 5667 3225 5724 est
3282 5669 3431 5740 quod
3477 5669 3608 5724 Por-

203 5757 273 5800 ex
306 5737 591 5800 sententia
634 5737 819 5797 Henn.
853 5737 1146 5806 Dodwelli,
1181 5739 1240 5794 in
1292 5740 1519 5797 Disscrt.
1571 5740 1860 5812 Cyprium,
1967 5739 2226 5811 phyrius,
2279 5742 2428 5811 apud
2511 5737 2836 5809 Eusebium,
2894 5739 3030 5795 Hist.
3091 5737 3316 5798 eccm.‘
3363 5742 3464 5799 lib.
3524 5756 3598 5814 vr,
