4000 6220
429 342 588 405 ’1211

1491 337 1555 400 S.
1604 341 1891 404 MELITO
1935 344 2304 410 SARDIUM~
2346 348 2791 414 EPISCOPUS.

3642 355 3755 416 1212

431 493 563 535 eum
596 473 1017 547 provinciarum
1067 472 1150 527 tui
1181 471 1405 542 imperii
1437 472 1665 542 incolis,
1703 485 1824 546 post
1866 481 2076 548 princi-

2196 476 2364 546 ἔθνεσι
2420 483 2556 539 κατὰ
2605 487 2702 553 τήν
2763 479 3082 558 Αίνγοῦστου
3115 483 3208 536 τοῦ
3266 485 3356 536 σοῦ
3395 483 3651 557 προγόνου,
3693 509 3760 557 με.

437 575 654 639 patum‘
673 565 895 620 felicem
931 563 1185 631 Augusti,
1220 561 1315 633 qui
1348 578 1495 618 unus
1525 581 1590 620 ex
1629 567 1940 638 majoribus
1973 571 2080 627 luis

436 654 954 724 fuit,efl10ruissel,
1018 653 1261 708 faustum
1320 653 1561 724 imperio
1619 657 1871 715 Romano
1912 676 2078 716 omen

440 743 774 800 exstitit.Ex
809 759 873 798 eo
931 743 1213 813 siquidem
1274 751 1523 812 tempore
1581 748 1843 803 maximis
1891 749 2078 807 incre-

439 833 646 888 mentis
675 837 841 888 aucta
902 839 983 887 est
1045 833 1309 902 majestas
1359 835 1581 904 imperii
1627 837 1884 904 Romani,
1917 842 2080 911 cujus

440 930 496 978 tu
529 925 827 992 exeptatus
859 937 1150 978 successor
1205 922 1386 978 factus
1443 941 1522 993 es,
1556 933 1607 980 cl
1639 927 1750 982 eris
1781 945 1894 984 una
1946 945 2076 986 cum

436 1011 577 1080 ﬁlio,
608 1012 857 1067 simodo
901 1011 1048 1068 tueri
1081 1012 1219 1067 velis
1271 1017 1480 1069 sectam
1530 1014 1709 1082 illam,
1768 1034 1890 1088 quae
1948 1035 2080 1076 cum

429 1100 671 1172 imperio
702 1102 958 1170 educata,
991 1108 1044 1157 et
1101 1117 1230 1158 cum
1288 1105 1538 1174 Augusto
1594 1105 1762 1161 simul
1815 1107 2080 1165 inchoata

431 1198 538 1259 est,
562 1207 842 1264 quamque
871 1191 1114 1261 majores
1162 1192 1241 1246 tui
1277 1208 1390 1248 una
1439 1209 1570 1249 cum
1603 1196 1822 1252 caeteris
1850 1198 2076 1268 religio-

429 1282 598 1339 nibus
627 1284 945 1339 eoluerunt.
1008 1283 1178 1339 Porro
1228 1284 1562 1357 religionem
1628 1297 1876 1344 nostram
1933 1290 2078 1348 bene

426 1373 660 1443 publico
688 1373 1004 1430 adolevisse
1037 1390 1147 1428 una
1205 1389 1334 1429 cum
1367 1375 1628 1445 imperio,
1661 1379 1808 1449 quod
1842 1379 2080 1436 feliciter

424 1471 668 1531 emptum
732 1463 936 1530 fueral,
996 1463 1136 1518 illud
1188 1465 1510 1521 certissimo
1583 1473 1917 1536 argumento
1974 1475 2078 1539 est,

427 1554 574 1623 quod
611 1553 732 1621 jam
792 1553 926 1608 inde
984 1553 1370 1624 aprincipalu
1431 1557 1666 1625 Augusti
1729 1556 1808 1613 nil
1835 1559 2077 1629 adversi,

428 1643 526 1697 sed
560 1650 757 1698 contra
789 1643 980 1699 omnia
1013 1660 1280 1714 prospera
1337 1652 1390 1700 et
1451 1647 1753 1715 magniﬁca
1805 1665 1872 1704 ex
1901 1650 2082 1706 animi

429 1732 715 1787 sententia
773 1737 1014 1804 votoque
1071 1735 1325 1789 omnium
1388 1737 1775 1805 contigerunt.
1835 1739 1951 1796 Soli
2009 1756 2077 1795 ex

429 1821 696 1878 omnibus
729 1822 873 1878 Nero
926 1831 980 1877 et
1033 1823 1403 1892 Domitianus,
1467 1825 1873 1883 malevolorum
1933 1844 2077 1899 quo-
2109 1865 2155 1930 Β

424 1909 688 1965 rumdam
731 1911 986 1967 consiliis
1019 1912 1260 1977 inducti,
1297 1912 1624 1984 religionem
1662 1921 1910 1972 nostram
1967 1918 2078 1974 cri-

429 1998 635 2054 minari
669 2001 1028 2056 studuerunt.
1088 2005 1133 2056 A
1197 2001 1402 2072 quibus
1456 2004 1725 2077 deinceps
1782 2007 1924 2062 falsa
1979 2007 2081 2062 illa

425 2089 722 2144 adversum
754 2105 858 2146 nos
919 2091 1207 2147 calumnia
1266 2093 1515 2151 manavit
1569 2096 1633 2149 ad
1695 2100 1968 2166 posteros,
2021 2103 2081 2154 ut

428 2193 550 2234 mes
583 2179 869 2245 estvulgi,
903 2179 1113 2249 absque
1167 2181 1282 2237 ullo
1333 2181 1549 2251 judicio
1601 2183 1925 2255 hujusmodi
1987 2201 2078 2240 ru-

431 2267 683 2323 meribth
714 2267 880 2324 fidem
903 2268 1344 2327 habere.Verum
1377 2273 1814 2342 imprudentiam
1849 2275 2078 2331 illorum

429 2365 801 2413 correxerunt
877 2358 1116 2427 piissimi
1177 2368 1438 2428 parentes
1515 2362 1616 2420 tui.
1693 2364 2082 2434 frequentibus

430 2445 720 2515 rescriptis
749 2445 1116 2517 objurgantes
1146 2463 1261 2515 eos,
1315 2450 1407 2519 qui
1465 2450 1739 2507 adversus
1790 2453 2080 2524 religionis

433 2544 638 2591 nostrae
672 2536 934 2591 homines
969 2537 1250 2608 uoviquid
1287 2538 1467 2594 moliti
1499 2547 1709 2596 essent.
1743 2542 1893 2598 Inter
1943 2559 2082 2613 quos

429 2641 566 2680 avus
598 2633 724 2681 tuus
757 2627 1038 2682 Adrianus
1093 2642 1225 2682 cum
1286 2628 1417 2684 aliis
1448 2629 1731 2700 pluribus,
1774 2639 1890 2686 tum
1925 2633 2084 2688 Fun-

431 2716 582 2770 dano
605 2716 744 2770 Asiae
776 2716 1100 2786 proconsuli
1131 2717 1344 2772 litteras
1399 2718 1572 2774 dedit.
1635 2720 1795 2776 Pater
1848 2736 2070 2792 quoque

437 2810 584 2868 tuus,
618 2819 727 2874 quo
759 2812 1011 2874 tempore
1033 2813 1240 2861 cuncta
1273 2823 1401 2862 cum
1448 2809 1572 2876 ipso
1623 2807 2079 2875 administrahas,

431 2893 653 2962 scripsit
686 2895 750 2948 ad
785 2894 1063 2960 civitates,
1097 2910 1168 2951 ne
1201 2903 1398 2951 contra
1430 2912 1532 2952 nos
1566 2897 1839 2953 tumultus
1871 2898 2081 2954 excita-

432 2989 599 3048 rent;
636 2983 973 3039 nominatim
1003 2987 1068 3039 ad
1109 2985 1432 3065 Larisseeos,
1477 2986 1546 3042 ad
1607 2988 2080 3044 Thessalonicen-

2189 569 2367 644 γάλην
2402 571 2607 648 ἀρχὴν,
2640 571 2869 647 ἐγενηθη
2897 569 3136 644 μάλιστα
3165 574 3234 644 τῇ
3267 573 3333 644 σῇ
3385 570 3606 646 βασιλείᾳ
3630 572 3759 630 αἴσιον

2190 661 2405 735 ἀγαθόν.
2430 665 2655 718 Ἕκτοτε
2684 663 2785 738 γὰρ
2819 661 2894 724 εἰς
2949 661 3089 736 μέγα
3145 661 3236 715 καὶ
3295 659 3530 736 λαμπρὸν
3558 662 3608 715 τὸ
3657 665 3762 719 Ῥω-

2193 751 2364 823 μαίων
2401 753 2610 823 ηὐξήθη
2643 753 2863 826 κράτος,
2897 753 2959 807 οὗ
2992 751 3053 806 σὺ
3089 749 3349 824 διάδοχος
3396 750 3615 814 εὐκταῖος
3641 754 3758 826 γεγο-

2188 840 2278 903 νάς
2306 863 2366 896 τε
2396 842 2487 897 καὶ
2519 841 2612 916 ἔσῃ
2663 842 2800 916 μετᾶ
2826 847 2922 897 τοῦ
2951 839 3147 905 παιδὸς
3199 843 3330 913 (72),
3388 839 3644 916 φυλάσσων
3687 849 3761 909 τῆς

2191 931 2476 1005 βασιλείας
2521 935 2621 1003 τήν
2678 933 2976 1012 σύντροφον
3031 930 3122 987 καὶ
3173 931 3553 1004 συναρεαμὲνην
3598 929 3765 1004 Αὐγού-

2189 1042 2302 1094 στῳ
2333 1024 2442 1095 (73)
2476 1020 2827 1100 φιλοσοφίαν,
2858 1021 2926 1092 ἤν
2955 1022 3048 1076 καὶ
3081 1021 3133 1076 οἱ
3155 1019 3418 1094 πρόγονοί
3445 1039 3532 1073 σου
3560 1021 3766 1092 (una;

2185 1115 2305 1172 ταῖς
2349 1108 2545 1173 ἄλλαις
2599 1110 2913 1184 θρησκείαις
2964 1110 3244 1183 ἐτίμησαν.
3297 1108 3402 1166 Καὶ
3457 1108 3599 1162 τοῦτο
3649 1107 3768 1181 μέγι-

2189 1221 2314 1254 στον
2345 1201 2648 1275 τεκμήριον
2669 1205 2768 1256 τοῦ
2799 1199 2935 1275 πρὸς
2964 1199 3166 1274 ἀγαθοῦ
3207 1199 3318 1271 (75)
3355 1197 3446 1252 τὸν
3503 1197 3605 1260 καθ’
3659 1199 3772 1269 ἡμᾶς

2188 1287 2352 1364 λόγον
2385 1290 2723 1363 συνακμάσαι
2752 1292 2821 1362 τῇ
2851 1287 3035 1348 καλῶς
3087 1287 3356 1362 ἀρξαμένῃ
3413 1287 3522 1359 (76)
3553 1284 3770 1360 βασιλείᾳ,

2187 1377 2246 1432 ἐκ
2276 1381 2373 1433 τοῦ
2407 1376 2575 1452 μηδὲν
2609 1377 2819 1457 φαῦλον
2840 1377 2948 1433 ἀπὸ
2977 1379 3077 1446 τῆς
3105 1375 3424 1453 Αὐγούστου
3457 1376 3620 1453 ἀρχῆς
3657 1375 3775 1430 ἀπαν-

2187 1475 2370 1536 τῆσαι,
2405 1466 2551 1523 ἀλλὰ
2579 1467 2884 1524 τουναντίον
2943 1467 3150 1521 ἅπαντα
3211 1465 3440 1538 λαμπρὰ
3491 1465 3572 1517 καί
3637 1461 3774 1533 ἔνδοξα

2187 1557 2324 1612 κατᾶ
2353 1558 2450 1620 τὰς
2483 1560 2700 1613 πάντων
2733 1559 2921 1632 εὐχάς.
2956 1556 3128 1612 Μόνοι
3161 1553 3378 1609 πάντων
3434 1552 3776 1613 ἀναπεισθέντες

2189 1647 2292 1702 ὑπό
2343 1669 2506 1702 τινων
2569 1647 2848 1723 βασκάνων
2902 1646 3222 1716 ἀνθρώπων,
3280 1644 3372 1698 τὸν
3428 1643 3694 1713 καθ’
3736 1641 3772 1694 ἰν

2190 1733 2427 1811 διαϐολῇ
2459 1745 2793 1807 καταστῆσαι
2837 1735 3000 1810 λόγον
3029 1734 3304 1806 ἠθέλησαν
3334 1733 3520 1808 Νέρων
3547 1731 3624 1787 καὶ
3653 1741 3777 1802 Δομε-

2187 1828 2370 1889 τιανός
2405 1831 2538 1901 (77).
2570 1829 2687 1904 Ἀφ’
2719 1830 2791 1882 ὧν
2825 1827 2917 1882 καὶ
2975 1827 3036 1881 τὸ
3093 1833 3192 1895 τῆς
3254 1822 3602 1901 συκοφαντίας
3629 1821 3775 1894 ἀλόγῳ

2185 1917 2442 1989 συνηθείᾳ
2471 1917 2594 1991 περὶ
2625 1916 2752 1978 τοὺς
2783 1917 3068 1978 τοιούτους
3123 1915 3314 1992 ῥυῆναι
3359 1907 3656 1986 συμϐέϐηκε
3684 1915 3778 1984 6,23-

2186 2003 2296 2068 8ος.
2331 2004 2507 2062 Ἀλλὰ
2538 2009 2637 2077 τήν
2669 2005 2884 2062 ἔκείνων
2931 2003 3152 2083 ἄγνοιαν
3214 2006 3266 2059 oi
3319 2004 3408 2058 σοὶ
3469 1997 3681 2063 εὐσεϐεῖς
3706 2021 3782 2054 πα-

2182 2095 2333 2170 τέρες
2367 2094 2832 2170 ἐπανωρθώσαντο
2867 2097 3000 2168 (78),
3031 2092 3306 2154 πολλάκις
3341 2089 3572 2154 πολλοῖς
3600 2088 3781 2159 ἐπιπλή-

2184 2188 2366 2258 ξαντες
2398 2184 2683 2264 ἐγγράφως
2709 2185 2825 2242 ὅσοι
2856 2184 2981 2259 περὶ
3040 2184 3245 2239 τούτων
3298 2179 3600 2255 νεωτερίσαι
3658 2179 3781 2234 ζτόλ·

2190 2297 2379 2346 μησαν.
2417 2277 2502 2332 Ἐν
2537 2278 2621 2338 οἷς
2678 2279 2705 2331 ὁ
2768 2277 2862 2349 μὲν
2924 2275 3147 2335 πάππος
3208 2294 3303 2327 σου
3369 2269 3652 2344 Ἀδριανὸς,
3678 2267 3781 2324 πολ-

2186 2365 2306 2427 λοῖς
2342 2367 2451 2439 μήν
2484 2367 2570 2420 καὶ
2601 2364 2819 2436 ἄλλοις,
2855 2365 2944 2420 καὶ
2985 2361 3284 2436 Φουνδάνῳ
3314 2364 3432 2434 (79)
3464 2359 3519 2416 δὶ
3567 2365 3637 2432 τῷ
3663 2360 3781 2413 ἀνθυ-

2185 2454 2340 2527 πάτῳ
2369 2452 2668 2530 ἡγουμὲνῳ
2718 2462 2820 2524 τῆς
2878 2453 3064 2516 Ἀσίας
3121 2453 3344 2530 γράφων
3398 2449 3719 2527 φαίνεται.’0

2185 2546 2366 2618 πατήρ
2423 2564 2542 2611 σου,
2592 2543 2683 2598 καὶ
2741 2547 2837 2598 σοῦ
2883 2544 2952 2599 τὰ
3011 2541 3293 2615 σύμπαντα
3355 2539 3667 2599 διοικοῦντος
3713 2538 3783 2591 αὖ·

2185 2638 2265 2705 τῷ
2317 2635 2452 2706 (80),
2510 2637 2630 2693 ταῖς
2697 2630 2898 2687 πολέσι
2953 2631 3078 2706 περὶ
3134 2634 3234 2686 τοῦ
3295 2627 3470 2702 μηδὲν
3507 2628 3784 2701 νεωτερίζειν

2186 2721 2314 2795 περὶ
2367 2724 2530 2796 ἡμῶν
2583 2715 2810 2798 ἔγραψεν
2866 2722 2997 2794 (81).
3059 2722 3145 2778 Ἐν
3195 2721 3281 2780 αἷς
3327 2720 3424 2774 καὶ
3472 2719 3600 2792 πρὸς
3635 2722 3787 2786 Λαρισ-

2189 2809 2378 2872 σαίους
2427 2809 2518 2865 καί
2573 2811 2711 2885 πρὸς
2771 2808 3181 2872 Θεσσαλονικεῖς
3236 2808 3327 2863 καὶ
3375 2806 3674 2878 Ἀθηναίους
3718 2805 3781 2859 καὶ

2187 2900 2325 2973 πρὸς
2359 2901 2564 2960 πάντας
2593 2896 2880 2969 ’Έλληνας
2907 2900 3046 2972 (82).
3081 2897 3150 2952 Σὲ
3179 2894 3235 2951 δὲ
3295 2896 3539 2968 μᾶλλον,
3570 2896 3674 2968 περὶ
3700 2892 3788 2946 τοῦ-

2186 3010 2293 3044 των
2313 2990 2410 3058 τὴν
2446 2988 2612 3056 αὐτὴν
2669 2986 2892 3050 ἐκείνοις
2952 2982 3151 3062 ἔχοντα
3198 2987 3436 3060 γνώμην
3492 2984 3575 3040 καὶ
3604 2981 3721 3038 πολῦ
3743 3000 3787 3056 γε

433 3087 544 3138 ses,
603 3072 671 3125 ad
762 3072 1155 3141 Athenienses,
1215 3084 1268 3130 et
1338 3077 1406 3130 ad
1463 3077 1756 3133 universos
1839 3077 2080 3149 denique

2196 3076 2709 3156 φιλανθρωποτέραν
2796 3079 2887 3132 καὶ
2955 3074 3430 3155 φιλοσοφωτέραν,
3513 3073 3788 3144 πεπείσμεθα

433 3161 679 3216 Graecos.
724 3161 799 3217 Te
841 3177 994 3227 vero,
1053 3166 1262 3234 quippe
1314 3166 1410 3235 qui
1469 3165 1617 3221 idem
1675 3168 1821 3236 quod
1880 3167 1966 3222 illi
2013 3169 2080 3224 de

2196 3169 2361 3223 πάντα
2389 3166 2670 3244 πράσσειν,
2703 3166 2801 3222 ὅσα
2829 3187 2923 3221 σου
2957 3163 3208 3240 δεόμεθα.

430 3249 596 3305 nobis
627 3251 863 3318 sentias,
897 3250 1014 3307 imo
1045 3253 1214 3307 etiam
1249 3253 1414 3324 longe
1448 3254 1758 3312 humanius
1795 3264 1961 3328 atque
1991 3257 2326 3329 sapientius,
2359 3267 2513 3315 tanto
2545 3259 2720 3328 magis
2747 3258 3095 3315 conﬁdimus
3123 3257 3316 3315 omnia
3341 3273 3474 3314 esse
3529 3255 3780 3317 facturum,

429 3354 555 3410 quae
586 3357 871 3410 rogamus.

503 3456 634 3512 Haac
665 3457 857 3514 itidem
890 3459 1162 3515 exhibent
1193 3461 1470 3527 Ruftinus,
1508 3461 1880 3533 Nicephorus.
1908 3465 1985 3520 Ex
2019 3463 2450 3531 recentioribus,
2484 3471 2682 3536 praeter
2714 3464 3058 3522 Halloixium
3111 3471 3165 3520 et
3222 3463 3640 3531 Benthemium,
3680 3459 3786 3515 illud

441 3561 684 3617 quoque,
718 3547 934 3605 Gallice
991 3565 1238 3619 versum,
1289 3551 1554 3609 Historiae
1611 3568 1727 3609 suae
1780 3553 2032 3625 generali
2086 3553 2150 3610 de
2204 3555 2575 3626 Scriptoribu:
2602 3553 2992 3610 ecclesiasticis
3017 3553 3254 3609 inseruit
3293 3551 3612 3609 Ceillierus.
3641 3549 3788 3605 Vela!

436 3634 524 3690 his
548 3635 822 3706 depcrditi
853 3636 1186 3710 Apologelici
1214 3641 1411 3710 paucis
1439 3641 1768 3713 fragmentis
1796 3643 2148 3700 observanda
2178 3652 2258 3700 est
2311 3645 2465 3712 satis,
2515 3644 2652 3716 quin
2699 3644 3032 3700 admiranda
3088 3649 3191 3711 est,
3219 3642 3324 3698 viri
3352 3643 3541 3698 sancti
3571 3639 3786 3712 praeclara

440 3726 713 3781 modestia
744 3735 797 3782 et
828 3729 1149 3799 prudentia,
1184 3736 1296 3785 tam
1329 3731 1386 3786 in
1407 3731 1625 3802 judicio
1656 3749 1757 3788 suo
1787 3733 2145 3804 imperatoris
2195 3733 2471 3790 voluntati
2521 3733 2912 3791 submittendo
2961 3739 3014 3789 et
3068 3732 3312 3804 benigne
3376 3731 3640 3804 rogando,
3666 3740 3791 3800 quam

435 3819 496 3874 in
527 3819 848 3875 amolienda
877 3819 949 3876 ab
979 3822 1174 3878 eodem
1211 3829 1376 3878 tantas
1434 3825 1494 3879 in
1551 3825 1898 3882 Christianos
1953 3825 2277 3882 acerbitatis
2335 3824 2573 3892 invidia,
2631 3832 2800 3896 atque
2857 3825 2916 3880 in
2946 3823 3108 3891 alios,
3142 3823 3267 3879 auri
3300 3839 3470 3880 sacra
3500 3825 3639 3878 fama
3663 3827 3791 3885 actos,

439 3909 848 3968 transferenda.

432 4050 556 4160 02p.
589 4035 676 4098 49,
711 4035 1165 4095 Christianorum
1217 4047 1428 4096 sectam
1486 4041 1732 4112 appellat
1791 4035 2071 4115 Βάρϐαρον

432 4125 462 4159 τ
543 4126 722 4160 unum.

432 4125 722 4160 τοΛμηιια.

505 4126 1062 4255 (Ἰζέἲῗοβοιηῐηοάο
1095 4183 1359 4255 loquitur,
1384 4185 1477 4255 qui
1508 4201 1578 4240 ex
1637 4185 1728 4242 his
1786 4185 1922 4255 ipsis
1949 4201 2076 4242 ver-

437 4248 988 4324 bisimperiisoetus
1018 4248 1273 4311 nondum
1305 4248 1476 4313 fuisse
1520 4258 1762 4324 videtur,
1797 4248 1923 4313 cum
1954 4258 2076 4312 haec

437 4322 707 4378 scriberet
737 4323 946 4390 Melite,
1003 4325 1134 4382 licet
1191 4329 1539 4385 contrarium
1598 4322 1855 4384 videatur
1901 4329 2074 4385 Tille-

437 4395 866 4472 meatio_._c_ujus
897 4400 1233 4472 sententiam
1265 4416 1434 4472 supra
1462 4401 1717 4472 exposui.

509 4467 616 4590 (7‘3)
650 4466 904 4525 Valesius
929 4467 1062 4540 legit
1115 4466 1512 4544 συναυξαμένην
1537 4466 1878 4546 Ἀὐγούστου
1910 4469 2074 4547 φιλο-

509 4558 538 4590 ω
568 4559 650 4590 αν.

437 4556 650 4592 σοφιαν.

503 4558 819 4682 cili-ilione
847 4613 1102 4682 designat
1130 4614 1341 4672 Tiberii
1389 4616 1691 4673 consilium
1739 4616 1808 4672 de
1862 4615 2082 4672 Christo

439 4681 586 4738 inter
610 4683 749 4757 deos
781 4681 1108 4757 referendo;
1141 4688 1210 4742 de
1240 4703 1349 4757 quo
1389 4689 1538 4744 inter
1583 4688 1726 4744 alios
1781 4687 2082 4744 Tertullia-

438 4769 572 4828 τιμε,
607 4753 667 4810 in
695 4754 986 4826 Apologia,
1029 4753 1153 4828 cap.
1213 4753 1272 4823 5;
1325 4765 1380 4814 et
1436 4759 1641 4816 Euseb.
1703 4760 1835 4815 Hist.
1895 4759 2081 4816 eccles.

440 4825 636 4910 li_b._p,
667 4825 881 4910 cap.“2.
915 4825 1430 4910 Conf.__lllystaggg_i,
1463 4831 1502 4910 i_.
1557 4847 1609 4887 e.
1655 4831 1763 4910 Th.
1799 4830 2080 4910 Woelsto-

437 4900 497 4954 ni
528 4899 664 4973 diss.
691 4899 768 4973 D_e_
792 4900 981 4973 Ponlii
1009 4899 1184 4956 Pilali
1214 4903 1283 4957 ad
1315 4899 1589 4958 Tiberium
1634 4904 1888 4973 epistola,
1937 4902 2084 4957 circa

437 4987 522 5027 res
548 4971 676 5027 Iesu
706 4971 918 5044 Christi
936 4976 1136 5044 gestas,
1196 4975 1371 5028 Lond.
1431 4975 1587 5030 1720.
1622 4971 1731 5029 A'ut
1772 4975 1986 5044 templa
2015 4988 2084 5028 ex

435 5043 669 5116 Adriani
701 5043 957 5116 instituto
978 5043 1460 5116 sineimaginibus
1488 5045 1859 5110 collecata,de
1881 5043 2085 5116 quibus

440 5115 564 5170 vide
603 5115 967 5187 Spartianum
999 5116 1059 5170 in
1097 5115 1222 5171 Vila
1254 5117 1562 5187 Alexandri
1592 5118 1795 5183 Severi,
1837 5115 1961 5187 cap.
1994 5117 2080 5170 43.

658 5188 774 5242 Alia
804 5186 972 5260 lectio
1006 5187 1176 5242 habet
1215 5186 1621 5260 καλοκαγάθου.

511 5259 624 5333 (76)
650 5260 792 5333 Male
826 5259 1117 5333 Valesiana
1149 5260 1320 5333 editio
1350 5259 1624 5333 ἠρξαμὲνῃ
1655 5259 1808 5324 legit.

511 5332 627 5400 (77)
657 5331 1044 5404 Tertullianus
1081 5333 1139 5385 in
1169 5330 1430 5404 Apologl,
1465 5330 1676 5400 capJS,
1704 5333 1859 5404 idem
1904 5330 2084 5404 dixit:

442 5423 465 5453 ιι
501 5404 832 5472 Reperietis,
872 5403 1162 5472 inquiens,
1204 5403 1452 5469 primum
1505 5405 1787 5459 Neronem
1849 5403 1906 5458 in
1941 5403 2089 5458 hanc

442 5485 649 5530 sectam
695 5484 812 5530 tum
870 5475 1114 5530 maxime
1173 5475 1356 5530 Romae
1416 5476 1693 5532 orientem
1771 5475 2088 5530 Caesariano

441 5545 628 5616 gladio
669 5547 953 5602 ferocisse.
988 5547 1322 5602 Tentaverat
1379 5553 1436 5604 et
1481 5548 1857 5613 Domitianus,
1911 5547 2089 5616 portio

448 5615 693 5672 Neronis
750 5619 819 5673 de
877 5618 1224 5674 crudelitate.
1277 5618 1551 5675 Craterum
1623 5621 1692 5674 de
1750 5626 1830 5674 tot
1885 5615 2091 5672 exinde

446 5686 799 5760 principibus
821 5689 888 5742 ad
917 5689 1276 5753 hodiernum,
1309 5692 1453 5746 edite
1483 5692 1730 5760 aliquem
1774 5689 2088 5745 debellato-

445 5771 569 5817 rem
589 5756 1060 5812 Christianorum.
1116 5760 1318 5823 Quales
1372 5777 1503 5832 ergo
1561 5756 1715 5833 leges
1761 5761 1902 5828 istae,
1952 5775 2090 5832 quas

2189 4041 2456 4096 adversus
2486 4056 2589 4096 nos
2633 4039 2817 4096 solum
2848 4044 3113 4096 exercent
3144 4037 3328 4107 impii,
3364 4037 3592 4109 injusti,
3620 4044 3790 4105 turpes,

2189 4120 2398 4188 truces,
2429 4112 2591 4188 vani,
2629 4111 2980 4188 dementes?
3028 4125 3166 4188 quas
3193 4110 3621 4188 _Trajanus__ex
3671 4111 3791 4188 parte

2185 4185 2487 4240 frustratus
2516 4187 2603 4240 est
2635 4199 2647 4238 :
2682 4199 2821 4254 quas
2850 4183 3044 4238 nullus
3072 4181 3377 4254 Adrianus,
3444 4183 3630 4238 nullus
3651 4181 3790 4254 eius}

2187 4255 2384 4312 nullus
2415 4254 2596 4312 Verus
2625 4249 2929 4322 impressit.
2981 4275 3010 4304 »
3063 4253 3288 4310 Ceillier
3342 4249 3407 4310 in
3460 4262 3576 4310 not.
3604 4251 3665 4308 ad
3693 4250 3735 4304 h.
3764 4249 3790 4301 l.

2189 4328 2533 4402 conferatur,
2568 4344 2621 4402 ρ.
2649 4327 2738 4402 77.
2850 4397 2862 4402 _
2944 4397 2954 4402 Α
3051 4393 3064 4402 _
3331 4397 3340 4402 ,
3641 4396 3652 4402 ,

2259 4400 2372 4470 (78)
2454 4392 2796 4469 Rendingius
2850 4397 2983 4468 legit
3046 4393 3546 4470 ἐπηνωρθώσαντο,
3624 4392 3789 4465 duplici

2190 4477 2516 4526 augmento.

2259 4488 2519 4616 (Pigéiilgé
2568 4541 2794 4616 Adriani
2823 4541 2891 4597 ad
2928 4539 3267 4616 Minucium
3361 4540 3789 4616 Fundanumnpto

2188 4608 2530 4693 Christianis
2560 4615 2894 4693 rescriptum
2928 4613 3113 4693 legere
3128 4620 3226 4693 est
3253 4613 3406 4693 apud
3444 4611 3641 4693 βυθοὶ).
3668 4608 3785 4693 (iis:

2188 4685 2506 4764 gccle3._l_ib.
2540 4703 2615 4752 ιν,
2637 4683 2860 4764 .cap._8__.
2917 4685 3008 4764 Ad
3057 4683 3273 4764 calcem
3322 4683 3599 4764 Apologia:
3642 4683 3785 4764 prima

2187 4757 2402 4814 Justini
2423 4758 2683 4830 Martyris
2707 4755 3103 4830 exhibetilludq
3120 4771 3342 4830 quoque
3369 4755 3628 4823 Grabius,
3649 4755 3698 4809 in
3715 4763 3788 4804 sas

2188 4830 2464 4908 Apologia?
2496 4827 2663 4908 huius
2691 4828 2960 4908 editione,
2992 4827 3210 4908 p.__i_34.
3350 4899 3381 4908 ,γ
3455 4899 3496 4908 __
3535 4898 3549 4908 _
3617 4897 3628 4908 ,
3747 4890 3756 4908 ,

2263 4893 2378 4973 (80)
2409 4893 2609 4982 tecum
2643 4901 2796 4982 hunc
2824 4901 2901 4982 i_ta
2947 4893 3129 4982 scribi
3181 4899 3391 4982 mavplt
3455 4893 3786 4982 V_alesius'::0

2192 4967 2250 5025 δὲ
2270 4967 2457 5044 ’πατήρ
2489 4991 2609 5040 σου,
2639 4971 2730 5026 καὶ
2761 4974 2861 5024 σοῦ
2909 4969 2977 5024 τὰ
3003 4969 3178 5044 πάντα
3192 4967 3634 5044 Ῠσυνδιοικοῦντος
3660 4967 3783 5044 αὐτῷ.

2279 4991 2419 5040 πατη
2489 4991 2609 5040 σου,
2639 4991 2730 5026 και
2761 4991 2861 5024 σου
2909 4991 2977 5024 τα
3003 4991 3106 5024 παν
3119 4991 3178 5024 τα
3204 4991 3634 5031 συνοιοικουντος
3660 4991 3783 5044 αυῑιξο

2267 5046 2382 5117 (81)
2411 4991 2528 5100 liec
2550 5045 2895 5126 rescriptum
2926 5043 3211 5126 Antonini
3235 5044 3325 5126 Pii_
3377 5059 3482 5126 pro
3513 5041 3784 5126 Christianis:

2195 5111 2374 5172 ho'die'
2413 5117 2662 5189 amplius
2719 5111 2837 5189 non
2895 5118 3124 5189 exstat._
3172 5115 3329 5189 Quod
3378 5111 3545 5169 enim
3608 5111 3784 5189 Justinl

2195 5189 2269 5244 M.
2296 5180 2548 5265 editores
2601 5188 2669 5243 ad
2710 5186 2942 5265 calcem
2983 5183 3267 5265 Apologia:
3305 5204 3344 5252 ι,
3374 5194 3428 5265 et
3461 5184 3656 5265 Euseb:

2195 5260 2406 5334 eccles,
2442 5261 2539 5334 li_h_.
2573 5275 2644 5334 1v,
2684 5260 2969 5334 _cap.__t3_,
3005 5248 3414 5334 exhibentsuh
3458 5248 3785 5334 Antonini

2194 5332 2451 5401 nomine,
2477 5332 2648 5387 Marci
2670 5328 2877 5386 Aurelii
2918 5328 3196 5385 Antonini
3225 5333 3332 5393 est,
3365 5332 3427 5401 ut
3445 5328 3784 5401 adnotavimus

2195 5397 2507 5471 supra,uon
2543 5402 2624 5458 Pii
2655 5419 2668 5468 ;
2701 5403 2824 5471 ejus
2857 5409 3046 5476 tamen
3079 5401 3295 5476 mentio
3329 5401 3385 5476 tit
3415 5399 3680 5476 iniedicto
3702 5397 3783 5476 Alli

2196 5470 2320 5529 rclii
2351 5476 2417 5530 ad
2449 5470 2753 5530 commune
2785 5472 2952 5528 Asize.
2986 5470 3194 5526 Confer
3223 5471 3457 5527 omnino
3492 5470 3786 5524 Baraterium

2197 5545 2254 5619 in
2278 5544 2566 5618 Disquisil.
2598 5544 2872 5619 chro_nol.,
2909 5560 2962 5619 p.
3010 5542 3134 5619 497,
3158 5543 3264 5619 ubi
3281 5558 3480 5599 novam
3502 5541 3785 5619 ppiniqnen}

2197 5617 2347 5673 circa
2385 5602 2958 5675 ‘controversiamde
3015 5602 3132 5670 hoc.
3179 5615 3361 5672 edicto
3392 5602 3619 5685 profert,
3671 5602 3786 5665 istud

2197 5689 2413 5746 scilicet
2436 5705 2469 5744 a
2493 5688 2590 5744 Pio
2621 5694 2674 5744 et
2705 5687 2893 5743 Marco
2925 5685 3279 5757 conjunctim
3309 5684 3480 5742 fuisse
3507 5684 3703 5741 datum.

2267 5761 2374 5834 (82)
2396 5758 2558 5818 Conf.
2581 5758 2934 5817 Dodwellum
2963 5750 3202 5816 in'Diss.
3263 5757 3543 5834 Cyprium,
3594 5772 3646 5830 p.
3684 5750 3784 5818 266:
