4000 6220
1720 431 2235 494 FRAGMENTA.

1158 568 1205 636 §.
1230 567 1326 624 ΙΙΙ.
1359 568 1576 640 1ιναργη.
1599 566 1840 637 ejusdem
1870 567 2144 639 Apologia
2174 582 2244 623 ea:
2274 564 2541 623 Chronico
2572 565 2727 622 Alex.

230 432 235 437 ’
266 433 425 496 1213
1720 432 2235 494 FRAGMENTA.
3528 440 3630 500 121
3647 440 3685 499 4

344 681 492 738 Huic
512 681 700 739 statim
733 680 1073 754 subjungam
1103 682 1489 754 fragmentum
1522 700 1589 740 ex
1615 682 1870 740 Chronici
1898 681 2301 751 Alexandrino,
2333 684 2483 755 quod
2517 692 2567 738 et
2605 680 2920 757 Πασχάλιον
2952 700 3051 740 seu
3085 684 3389 741 Chronicon
3424 686 3694 743 Paschale

270 777 524 842 vocatur,
551 773 937 842 desumptum.
963 771 1140 841 Hujus
1170 771 1425 828 Chronici
1454 780 1647 828 auctor
1672 774 1738 828 ad
1772 773 2123 844 Olympiadis
2151 775 2559 830 ducentesima
2618 775 2919 830 tricesimae
2982 786 3151 831 sextae
3204 792 3418 832 annum
3477 792 3687 833 secun-

271 862 435 927 dum,
468 862 787 919 indictione
814 862 997 931 tertia,
1031 861 1273 919 duorum
1304 868 1711 934 Augustorum,
1744 862 1827 921 M.
1869 862 2083 920 Aurelii
2106 863 2381 920 Antonini
2420 867 2476 920 et
2496 863 2710 920 L.Veri
2738 880 2890 922 anno
2921 866 2975 934 6,
3020 865 3257 936 Orphito
3315 872 3373 923 et
3428 866 3690 924 Pudente

273 966 427 1009 cose.
460 952 610 1010 inter
638 950 750 1008 alia
783 950 903 1007 haec
936 957 1087 1009 notat
1107 951 1256 1025 (83):

1724 1062 1754 1095 σ
1784 1038 1818 1097 λ
1849 1042 1893 1105 ς’
1926 1039 2261 1116 Ὀλυμπιάς.

1374 1159 1439 1227 ς’,
1473 1154 1597 1215 Ἰνδ.
1630 1164 1678 1233 γ’
1709 1158 1828 1214 ’Υπ.
1863 1156 2120 1235 Ὀρφίτου
2145 1159 2234 1215 καὶ
2266 1157 2590 1221 Πούδεντος.

346 1275 522 1334 Ἀλλὰ
540 1294 629 1331 και
677 1275 934 1333 Μελίτων
992 1276 1219 1336 Λσιανὸς
1253 1271 1568 1348 Σαρδιανῶν
1600 1271 1894 1338 ἐπίσκοπος
1930 1269 2145 1351 βιϐλίον
2190 1275 2529 1353 ’Δπολογίας
2584 1271 2753 1331 ἔδωκε
2808 1283 2926 1342 τοῖς
2970 1276 3323 1355 λελεγμένοις
3385 1280 3693 1356 βασιλεῦσι,

270 1364 367 1421 καὶ
396 1362 572 1440 ἕτεροι
602 1363 659 1421 δὲ
688 1363 915 1431 πολλοὶ,
949 1366 1021 1419 ὢν
1057 1365 1085 1420 ὁ
1121 1364 1213 1440 μὲν
1244 1361 1517 1435 ὃηλωθεῖς
1549 1363 1847 1427 Ἰουστῖνος
1878 1366 2013 1439 μετά
2056 1387 2175 1422 τινα
2236 1365 2404 1440 ἄλλα,
2460 1368 2533 1422 ῶν
2590 1364 2815 1443 ἔγραψε,
2864 1368 2954 1424 καὶ
3011 1373 3172 1426 τοῦτο
3229 1370 3466 1443 ἐνέθηκε·
3526 1373 3692 1447 Κάγὼ

278 1452 597 1531 προσδοκῶ,
631 1476 665 1510 κ
710 1476 762 1513 τ.
795 1454 853 1514 λ.
886 1474 900 1524 ς
936 1464 989 1513 et
1021 1464 1143 1528 post
1170 1455 1563 1525 salislongum
1595 1470 1661 1510 ex
1691 1454 1919 1512 Justino
1950 1457 1963 1512 l

2064 1466 2354 1527 :mentum,
2387 1459 2577 1514 statim
2614 1462 2832 1530 pergit:
2896 1456 3152 1515 Μελίτων
3206 1458 3522 1536 Σαρδιανῶν
3572 1462 3694 1518 ἐπί-

279 1565 510 1615 σκοπος,
546 1544 680 1618 μετᾶ
716 1542 905 1599 πολλὰ
931 1549 1039 1599 τῶν
1072 1539 1429 1598 ἐπιδὸθὲντων
1457 1541 1604 1617 παρᾶ
1628 1546 1725 1597 τοῦ
1757 1543 1923 1597 αὐτοῦ
1958 1545 1963 1565 ⁸

2064 1545 2279 1618 στίνου,
2324 1546 2510 1624 φησίψ
2577 1571 2606 1599 ‹‹
2663 1549 2852 1605 Melite
2900 1550 3301 1608 Sardianorum
3369 1554 3694 1626 episcogius,

277 1646 407 1710 post
436 1639 619 1694 multa
639 1637 712 1693 ab
742 1638 943 1694 eodem
974 1637 1199 1695 Justiuo
1235 1637 1454 1702 tradita,
1483 1635 1567 1691 sic
1593 1635 1671 1690 ait
1704 1650 1717 1689 :
1753 1658 1781 1685 ››

362 1751 481 1808 Οὐκ
509 1750 665 1824 ὲσμὶν
700 1748 866 1815 λίθων
897 1747 1155 1823 οὐδεμίαν
1183 1747 1429 1820 αἴσθησιν
1478 1746 1719 1823 ἐχόντων
1776 1751 1932 1825 θερα-

275 1840 494 1911 πευταὶ,
547 1837 696 1895 ἀλλᾶ
751 1840 921 1913 μόνου
978 1836 1132 1907 Θεοῧ,
1181 1843 1279 1894 τοῦ
1310 1838 1415 1915 πρὸ
1446 1838 1684 1910 πάντων,
1716 1839 1807 1894 καὶ
1839 1837 1928 1893 ἐπὶ

282 1931 528 2003 πάντων,
558 1927 648 1983 καὶ
682 1927 770 1984 ἐπὶ
802 1927 900 2003 [ἳσ.
932 1926 1034 2001 ἔτι]
1090 1933 1188 1984 τοῦ
1247 1931 1485 2003 Χριστοῦ
1533 1926 1697 1985 αὐτοῦ
1756 1922 1927 1991 ὅντως

279 2022 419 2075 Θεοῦ
450 2017 626 2094 Λόγου
663 2019 771 2093 πρὸ
803 2018 1040 2091 αἰώνων,
1071 2016 1230 2093 ἒσμὶν
1272 2016 1616 2093 θρησκευταί,

2114 1753 2239 1809 Non
2273 1770 2473 1810 sumus
2505 1752 2756 1825 lzpidum
2810 1770 2983 1811 sensu
3041 1757 3357 1813 carentium
3416 1758 3690 1832 cultores,

2041 1842 2136 1898 sed
2170 1844 2350 1899 solius
2385 1843 2502 1913 Dei,
2532 1844 2627 1915 qui
2657 1852 2738 1899 est
2795 1847 2928 1900 ante
2964 1847 3181 1913 omnia,
3224 1851 3281 1903 et
3314 1847 3369 1903 in
3403 1850 3695 1919 omnibus,

2038 1937 2093 1988 et
2123 1940 2393 2003 prieterea
2422 1933 2628 1991 Christi
2660 1934 2804 2004 ejus,
2835 1933 2930 2003 qui
2962 1950 3089 1991 vere
3120 1942 3203 1993 est
3236 1940 3381 1993 Deus
3442 1937 3695 1996 Verbum

2038 2028 2171 2078 ante
2193 2022 2423 2090 saecula,
2454 2023 2777 2080 adoratores
2808 2037 3030 2080 sumus.

353 2172 541 2230 Habes
571 2172 678 2230 hoc
708 2188 934 2245 quoque
958 2172 1339 2244 fragmentum
1364 2173 1513 2245 apud
1547 2173 2031 2244 Halloixium,qui
2064 2180 2257 2230 tamen
2314 2173 2595 2232 incertum
2655 2174 2842 2245 habet,
2901 2192 2932 2232 e
2993 2192 3102 2247 quo
3158 2178 3337 2233 sancti
3389 2178 3496 2235 viri
3555 2177 3699 2235 libro

274 2264 369 2321 sit.
403 2262 572 2333 Mihi,
602 2264 1001 2321 antecedentia
1032 2262 1379 2335 respicienti,
1413 2263 1635 2320 nullum
1668 2264 2074 2336 propemodum
2099 2264 2630 2332 remanetdnbium,
2671 2266 2807 2336 quin
2848 2281 2916 2321 ex
2972 2266 3233 2338 Apologia
3269 2283 3374 2340 pro
3432 2266 3703 2323 Christia-

273 2353 370 2409 nis
400 2352 542 2409 illud
575 2356 821 2424 credam,
850 2369 957 2424 qua
984 2352 1040 2408 in
1076 2354 1402 2424 conjectura
1422 2352 1586 2411 video
1617 2357 1787 2409 etiam
1817 2353 2241 2410 Tillcmontium
2268 2361 2321 2410 et
2357 2354 2663 2424 Dupinium
2704 2370 2847 2411 esse.
2895 2355 3229 2414 Obscrvabis
3277 2373 3441 2428 porro
3489 2364 3543 2414 et
3593 2358 3702 2415 hoc

279 2460 350 2501 ex
382 2442 641 2500 Chroniei
667 2442 1039 2499 Alexandrini
1070 2443 1201 2512 (ide,
1233 2442 1643 2500 Melitenemin
1677 2458 1776 2499 sua
1803 2443 2061 2514 Apologia
2122 2443 2317 2500 eadem
2370 2444 2486 2499 fere
2540 2444 2769 2509 dixisse,
2829 2460 2898 2501 ac
2943 2446 3223 2502 Justiunm
3281 2454 3584 2517 martyrem
3641 2448 3703 2503 in

279 2548 387 2589 suo
415 2533 756 2605 Apologetico
805 2534 874 2588 ad
925 2534 1275 2588 Antoninum
1339 2533 1518 2589 Pium.
1573 2532 1842 2589 Provocat
1900 2548 2049 2603 saepe
2103 2534 2172 2587 ad
2225 2532 2333 2588 hoc
2393 2533 2769 2604 fragmentum
2800 2533 3139 2591 Whistonus
3169 2536 3307 2608 (84),
3356 2536 3429 2593 ob
3466 2537 3704 2592 haeresin

275 2622 547 2677 Arianam
578 2622 828 2678 Ecclesia
861 2620 1179 2692 Anglicana
1207 2628 1263 2677 et
1292 2621 1590 2677 Academia
1611 2621 2318 2692 Cantabrigiensiejectus.
2350 2622 2442 2677 Sic
2483 2638 2537 2676 v.
2597 2637 2649 2678 c.
2708 2623 2945 2693 probare
3001 2625 3208 2680 exinde
3267 2627 3470 2689 studet,
3521 2625 3702 2682 Deum

281 2716 504 2766 Patrem
537 2711 705 2768 unice
734 2712 1109 2779 adorandum,
1142 2716 1196 2766 et
1229 2710 1497 2781 primario
1528 2709 1889 2766 solummodo
1921 2725 2043 2766 esse
2065 2711 2372 2767 colendum
2424 2712 2558 2784 (85).
2621 2711 2791 2768 Porro
2840 2711 2952 2770 hoc
3009 2730 3234 2785 quoque
3284 2715 3419 2771 inde
3475 2715 3700 2771 exscul-

276 2815 419 2870 pere
450 2799 587 2870 vult,
618 2800 908 2857 Christum
942 2801 1126 2871 quoad
1158 2807 1440 2869 naturam,
1467 2799 1739 2855 attributa
1767 2807 1821 2855 et
1842 2800 2219 2870 perfectiones
2245 2802 2467 2857 divinas
2498 2802 2611 2857 Deo
2634 2801 2781 2857 Patri
2816 2804 3054 2858 multum
3074 2820 3199 2860 esse
3220 2804 3686 2877 inferiorem(86).

270 2891 519 2947 Sandius
577 2906 798 2962 quoque
855 2890 967 2962 (87)
1029 2906 1094 2946 ex
1147 2889 1254 2946 hoc
1315 2889 1440 2946 loco
1491 2899 1682 2960 aperte
1740 2891 2051 2960 profitetur,
2112 2889 2438 2947 Melitenem
2490 2891 2642 2947 circa
2670 2890 3023 2947 divinitatem
3055 2891 3261 2948 Christi
3283 2894 3527 2950 sensisse
3556 2908 3703 2949 cum‘

273 2980 438 3050 Ario,
470 2998 501 3035 a
535 2995 772 3051 quorum
807 2978 1113 3036 calumniis
1142 2994 1260 3035 non
1290 2995 1432 3050 opus
1461 2995 1586 3035 esse
1622 2993 1826 3036 censeo
1857 2986 1917 3034 ut
1950 2978 2146 3034 multis
2174 2978 2476 3035 defendam
2509 2983 2789 3049 nostrum,
2822 2981 2944 3050 qui,
2975 2981 3214 3037 Eusebio
3255 2983 3474 3053 judice,
3526 2982 3684 3038 Chri-

266 3072 347 3127 sti
378 3071 735 3129 divinitatem
767 3071 958 3142 potius
979 3069 1040 3126 in
1064 3071 1290 3142 scriptis
1319 3070 1436 3127 suis
1464 3071 1701 3127 astruxit
1726 3070 1984 3140 mirifice,
2016 3071 2485 3141 Servatoremque
2516 3075 2776 3125 nostrum
2824 3073 2998 3125 Deum
3051 3069 3224 3126 simul
3280 3079 3446 3142 atque
3504 3071 3689 3128 homi-

269 3177 410 3218 nem
440 3178 634 3219 verum
664 3162 1089 3220 demonstravit.

1482 3254 1511 3321 §
1536 3251 1630 3309 IV.
1655 3255 1878 3324 Fragm.
1911 3245 2261 3324 εωἘκλογῶν
2296 3248 2480 3305 libris.

346 3370 676 3428 Proximum
708 3370 1107 3443 fragmentum,
1140 3370 1290 3443 quod
1323 3386 1392 3427 ex
1412 3367 1689 3445 Ἐκλογῶν
1720 3368 1997 3442 prommio
2026 3369 2389 3440 desumptum
2424 3376 2531 3436 est,
2565 3368 2751 3423 denuo
2798 3367 2952 3424 dabit
2998 3368 3291 3440 Eusebius,
3330 3370 3498 3426 citato
3546 3368 3693 3441 loco,

268 3461 446 3518 itade
505 3461 703 3519 eodem
759 3461 1068 3532 praefatus:
1125 3457 1305 3517 Ἀλλὰ
1348 3462 1518 3514 ταῦτα
1578 3459 1670 3533 μὲν
1716 3458 1768 3513 ἐν
1827 3462 1906 3530 τῷ
1958 3456 1963 3504 ὲ

2064 3460 2262 3520 ,ωθὲντι
2319 3455 2548 3511 τέθειται
2607 3453 2784 3532 λόγῳ,
2841 3454 2892 3510 ἐν
2950 3452 3006 3510 δὲ
3033 3456 3517 3533 ταῖς’γραφείσαις
3549 3456 3696 3529 αὐτῷ

272 3547 571 3625 Ἐκλογοῖς
623 3549 651 3603 ὁ
709 3549 873 3611 αὐτὸς
926 3551 1060 3622 μετᾶ
1116 3550 1178 3605 τὸ
1234 3549 1529 3624 προοίμιον
1586 3547 1919 3629 ἀρχόμενος,
1967 3549 2073 3600 τῶν
2126 3542 2591 3618 ὁμολογουμένων
2627 3550 2727 3612 τῆς
2794 3542 3039 3606 Παλαιᾶς
3123 3546 3400 3615 Amer]an
3464 3548 3689 3623 Γραφῶν

278 3643 518 3693 ποιεῖται
551 3638 874 3715 κατάλογον
909 3637 967 3695 ὅν
987 3638 1078 3695 καὶ
1126 3638 1410 3714 ἀναγκαῖον
1460 3637 1687 3700 ἐνταῦθα
1727 3634 2014 3705 καταλέξαι
2068 3633 2377 3709 ἡγούμεθα,
2435 3631 2633 3708 ἔχοντα
2683 3631 2771 3687 ἐπὶ
2808 3631 3005 3703 λέξεως
3028 3634 3225 3695 οὕτως·
3256 3635 3299 3692 i.
3336 3652 3386 3692 e.
3423 3657 3452 3687 «
3481 3636 3695 3693 Haecin

277 3743 455 3800 supra
483 3729 637 3787 dicto
667 3730 956 3787 Melitonis
986 3731 1134 3788 lihro
1159 3730 1461 3802 (Apologia,
1490 3728 1643 3799 scil.)
1677 3728 1960 3799 leguntur.
1998 3726 2154 3782 Idem
2189 3725 2248 3780 in
2280 3726 2585 3795 Excerplis,
2617 3722 2687 3780 ab
2710 3723 2835 3795 ipso
2858 3724 3205 3795 compositis,
3240 3725 3533 3782 universos
3578 3725 3692 3781 Ve-

279 3820 417 3873 teris
436 3818 780 3876 Testamenli
843 3819 1036 3888 libros,
1093 3821 1185 3890 qui
1217 3820 1473 3877 omnium
1523 3832 1804 3876 consensu
1837 3815 2049 3887 recepti
2106 3822 2261 3883 sunt,
2311 3815 2499 3871 statim
2549 3815 2608 3869 in
2654 3813 2933 3885 principio
2991 3815 3177 3885 Operis
3208 3824 3480 3872 recenset.
3515 3817 3693 3882 Quem

275 3910 513 3980 quidem
534 3909 785 3967 indicem
818 3910 925 3967 hoc
956 3910 1080 3968 loco
1108 3926 1399 3983 apponere
1427 3908 1816 3966 necessarium
1847 3905 2055 3979 putavi.
2088 3904 2181 3962 Sic
2210 3911 2399 3961 autem
2430 3901 2600 3960 habet
2630 3903 2698 3959 ad
2732 3902 2961 3959 verbum
2995 3919 3008 3958 :
3044 3926 3072 3953 ››

358 4034 611 4093 Μελίτων
645 4036 932 4111 Ὀνησίμῳ
961 4037 1075 4110 (88(
1101 4039 1183 4109 τῷ
1211 4032 1435 4113 ἀδελφῷ
1464 4035 1578 4108 (89)
1602 4034 1841 4112 χαίρειν.

2381 4031 2576 4088 Melite
2606 4030 2877 4088 Onesimo
2906 4030 3061 4087 fratri
3088 4032 3352 4089 salutem.

361 4122 585 4195 Ἐπειδή
617 4123 892 4185 πολλάκις
921 4124 1185 4195 ἠξῖωσας,
1208 4119 1419 4196 σπουδῇ
1448 4126 1518 4196 τῇ
1549 4122 1686 4196 πρὸς
1716 4121 1807 4176 τὸν
1837 4116 1933 4176 λό-

274 4236 379 4292 γον
413 4215 731 4294 χρώμενος,
755 4212 1001 4291 γενέσθαι
1033 4234 1121 4269 σοι
1150 4211 1382 4288 ἐκλογὰς
1411 4210 1472 4267 ἔκ
1497 4231 1557 4266 τε
1584 4214 1680 4266 τοῦ
1736 4210 1933 4285 νόμου,

276 4306 373 4360 καὶ
400 4308 511 4359 τῶν
544 4308 871 4381 προφητῶν,
900 4301 1023 4378 περὶ
1052 4307 1154 4359 τοῦ
1188 4308 1449 4376 Σωτῆρος
1476 4300 1568 4356 καὶ
1598 4300 1776 4370 πάσης
1833 4307 1937 4370 τῆς

283 4395 520 4458 πίστεως
551 4397 735 4468 ἡμῶν,
757 4389 835 4449 ἔτι
865 4414 924 4451 τε
968 4394 1058 4449 καὶ
1120 4398 1306 4467 μαθεῖν
1354 4393 1452 4463 τὴν
1509 4395 1615 4447 τῶν
1684 4390 1933 4447 παλαιῶν

285 4480 525 4559 βιϐλίων
554 4479 871 4554 ἐϐουλήθης
902 4477 1206 4557 ἀκρίϐειαν,
1238 4481 1381 4538 πόσα
1408 4481 1501 4536 τὸν
1554 4481 1810 4557 ἀριθμὸν,
1842 4481 1932 4536 καὶ

284 4577 455 4632 ὁποῖα
476 4574 579 4643 τὴν
607 4572 755 4646 τάξιν
787 4573 916 4639 εἶεν,
960 4568 1267 4627 ὖσπούδασα
1317 4571 1381 4627 τό
1437 4573 1655 4625 τοιοῦτο
1712 4572 1931 4645 πρᾶξαι,

280 4747 384 4804 ubi
414 4762 479 4803 ex
502 4746 589 4802 his
619 4744 763 4815 ipsis
794 4742 1078 4815 Melitonis
1107 4742 1292 4800 verbis
1323 4743 1805 4815 probat,edictum
1834 4744 1940 4801 sub

284 4820 373 4876 Pii
405 4814 799 4887 nomine’apud
827 4814 1156 4880 Eusebium,
1175 4815 1325 4888 _idee
1348 4814 1433 4888 Pii
1457 4832 1579 4873 esse
1610 4832 1726 4874 non
1752 4832 1936 4888 posse,

284 4891 420 4965 quia
442 4891 515 4946 sit
552 4884 893 4957 inscriptum
926 4888 995 4942 ad
1048 4885 1228 4940 κοινὸν
1286 4884 1493 4956 Ἀσίας,
1532 4884 1937 4946 omnes—Asiae

290 4963 481 5019 urbes.
512 4977 628 5017 non
663 4975 791 5015 vero
813 4960 880 5014 ad
914 4956 1165 5014 Helladis
1190 4958 1446 5015 civitates
1476 4966 1717 5016 tantum.

359 5034 471 5104 (83)
523 5031 807 5087 Editionis
860 5030 1188 5094 Parisianzn,
1248 5045 1419 5104 quam
1468 5033 1659 5104 studio
1704 5037 1759 5087 et
1788 5045 1936 5086 curae

286 5102 475 5163 Caroli
531 5104 833 5171 Dufresne,
898 5105 1056 5157 Dom.
1132 5104 1210 5155 Du
1242 5103 1430 5173 Gange
1478 5102 1771 5170 debemus,
1807 5118 1931 5170 pag.

283 5178 414 5303 ἒξ,
444 5183 504 5303 e‘t,
519 5176 578 5231 in
613 5174 846 5301 forpore
871 5173 1201 5245 Byzantina,
1262 5180 1398 5230 tom.
1461 5174 1562 5243 III,
1626 5191 1749 5245 pag.
1806 5174 1933 5242 206,

363 5264 378 5303 ι
414 5289 427 5302 .
510 5262 615 5302 ene
647 5288 658 5301 .

288 5250 427 5305 edit.
464 5250 658 5303 Venet.

358 5319 646 5392 (Whiston
708 5317 914 5392 in_his
971 5316 1216 5392 Aecount
1272 5320 1328 5392 σί
1383 5315 1475 5373 the
1539 5316 1698 5392 εζσίιὴ
1740 5319 1802 5392 o/
1828 5316 1937 5392 _the

286 5387 400 5447 lw'o
429 5392 548 5462 first
580 5389 885 5457 Centuries,
917 5390 1247 5462 ccncerning
1278 5388 1368 5462 the
1398 5404 1527 5462 oper
1558 5387 1781 5445 blessed’
1826 5387 1939 5443 Tri-

285 5459 437 5534 nily,
461 5462 574 5518 and
603 5460 1292 5534 thejncarna‘lionpfonr
1309 5459 1469 5534 Lord.

359 5530 470 5605 (85)
495 5534 678 5605 Artic.
701 5532 760 5598 2,
793 5532 1034 5605 pag.69.
1058 5532 1313 5605 _Titul_us
1347 5530 1766 5605 hujus‘arliculi
1797 5533 1883 5586 est
1917 5546 1931 5587 :

287 5601 401 5662 God
430 5601 520 5661 the
553 5601 893 5669 Fatherx'md
912 5604 997 5658 He
1024 5601 1190 5657 alone
1221 5602 1271 5657 is
1301 5612 1353 5658 lo
1380 5601 1743 5674 beprimarily
1764 5618 1933 5674 wars:

287 5677 480 5757 hipp’d
503 5676 624 5757 and
644 5674 877 5757 adord’d
900 5691 915 5743 ;
942 5690 1010 5729 or
1030 5674 1101 5757 in
1123 5674 1214 5730 the
1234 5679 1373 5757 rhesi
1390 5690 1590 5757 prapre
1618 5673 1937 5757 sensehand‘

288 5745 358 5809 in
382 5745 475 5806 the
506 5749 719 5819 highest
739 5760 973 5803 manner
1002 5762 1016 5802 :
1045 5747 1128 5802 He
1153 5746 1281 5817 only
1316 5745 1475 5816 being
1493 5745 1595 5803 ’lhe
1618 5745 1850 5817 _Objecto
1879 5747 1945 5817 of

2116 4125 2258 4180 Cum
2292 4138 2393 4194 pro
2417 4137 2611 4178 amore
2640 4138 2706 4178 ac
2737 4122 2922 4179 studio
2955 4128 3049 4177 tuo
3107 4138 3239 4193 erga
3296 4123 3528 4179 verbum
3568 4123 3691 4191 Dei,

2045 4213 2247 4284 saepius
2276 4229 2307 4267 a
2363 4228 2451 4269 me
2504 4210 2895 4282 postulaveris,
2934 4216 2995 4267 ut
3050 4221 3310 4283 excerpta
3341 4216 3597 4285 quaedam
3629 4230 3695 4271 ex

2048 4305 2169 4373 lege
2198 4307 2253 4359 et
2285 4302 2593 4375 prophetis,
2620 4317 2745 4373 quae
2773 4304 2839 4357 ad
2869 4302 3217 4359 Servatorem
3258 4311 3313 4359 et
3360 4305 3429 4361 ad
3465 4305 3694 4361 univer-

2045 4408 2165 4447 sam
2225 4392 2393 4447 lidem
2444 4400 2695 4451 nostram
2751 4390 3059 4461 pertinent,
3093 4391 3193 4447 tibi
3251 4408 3691 4463 componerem;

2047 4496 2288 4553 cumque
2324 4481 2501 4539 libros
2551 4481 2767 4537 Veteris
2796 4481 3143 4537 Testamenti
3172 4489 3433 4538 accurate
3488 4498 3695 4554 cogno-

2047 4587 2206 4629 scere
2232 4570 2652 4643 concupiveris,
2685 4577 2818 4641 quot
2864 4586 3102 4627 numero
3154 4579 3206 4628 et
3263 4587 3374 4643 quo
3431 4571 3547 4627 sint
3600 4588 3695 4629 or-

2051 4744 2139 4799 the
2161 4757 2414 4817 supreme
2441 4741 2633 4817 degree
2661 4743 2725 4813 of
2733 4740 2879 4817 such
2909 4740 3098 4817 divine
3126 4742 3367 4817 worship
3414 4744 3523 4801 and
3564 4745 3694 4802 ado-

2051 4812 2236 4869 ration
2268 4813 2505 4885 through
2527 4812 2699 4870 Jesus'
2718 4812 2944 4868 Christi.

2123 4884 2529 4958 (86)Artic.8,
2572 4901 2694 4958 pag.
2749 4884 2880 4958 ~181i,
2936 4885 3264 4958 inscribitur
3323 4888 3430 4945 hoc
3488 4895 3693 4958 caput:

2048 4956 2199 5015 Jesus
2219 4956 2457 5023 Christi,
2487 4956 2578 5011 the
2605 4956 2780 5026 Word,
2808 4958 2921 5011 and
2940 4972 3037 5013 son
3060 4961 3116 5027 o/
3144 4956 3275 5024 God,
3326 4961 3374 5014 is
3418 4977 3455 5014 a
3510 4956 3697 5015 divine

2050 5031 2254 5102 Being,
2285 5031 2605 5102 orAPersan,
2631 5029 2728 5102 [ar
2775 5028 3010 5102 interior
3040 5033 3091 5084 to
3140 5030 3229 5085 his
3266 5030 3466 5087 Fat/ter
3495 5031 3555 5087 in
3592 5048 3694 5087 na-

2049 5098 2512 5166 turefallribules
2544 5098 2654 5153 and
2678 5101 3024 5169 per/eclions.

2119 5172 2229 5246 (87)
2261 5173 2502 5246 Sandius
2534 5171 2591 5226 in
2613 5169 2825 5246 All/acleo
2855 5171 2984 5246 hist.
3010 5172 3229 5246 βοείη,
3263 5188 3392 5246 pag.
3429 5174 3513 5229 l3.

2116 5245 2230 5316 (88)
2268 5244 2570 5317 Nicephor.
2602 5243 2746 5298 Hist.
2779 5243 2973 5298 eceles.
3008 5243 3107 5300 lib.
3132 5261 3209 5310 ιν,
3242 5243 3367 5317 cap:
3405 5246 3493 5316 10,
3542 5245 3692 5301 One-

2047 5314 2339 5386 siphorum
2372 5314 2611 5371 vacavit.

2116 5388 2227 5459 (89)
2258 5388 2501 5460 Fratrem
2537 5388 2721 5460 vocat,
2752 5384 2869 5441 sive
2898 5387 3043 5460 quod
3069 5394 3229 5460 erant
3264 5389 3463 5444 iisdem
3497 5403 3697 5460 paren-

2044 5457 2365 5523 tibus'nati,
2408 5460 2523 5514 sive
2554 5458 2701 5527 quod
2740 5464 2854 5512 erat
2886 5458 3259 5527 Christianus.
3294 5457 3694 5517 Tillemontius

2044 5529 2222 5603 et_qui
2255 5545 2383 5586 eum
2415 5535 2483 5603 ut
2511 5525 2984 5603 plurimumnara
3043 5525 3186 5603 ττόδα
3213 5535 3507 5603 Δι’›οι]ιιίιιιι·,
3542 5548 3691 5603 saepe

2044 5599 2215 5674 etiam
2238 5601 2517 5674 exscribit
2545 5599 2793 5670 Ccillier,
2818 5600 2879 5655 ll.
2905 5616 2990 5657 cc.
3023 5599 3367 5674 Christianos
3394 5599 3694 5674 primmvoe

2044 5687 2106 5747 se
2136 5673 2376 5747 invicem
2404 5673 2653 5747 fratrum
2685 5672 3291 5747 nomineappellasse,
3332 5672 3529 5747 probat
3562 5678 3695 5736 Bin-

2042 5744 2208 5815 gham
2249 5743 2467 5816 Origin.
2498 5760 2642 5801 sacr.
2675 5744 2786 5801 vel.
2820 5746 2863 5800 Ι.
2901 5743 3000 5802 lib.
3025 5743 3074 5816 ι,
3107 5759 3234 5817 cap.
3271 5746 3324 5802 1.
