4034 6226
363 377 516 439 1215

1441 372 1507 432 S.
1555 369 1848 431 MELITO
1895 369 2248 432 SARDIUM
2296 370 2745 434 EPISCOPUS.

3627 375 3777 434 1216

364 511 500 567 dine
533 507 857 578 conscripti,
892 504 1244 577 id‘perlicere
1279 503 1440 559 omni
1490 503 1678 560 studio
1737 502 2006 559 laboravi.

2149 499 2478 575 πιστάμενός
2507 524 2601 558 σου
2639 503 2702 557 τὸ
2735 500 3028 557 σπουδαὶον
3077 501 3202 578 περὶ
3254 504 3352 572 τὴν
3409 503 3616 572 πίστιν,
3678 503 3773 557 καὶ

363 598 494 655 Scio
527 599 736 669 quippe
759 601 966 665 quanto
991 593 1120 648 tidei
1152 593 1372 660 ardore,
1403 599 1455 648 et
1488 582 1698 662 quanta
1759 592 2018 648 discendi

361 689 665 757 capiditate
696 690 914 754 ﬂagres,
952 691 1112 754 teque
1161 683 1444 754 praecipue
1474 682 1546 738 ob
1605 699 1859 738 amorem
1924 681 2018 737 Dei

361 777 466 832 ista
491 773 756 830 omnibus
789 772 962 828 rebus
993 772 1273 828 anteferre
1321 789 1421 844 pro
1475 776 1768 841 comperto
1819 770 2015 837 haheo,

363 873 414 920 et
445 872 669 920 azlernze
700 862 898 918 salutis
931 862 1252 918 obtinenda:
1284 877 1452 918 causa
1474 865 1781 919 decertare.

432 955 546 1022 Ego
579 952 748 1023 igitur
777 967 908 1008 cum
940 952 999 1006 in
1033 951 1324 1008 Orientem
1369 951 1653 1022 profectus
1697 967 1901 1020 essem,
1962 955 2018 1007 et

359 1045 430 1100 ad
464 1043 652 1100 locum
684 1043 869 1114 ipsum
903 1043 1308 1113 pervenissem,
1340 1043 1398 1098 in
1433 1058 1542 1114 quo
1574 1042 1692 1099 haec
1751 1049 1806 1098 et
1875 1058 2019 1112 prae-

365 1134 546 1190 dicata
578 1140 630 1189 et
681 1141 836 1202 gesta
893 1132 1028 1188 olim
1089 1134 1336 1201 fuerunt,
1393 1132 1618 1187 Veteris
1672 1133 2018 1188 Testamenti

364 1227 542 1283 libros
596 1226 903 1297 diligenter
958 1226 1157 1293 didici,
1209 1242 1519 1296 eorumque
1574 1226 1822 1283 indicem
1871 1225 2019 1282 intra

361 1315 680 1386 subjectum
711 1316 780 1370 ad
815 1323 866 1370 te
890 1315 1039 1370 misi.
1075 1319 1166 1370 Est
1198 1322 1388 1371 autem
1419 1315 1736 1386 ejusmodi:

431 1404 644 1473 Moysis
678 1403 805 1459 libri
839 1405 1139 1476 quinque:
1188 1405 1444 1472 Genesis,
1505 1405 1759 1470 Exodus,
1814 1403 2016 1460 Leviti-

359 1492 1264 1562 cus,Numeri,Deuteronomium
1293 1495 1492 1561 ;.lesus
1519 1493 1722 1563 Naves,
1763 1494 2017 1563 Iudices,

364 1583 535 1650 Ruth,
567 1583 888 1653 Regnorum
913 1582 1044 1638 libri
1069 1588 1332 1654 quatuor,
1374 1584 1849 1654 Paralipomenon
1881 1584 2013 1649 duo,

363 1673 573 1727 Psalmi
605 1672 852 1740 Davidis,
887 1673 1207 1728 Salomonis
1271 1673 1590 1744 Proverbia,
1643 1691 1766 1745 quae
1808 1681 1863 1730 et
1912 1674 2012 1729 Sa-

363 1761 597 1832 pientia,
650 1761 1045 1830 Ecclesiastes,
1117 1763 1411 1818 Canticum
1465 1764 1839 1829 canticorum,
1888 1763 2013 1830 Job,

360 1851 764 1922 prOphetarum
824 1853 1002 1920 Isaiae,
1037 1852 1318 1921 Jeremiae,
1355 1859 1412 1909 et.
1444 1853 1739 1910 duodecim
1768 1853 2009 1924 prephe-

2127 591 2431 665 φιλομαθὲς
2455 591 2576 668 περῖ
2599 593 2689 647 τὸν
2704 590 2894 667 λόγον’
2923 591 3008 647 ὅτι
3045 613 3095 646 cs
3119 591 3354 665 μάλιστα
3375 593 3597 647 πάντων
3623 591 3776 664 πόθῳ

2125 687 2203 754 τῷ
2243 683 2378 755 πρὸς
2412 683 2538 737 Θεὸν
2571 685 2740 737 ταῦτα
2777 681 3091 757 προκρίνεις
3119 681 3243 757 περὶ
3275 688 3372 752 τῆς
3403 681 3632 736 αἰωνίου
3667 704 3775 736 σω·-

2123 770 2315 846 τηρίας
2342 771 2763 848 ἀγωνιζόμενος.

2197 931 2468 998 Ἀνελοὼν
2502 932 2595 989 οὖν
2615 934 2690 997 εἰς
2712 934 2808 1004 τήν
2842 931 3114 1003 ἀνατολὴν
3144 935 3281 1007 (90),
3312 933 3402 988 καὶ
3434 930 3542 998 ἕως
3566 933 3781 990 τοῦτό-

2124 1042 2234 1076 που
2259 1024 2572 1098 γενόμενος,
2605 1018 2725 1080 ἔνθα
2757 1022 3041 1102 ἐκηρύχθη
3075 1023 3163 1078 καὶ
3198 1022 3473 1101 ἐπράχθη,
3498 1023 3585 1076 καὶ
3621 1023 3778 1097 ἀκρι-

2125 1107 2238 1174 ϐῶς
2271 1114 2456 1186 μαθὼν
2489 1113 2557 1169 τὰ
2585 1120 2684 1184 τῆς
2719 1113 2960 1174 Παλαιᾶς
2994 1114 3270 1185 Διαθήκης
3305 1107 3476 1188 βιϐία,
3513 1113 3780 1182 ὑποτάξας

2125 1197 2341 1278 ἔπεμψᾶ
2365 1223 2472 1276 σοι,
2501 1203 2575 1258 ὧν
2604 1201 2716 1259 ἐστι
2751 1204 2818 1258 τὰ
2848 1203 3112 1277 ὀνόματα.

2195 1385 2475 1445 Μιυϋσέως
2506 1381 2680 1438 πέντε·
2716 1382 2948 1450 Γένεσις,
2977 1379 3227 1453 Ἔξοδος,
3275 1381 3586 1453 Λευιτικὸν,
3622 1381 3775 1456 Ἀρι-

2125 1475 2278 1548 spot,
2322 1473 2768 1549 Δευτερονὸμιον¹
2817 1473 3027 1542 Ἰησοῦς
3087 1477 3260 1540 Ναυῆ,
3318 1469 3535 1544 Κριταί,
3596 1475 3778 1538 Ῥουθ,

2123 1562 2427 1621 Βασιλειῶν
2455 1563 2709 1638 τέσσαρα,
2769 1556 3269 1637 Παραλειπομένων
3339 1558 3457 1629 δύο,
3521 1560 3777 1631 Ψὰλμῶν

2121 1651 2312 1724 Δαϐὶδ,
2345 1653 2713 1727 Σολομῶντος
2755 1651 3076 1727 Παροιμίαι,
3104 1651 3158 1705 αἳ
3194 1651 3283 1706 καὶ
3308 1653 3484 1728 Σοφία
3514 1652 3782 1723 (91),Ἐκο

2121 1744 2478 1816 κλησιαστής,
2515 1745 2700 1816 ᾋσμσι
2729 1735 3169 1815 ᾁσμάτων,’1ὼ6,
3201 1744 3505 1818 Προφητῶν
3533 1738 3777 1806 Ἡσαῖου,

2119 1834 2534 1909 Ἰερεμίου,τῶν
2569 1829 2780 1887 δώδεκα
2808 1830 2860 1887 ἐν
2925 1825 3270 1903 μονοϐίϐλῳ,
3325 1828 3555 1899 Δανιὴλ,
3617 1829 3776 1883 Ἰεσε-

2121 1923 2277 1993 κιήλ,
2311 1919 2570 1998 Ἔσδρας.
2600 1923 2686 1993 Ἐξ
2721 1922 2792 1977 ὧν
2817 1923 2908 1977 καὶ
2937 1921 3032 1984 τὰς
3066 1919 3293 1997 ἐκλογὰς
3325 1917 3676 1994 ἐποιησάμην
3705 1917 3780 1979 εἰς

361 1947 545 1996 tarum
576 1938 723 1996 liber
754 1956 922 2011 unus,
957 1941 1176 2012 Daniel,
1219 1943 1499 2009 Ezechiel,
1534 1943 1754 1999 Esdras.
1789 1943 1868 1998 Ex
1923 1941 2012 1997 his

2118 2013 2171 2090 ’ἐξ
2217 2011 2412 2091 βιϐλία
2444 2011 2662 2073 διελών,

355 2027 530 2100 igitur
585 2036 846 2100 excerpta
898 2029 1126 2100 collegi,
1187 2045 1307 2100 quas
1342 2029 1400 2086 in
1432 2046 1528 2088 sex
1560 2028 1735 2086 libros
1768 2028 2007 2100 partitus

357 2133 506 2174 SUHL

435 2208 549 2264 Hoc
579 2208 959 2278 fragmentum
993 2208 1079 2266 vel
1110 2208 1236 2264 ideo
1266 2209 1550 2278 quantivis
1577 2209 1744 2280 pretii
1775 2215 1858 2265 est
1888 2201 2288 2277 reputandum,
2323 2197 2456 2270 quia
2486 2203 2742 2254 exactum
2767 2211 3061 2252 sacrorum
3111 2193 3414 2262 librorum,
3455 2193 3518 2248 in
3567 2207 3790 2248 canone

359 2293 578 2352 Veteris
609 2298 950 2353 Testamenti
1000 2304 1376 2367 recoptorum,
1425 2298 1682 2360 continet
1733 2295 2073 2366 catalogum,
2126 2290 2223 2363 qui
2269 2287 2527 2346 omnium
2584 2285 2801 2356 primus
2850 2291 2954 2351 est,
3009 2299 3178 2355 quem
3236 2283 3381 2354 apud
3432 2281 3790 2338 Christianos

365 2387 666 2457 scriptores
746 2388 1090 2444 invenimus.
1150 2390 1462 2447 Adornavit
1509 2406 1576 2445 ex
1627 2388 1882 2445 Palrihus
1927 2387 2178 2442 diversas
2230 2377 2467 2436 canonis
2516 2375 2815 2446 Scriptum
2883 2389 3053 2429 sacrae
3084 2372 3522 2429 constitutiones
3551 2370 3791 2426 illustris

365 2475 692 2546 reipuhiicae
726 2477 1050 2534 Bremensis
1079 2480 1370 2549 quondam
1403 2480 1696 2549 syndicus,
1723 2477 2019 2534 Gehardus
2045 2489 2154 2532 van
2205 2467 2522 2536 Mastricht,
2583 2465 2643 2521 in
2701 2463 3048 2520 Bibliotheca
3091 2461 3402 2518 Bremensis
3450 2461 3635 2518 classe
3686 2477 3793 2528 vn,

362 2565 633 2623 fasciculo
664 2583 704 2638 ι,
739 2575 934 2638 postea
964 2584 1216 2636 recusas,
1248 2584 1371 2639 quae
1403 2569 1647 2626 conferri
1680 2570 2100 2639 poteruntcum
2133 2563 2236 2616 135
2270 2555 2676 2619 schematibus.
2728 2555 2791 2611 in
2848 2555 3054 2626 quibus
3114 2553 3243 2609 libri
3304 2552 3498 2609 biblici
3552 2551 3776 2607 diverso

361 2655 560 2713 ordine
608 2657 968 2722 exhibentur,
1022 2657 1243 2713 Humt‘r.
1298 2659 1482 2725 llodii,
1532 2661 1599 2713 ad
1660 2658 1874 2714 calcem
1929 2651 2240 2727 peregregii
2286 2647 2416 2704 libri
2464 2648 2537 2702 De
2581 2645 2879 2701 bibliorum
2936 2643 3176 2700 teretibus
3227 2641 3624 2712 originalibus,
3683 2639 3781 2711 qui

363 2744 546 2802 Oxon.
587 2747 747 2812 1706,
799 2747 859 2802 in
911 2747 1106 2817 primae
1161 2747 1570 2818 magnitudinis
1612 2748 1792 2804 forma
1841 2745 2065 2816 prodiit.
2119 2741 2245 2798 Non
2294 2752 2524 2810 prorsus
2566 2735 2884 2806 spernenda
2922 2735 3063 2790 ratio
3112 2733 3256 2789 mihi
3304 2734 3544 2802 videtur,
3611 2745 3783 2801 quam

364 2834 699 2892 Wbistonus
731 2836 846 2907 (92)
871 2837 1138 2902 reddidit,
1170 2852 1342 2907 quare
1371 2838 1583 2902 Melite,
1617 2838 1686 2893 de
1715 2851 1936 2892 canone
1977 2834 2256 2890 librorum
2299 2843 2590 2886 sacrorum
2643 2825 2928 2898 quaesitus,
2980 2840 3122 2895 Opus
3181 2823 3444 2879 habuerit
3494 2821 3792 2877 Orientem

365 2925 523 2995 prius
560 2926 736 2995 adire,
777 2941 908 2982 cum
959 2934 1148 2982 tamen
1197 2934 1487 2998 receptum
1536 2942 1656 2982 suas
1705 2925 1969 2982 Ecclesiae
2018 2937 2321 2985 canonem,
2365 2925 2559 2989 utpote
2590 2932 2698 2988 quo
2749 2931 2856 2972 nec
2902 2913 3061 2970 illam
3109 2914 3358 2971 caruisse
3414 2911 3792 2998 credendum,

365 3014 745 3070 transcribere
765 3015 954 3069 statim
993 2997 1616 3084 potuissetpcanonem
1651 3015 1870 3072 scilicet
1899 3013 2176 3070 librorum
2218 3021 2506 3065 sacrorum
2539 3021 2652 3061 una
2707 3019 2842 3060 cum
2899 3001 3403 3060 constitutionibus
3457 2997 3794 3070 apostolicis

368 3117 484 3157 non
516 3101 787 3157 omnibus
820 3103 1138 3172 promiscue
1169 3103 1440 3159 Ecclesiis
1469 3104 1640 3159 fuisse
1669 3102 2080 3168 concreditum,
2113 3101 2209 3156 sed
2242 3099 2312 3154 iis
2343 3103 2560 3152 tantum
2592 3109 2730 3166 quas
2757 3093 3000 3164 apostoli
3029 3091 3135 3162 ipsi
3193 3089 3591 3162 plantaverint,
3650 3104 3794 3160 qua-

369 3206 494 3246 rum
523 3190 618 3245 ille
649 3191 754 3260 (93)
788 3191 852 3245 19
884 3200 1169 3260 numerat,
1201 3199 1254 3247 et
1284 3193 1429 3248 inter
1458 3209 1596 3263 quas
1630 3191 1924 3248 Sardensis
1953 3207 2070 3248 non
2108 3195 2361 3262 apparet.
2416 3183 2720 3242 Difﬁcilius
2761 3187 2954 3240 autem
2999 3182 3186 3238 eidem
3227 3181 3346 3236 viro
3402 3178 3795 3236 eruditissimo

372 3279 667 3346 assentior,
701 3281 936 3349 quando
966 3281 1263 3337 contendit
1283 3281 1569 3337 Melitonis
1597 3296 1874 3338 canonem
1907 3279 2311 3350 transcriptum
2345 3275 2516 3331 fuisse
2542 3291 2608 3330 ex
2641 3273 2860 3330 canode
2889 3272 3016 3341 isto,
3067 3271 3161 3341 qui
3207 3271 3268 3326 in
3316 3269 3484 3336 libro,
3547 3269 3798 3326 Cannae:

369 3377 656 3450 apostolici
687 3379 858 3446 dicto,
890 3394 1014 3448 cap.
1048 3381 1117 3435 86
1146 3386 1426 3448 occurrat,
1461 3383 1624 3451 cujus
1653 3376 1993 3453 γνησιότητα
2024 3376 2294 3435 omnibus
2326 3373 2562 3438 viribus,
2595 3371 2711 3428 imo
2741 3369 2828 3427 vel
2862 3386 2926 3427 ev
2958 3370 3078 3441 ipso
3109 3369 3216 3426 hoc
3275 3366 3563 3425 Melitonis
3613 3365 3784 3423 libro-

373 3485 500 3526 rum
533 3468 870 3527 biblicorum
909 3470 1183 3541 catalogo,
1213 3470 1602 3527 demonstrare
1630 3484 1818 3541 Opera:
1850 3469 2095 3540 pretium
2124 3465 2304 3522 duxit.

1491 3618 1560 3672 V.
1590 3618 1982 3687 Fragmentum
2006 3627 2076 3669 ea:
2095 3620 2298 3667 catena
2324 3606 2385 3663 in
2405 3607 2660 3664 Genesin.

442 3745 567 3800 Alia
597 3741 928 3814 fragmenta,
964 3758 1087 3814 quas
1119 3756 1274 3796 nunc
1304 3739 1469 3806 dabo,
1503 3756 1568 3796 ex
1605 3747 1804 3797 catena
1833 3739 2072 3812 quadam
2130 3733 2521 3806 manuscripta
2568 3749 2601 3786 a
2655 3727 2864 3786 Iacobo
2921 3727 3231 3784 Sirmundo
3285 3725 3573 3798 descripta
3629 3733 3797 3798 atque

373 3833 651 3890 Ilalloixio
682 3833 1106 3889 communicata
1130 3832 1380 3898 fuerunt,
1413 3832 1508 3902 qui
1539 3831 1636 3887 illa
1668 3847 1889 3902 quoque
1912 3824 2412 3899 imprimicuravit
2443 3839 2509 3879 ex
2543 3827 2718 3893 parte.
2752 3819 2959 3874 Eadem
3015 3825 3230 3889 postea,
3281 3823 3335 3872 et
3387 3815 3577 3872 adhuc
3631 3817 3797 3888 plura

366 3923 642 3980 hactenus
674 3922 933 3978 nondum
963 3923 1135 3987 edita,
1169 3938 1235 3976 ex
1270 3919 1486 3990 duplici
1519 3922 1714 3977 codice
1743 3921 1802 3976 in
1836 3919 2068 3990 gratiam
2100 3917 2187 3972 Io.
2227 3919 2445 3970 Ernest.
2483 3911 2677 3968 Grabii
2711 3907 3008 3979 descripsit
3038 3906 3454 3964 eruditissimus
3507 3906 3686 3964 Mich.
3728 3907 3798 3962 Le

369 4013 575 4083 Quien,
607 4028 672 4067 ex
707 4011 871 4081 cujus
899 4009 1249 4080 autographo
1284 4009 1405 4066 haec
1420 4009 1716 4081 descripsi,
1750 4009 1908 4076 verti,
1936 4015 1989 4064 et
2021 4006 2311 4062 variantes
2340 4018 2471 4061 cum
2502 3999 2791 4060 Ealloixio
2819 3998 3102 4055 adnotavi.

1759 4129 2079 4194 Μελίτωνος
2112 4126 2388 4205 Σάρδεων.

373 4289 482 4344 Pro
525 4287 719 4344 Isaaco
771 4287 926 4358 justo
975 4285 1235 4357 apparuit
1283 4286 1428 4343 aries
1480 4287 1540 4344 in
1592 4291 2018 4354 mactationem,

373 4386 436 4436 ut
457 4379 701 4439 vinculis
735 4379 896 4435 Isaac
918 4377 1323 4435 exsolveretur.
1350 4377 1452 4435 Ille
1480 4387 1755 4436 mactatus
1787 4381 2022 4436 redemit

376 4469 630 4525 lsaacum
659 4487 672 4525 :
705 4469 781 4524 ita
811 4471 868 4524 et
912 4467 1190 4524 Dominus
1241 4475 1419 4524 morte
1469 4483 1571 4524 sua
1611 4484 1714 4524 nos
1764 4468 2022 4539 salvavit,

375 4564 429 4612 et
454 4556 702 4615 vinculis
733 4557 850 4613 suis
884 4572 986 4613 nos
1016 4556 1299 4629 liberavit,
1357 4573 1568 4630 suaque
1623 4557 2019 4615 immolatione

375 4661 479 4701 nos
508 4646 768 4702 redemit.

444 4771 509 4827 Et
525 4778 646 4842 post
673 4787 850 4843 pauca
883 4787 898 4828 :

444 4860 570 4916 Erat
601 4861 754 4918 enim
786 4861 1064 4918 Dominus
1095 4877 1295 4934 agnus,
1315 4864 1384 4920 ad
1418 4865 1596 4921 instar
1625 4863 1815 4921 arietis
1844 4863 2020 4935 illius,

451 5041 559 5111 (90)
590 5041 932 5098 Whisthono
953 5041 1314 5111 conjicicnte,
1369 5045 1637 5104 Primvi
1696 5045 2025 5102 Christiani-

375 5113 491 5186 smi
514 5114 624 5169 vol.
659 5114 735 5170 III
783 5130 909 5185 pag.
945 5115 1117 5186 7377,,
1144 5115 1425 5172 Ecclesiae
1483 5119 2026 5186 Hierosolymitanas

379 5194 432 5240 et
466 5185 837 5241 Caesarienses
867 5185 1022 5240 adiit.
1057 5185 1140 5241 Ab
1170 5186 1420 5242 Adriano
1441 5189 1575 5244 urbs
1604 5185 1880 5244 Hierosol.
1918 5189 2025 5244 hoc

377 5258 586 5313 saeculo
617 5256 824 5314 iterum
886 5258 1117 5323 exstrui,
1172 5266 1225 5312 et
1283 5259 1424 5314 Elia
1481 5260 1785 5331 Capitolia.
1837 5261 2023 5316 vocari

377 5331 568 5386 ccenit.

448 5348 667 5471 latina
699 5401 852 5456 hunc
881 5399 1167 5472 locumex
1205 5400 1319 5456 {ide
1368 5403 1716 5472 optimorum
1765 5404 2026 5461 codicum

375 5475 725 5528 restituinius
757 5488 886 5530 cum
910 5471 1150 5536 Valesio,
1175 5487 1341 5541 quam
1368 5471 1667 5532 lectionem
1701 5483 1753 5531 et
1812 5476 2023 5532 Ruitin.

376 5545 780 5630 qontirmatﬁla
805 5553 1035 5630 vertens
1067 5560 1080 5599 :
1116 5542 1431 5630 Salomonis
1464 5547 1763 5630 Ifroverbz‘a
1812 5564 1934 5630 qua;
1973 5554 2027 5603 et

379 5611 709 5689 Sapientia;
734 5615 1038 5673 subscribit
1069 5630 1294 5689 quoque
1313 5615 1622 5689 Nicephor.
1659 5619 1754 5689 qui
1811 5611 1888 5674 ita
1921 5620 2020 5674 ha-

374 5681 466 5738 bet
494 5699 508 5737 :
542 5681 877 5756 Σολὸμωνος
908 5681 1233 5759 Παροιμίαι,
1264 5683 1299 5756 ἢ
1330 5688 1422 5742 καὶ
1458 5681 1654 5766 Σοφία.
1676 5681 1830 5746 ’ν1ά.
1881 5691 2017 5748 diss.

2130 4281 2290 4356 ’Υπὲρ
2337 4278 2516 4334 Ἰσαὰκ
2547 4280 2644 4332 τοῦ
2705 4272 2916 4331 δικαίου
2983 4271 3155 4354 ἐφάνη
3216 4274 3372 4349 κριὸς
3427 4274 3505 4338 εἰς
3551 4277 3795 4354 σφαγὴν,

2132 4369 2222 4426 ἵνα
2253 4367 2467 4442 δεσμῶν
2500 4366 2684 4424 Ἰσαὰκ
2721 4362 2863 4439 λυθῇ
2899 4409 2914 4424 .
2947 4365 3183 4424 Ἐκεῖνος
3224 4362 3445 4443 σφαγεὶς
3502 4363 3789 4434 ἐλυζώσα..

2133 4481 2196 4516 το
2229 4461 2340 4532 (94)
2371 4458 2463 4512 τὸν
2496 4455 2697 4524 Ἰσαὰκ,
2731 4454 2906 4515 οὕτως
2937 4453 3026 4509 καὶ
3059 4453 3086 4507 ὁ
3128 4452 3337 4527 Κύριος
3404 4453 3627 4528 σφαγεὶς
3665 4450 3798 4508 ἔσω-

2133 4569 2218 4605 σεν
2249 4550 2421 4622 ἡμᾶς,
2452 4545 2541 4600 καὶ
2575 4542 2744 4606 δεθεὶς
2805 4536 2986 4614 ἔλυσε,
3040 4541 3135 4597 καὶ
3183 4541 3359 4604 Θυθεῖς
3415 4539 3795 4619 ἐλυτρώσατο.

2208 4762 2312 4822 Καὶ
2340 4762 2460 4837 μετ’
2491 4759 2680 4838 ὁλίγαο

2203 4855 2305 4911 Ἦν
2362 4852 2465 4930 γὰρ
2521 4852 2550 4906 ὁ
2601 4849 2805 4926 Κύριος
2858 4847 3046 4924 ἀμνὸς,
3107 4847 3182 4912 ὡς
3237 4847 3414 4924 κριὸς,
3500 4844 3560 4905 ὅν
3659 4848 3794 4906 εἶδεν

2137 5063 2327 5104 meam
2359 5045 2608 5118 priorem
2640 5046 2716 5101 De
2744 5044 3007 5101 Melitone
3031 5042 3297 5100 Sardium
3325 5043 3600 5117 episcopo,
3631 5047 3660 5114 §
3709 5046 3795 5113 l5,

2136 5136 2324 5175 supra.

2351 5189 2618 5246 Whiston
2652 5189 2708 5244 in
2742 5188 2843 5244 The
2873 5189 3041 5260 Essay
3075 5203 3147 5246 οη
3186 5189 3277 5244 the
3303 5189 3628 5260 apostolical
3667 5205 3792 5248 con-

2134 5261 2442 5330 stitutions,
2477 5279 2602 5332 pag.
2633 5261 2760 5316 375.

2231 5334 2320 5402 93;
2351 5335 2506 5389 Idem
2532 5333 2699 5403 tbid.,
2734 5349 2862 5403 pag.
2893 5332 3026 5386 233.

2234 5406 2321 5474 94)
2351 5405 2496 5474 Lege
2527 5401 2903 5476 ἐλυτρώσατο,
2931 5403 3009 5458 ita
3037 5417 3260 5475 quoque
3289 5419 3359 5460 ex
3389 5403 3567 5462 altero
3601 5405 3796 5476 codice

2137 5475 2535 5553 deacripsit_Le
2554 5475 2760 5544 Quian,
2793 5476 2893 5546 qui
2925 5482 2988 5553 et_
3009 5485 3304 5553 praeterea,
3348 5477 3472 5534 loco
3542 5475 3788 5553 σφαγεὶς,

2136 5553 2348 5678 «pagi:
2443 5548 2629 5620 habet,
2718 5563 2890 5619 quam
2974 5547 3276 5629 lectionem
3375 5547 3598 5608 tamen'
3665 5547 3786 5608 non

2136 5637 2236 5678 nro
2280 5636 2338 5678 ο.

2135 5636 2338 5693 prono.
