4034 6226
281 374 439 436 121³1

1737 377 2214 443 FRAGMENTA
2231 426 2244 442 .

3546 395 3698 454 1213

279 502 540 582 Ἀϐραὰμ
567 499 936 581 κατεχόμενον
970 503 1021 561 ὲν
1052 511 1206 581 φυτῷ
1238 502 1414 562 Σαϐέκ
1471 511 1603 581 (95).
1657 505 1834 565 Ἀλλᾶ
1875 509 1938 566 τὸ

2076 529 2224 585 luem
2253 515 2390 572 vidit
2421 515 2699 574 Abraham
2748 518 3040 576 detentum
3096 521 3156 576 in
3207 521 3444 594 virgulto
3499 526 3696 584 Sabec.

283 597 453 677 φυτὸν
504 595 765 674 ἂπέφαινε
820 595 912 651 τὸν
969 597 1220 672 σταυρὸν,
1277 598 1367 653 καὶ
1429 599 1457 652 ὁ
1499 597 1666 660 τόπος
1715 597 1939 672 ἰκεῖνος,

281 689 386 757 τὴν
419 687 805 763 Ἰερουσαλὴμ,
836 687 925 741 καὶ
958 687 986 742 ὁ
1017 686 1212 761 ἀμνὸς,
1243 686 1336 744 τὸν
1397 688 1590 766 Κύριον
1638 685 1944 762 ἐμπεπεδη-

287 775 449 850 μένον
484 777 599 850 (96)
635 775 712 838 εἰς
746 776 981 854 σφαγήν.

2055 602 2198 659 Nam
2257 605 2567 678 virgultum
2625 608 2884 679 designat
2939 624 3187 677 crucem,
3250 618 3304 666 et
3362 611 3522 670 locus
3580 615 3699 689 ille,

2052 691 2494 768 Hierosolymas,
2524 702 2580 752 et
2607 697 2775 766 aries,
2809 697 3117 755 Dominum
3147 700 3218 754 ad
3251 701 3597 760 occisionem
3627 705 3702 762 li-

2050 790 2262 851 gatum.

1383 892 1490 945 Τοῦ
1525 890 1792 963 μακαρίου
1833 887 2152 952 Μελίτωνος
2183 889 2434 967 Σάρδεων
2469 898 2600 967 (97).

359 991 447 1049 Ὠς
475 985 580 1063 γὰρ
609 986 760 1060 κριὸς
789 985 968 1057 ἐδέθη,
1015 987 1148 1066 φησὶ
1205 987 1330 1062 περὶ
1379 991 1475 1043 τοῦ
1532 987 1737 1063 Κυρίου
1786 989 1946 1061 ἡμῶν

291 1077 476 1148 Ἰησοῦ
525 1077 764 1147 Χριστοῦ
813 1080 947 1149 (98),
996 1075 1088 1131 καὶ
1143 1077 1217 1139 ὡς
1271 1076 1442 1150 ἀμνὸς
1494 1077 1684 1153 ἐχάρη,
1739 1078 1829 1132 καὶ
1878 1079 1952 1141 ὡς

292 1162 572 1242 πρόϐατον
604 1165 692 1222 ἐπὶ
723 1169 934 1247 σφαγὴν
975 1165 1155 1242 ἤχθη,
1208 1167 1298 1222 καὶ
1347 1168 1420 1228 ὡς
1465 1165 1632 1241 ἂμνὸς
1682 1167 1950 1224 ἐσταυρώ-

293 1261 388 1329 θη,
421 1257 514 1312 καὶ
545 1253 804 1312 ἐϐάστασε
831 1257 892 1312 τὸ
924 1256 1084 1330 ξύλον
1117 1256 1205 1310 ἐπὶ
1241 1263 1362 1319 τοῖς
1415 1255 1595 1330 ὢμοις
1643 1260 1777 1331 (99),
1830 1259 1951 1312 ἂνα-

295 1348 535 1424 γόμενος
567 1354 860 1422 σφαγῆναι,
910 1346 984 1409 ὡς
1047 1347 1226 1404 Ἰσαὰκ
1281 1349 1380 1419 (ί),
1443 1348 1545 1403 ὑπὸ
1595 1353 1692 1403 τοῦ
1749 1349 1950 1424 πατρὸς

296 1437 486 1494 αὐτοῦ.
523 1436 700 1493 Ἀλλᾶ
729 1436 957 1512 Χριστὸς
989 1433 1202 1506 ἔπαθεν,
1254 1437 1435 1493 Ἰσαὰκ
1487 1435 1543 1492 δὲ
1590 1436 1689 1491 οὐκ
1737 1435 1948 1494 ἔπαθεν·

293 1490 703 1603 ὲ-ἐτξρέγὲιρἦν
730 1490 1433 1602 ζέδμέᾷλοντοζπάὲχειν
1465 1490 1565 1600 (ξ).
1599 1490 1894 1584 aut"...
1911 1490 1952 1584 ’δ
1985 1490 2032 1556 Β

291 1616 470 1679 τόπος
523 1620 618 1672 τοῦ
675 1619 915 1691 Χριστοῦ
950 1617 1292 1692 γιενόμενος,
1353 1614 1611 1688 ἔκπληξιν
1655 1616 1744 1672 καὶ
1785 1612 1950 1696 φόϐον

295 1713 565 1786 παρεῖχεν
598 1706 904 1782 ἀνθρώποις
933 1709 1032 1781 (3).

374 1799 476 1854 Ἦν
506 1797 610 1874 γὰρ
635 1798 919 1861 θεάσασθαι
973 1799 1275 1872 μυστήριον
1325 1798 1532 1867 καινὸν,
1582 1797 1696 1853 υἱὸν
1753 1797 1957 1875 ἂγομὲ-

305 1908 398 1942 νον
431 1886 535 1942 ὑπὸ
564 1891 662 1942 τοῦ
701 1885 903 1961 πατρὸς
933 1886 1015 1957 ἐή’
1045 1882 1172 1959 ὅρος
1204 1886 1290 1942 ἐπὶ
1348 1887 1583 1963 σφαγὴν,
1637 1886 1696 1942 ὅν
1745 1909 1956 1961 συμπο-

305 1973 460 2039 δίσας
496 1973 684 2046 ἔθηκεν
718 1974 806 2030 ἐπὶ
836 1974 902 2031 τὰ
932 1974 1067 2048 ξύλα
1095 1983 1198 2046 τῆς
1245 1978 1602 2052 καρπώσεως,
1653 1976 1954 2051 ἐτοιμάζων

307 2067 446 2139 μετᾶ
475 2063 723 2135 σπουδῆς
749 2067 816 2120 τὰ
854 2065 989 2139 πρὸς
1039 2067 1138 2136 τὴν
1187 2067 1398 2146 σφαγὴν
1453 2065 1600 2139 αὖτῷ
1787 2068 1850 2123 Ὀ
1902 2064 1960 2122 δὲ

301 2157 492 2213 Ἰσαὰκ
521 2159 668 2230 σιγᾷ,
702 2153 1100 2228 πεπεδευμένος
1135 2157 1209 2217 ὡς
1246 2157 1423 2231 κριὸς,
1473 2157 1574 2211 οὐκ
1611 2155 1845 2231 ἀνοίγων
1896 2157 1958 2212 τὸ

312 2245 511 2318 στόμα,
541 2242 670 2299 οὐδὲ
701 2244 1063 2320 φθεγγόμενος
1096 2247 1270 2318 φωνῇ.
1304 2245 1382 2301 Τὸ
1429 2245 1530 2320 γὰρ
1563 2244 1715 2324 ξίφος
1757 2243 1820 2300 οὐ
1860 2265 1962 2323 φο..

307 2329 465 2389 60‘
593 2331 667 2388 ’8‘
747 2332 760 2348 “
843 2337 868 2348 ”
1089 2335 1164 2387 (3-³
1289 2330 1380 2387 ’“ὶ
1466 2334 1478 2351 “
1676 2338 1699 2348 “

347 2357 380 2404 η
422 2355 520 2403 εις,
553 2354 614 2388 ου
655 2353 679 2388 ε
705 2353 770 2389 το
799 2353 905 2408 πυρ
940 2353 1080 2403 πτοη
1122 2354 1218 2401 της,
1255 2349 1349 2387 ouo
1424 2354 1487 2388 το
1538 2335 1727 2389 παθειν
1781 2332 1964 2405 λυπη-

305 2425 438 2492 θεὶς,
498 2419 784 2479 ἐϐάστασεν
841 2427 1113 2498 καρτερῶν
1174 2423 1265 2478 τὸν
1325 2423 1493 2477 τύπον
1579 2427 1676 2477 τοῦ
1735 2423 1959 2499 Κυρίου.

302 2515 410 2570 Ἦν
443 2514 535 2568 οὗν
585 2511 637 2568 ἐν
701 2510 851 2586 μέσῳ
907 2512 1264 2587 προγείμενος
1325 2513 1506 2567 Ἰσαὰκ
1561 2509 1964 2586 πεποδισμένος

303 2605 382 2666 ὡς
412 2602 583 2678 κριὸς,
611 2602 702 2657 καὶ
749 2603 930 2677 πατὴρ
975 2602 1278 2676 παρεστὼς,
1329 2603 1419 2656 καὶ
1477 2607 1690 2674 κρατῶν
1751 2603 1961 2677 γυμνὸν

297 2693 363 2748 τὸ
393 2693 570 2770 ξίφος,
606 2693 682 2765 μή
713 2689 1035 2767 αἰδούμενος
1067 2694 1319 2771 φονεῦσαι
1352 2691 1443 2746 τὸν
1478 2691 1593 2746 υἱὸν
1624 2691 1814 2750 αὐτοῦ.

2131 991 2287 1048 Sicut
2320 993 2473 1048 enim
2503 995 2650 1050 aries
2707 996 2928 1052 vinctus
2975 1005 3075 1064 est,
3130 997 3310 1070 inquit
3359 1000 3428 1056 de
3457 1001 3702 1060 Domino

2062 1088 2252 1137 nostro
2273 1081 2405 1137 Jesu
2429 1083 2728 1154 Christo,et
2757 1085 2899 1142 sicut
2923 1103 3102 1156 agnus
3123 1094 3318 1145 tonsus
3341 1098 3445 1157 est,
3481 1097 3532 1146 et
3557 1092 3703 1148 sicut

2061 1172 2180 1226 ovis
2202 1170 2270 1224 ad
2304 1172 2653 1228 occisionem
2680 1175 2882 1230 ductus
2911 1180 3016 1244 est,
3060 1183 3112 1230 et
3157 1176 3298 1232 sicut
3344 1194 3526 1248 agnus
3571 1195 3702 1236 cru-

2062 1260 2260 1316 ciﬁxus
2283 1268 2386 1326 est,
2419 1270 2470 1317 et
2505 1264 2748 1334 portavit
2779 1263 2996 1335 lignuzn
3033 1264 3304 1335 humeris,
3337 1268 3616 1324 adductus
3648 1274 3704 1324 ut

2061 1349 2472 1419 immolaretur,
2508 1353 2652 1407 sicut
2683 1354 2862 1419 Isaac,
2892 1371 2924 1409 a
2955 1363 3109 1424 patre
3138 1371 3261 1412 suo.
3292 1358 3398 1412 Sed
3450 1357 3706 1414 Christus

2065 1455 2260 1507 passus
2285 1449 2384 1506 est,
2414 1445 2567 1498 Isaac
2592 1451 2776 1498 autem
2809 1459 2920 1498 non
2950 1452 3030 1500 est
3065 1461 3259 1515 passus
3293 1463 3306 1514 ;
3359 1453 3521 1518 typus
3551 1449 3702 1504 enim

2063 1537 2181 1584 erat
2214 1529 2412 1586 futura:
2454 1531 2732 1601 passionis
2771 1533 3099 1590 Dominicac.
3143 1537 3405 1590 Attamen
3459 1536 3588 1592 licet
3620 1546 3704 1606 ty-

2065 1635 2169 1688 pus
2211 1621 2606 1674 tantummodo
2667 1619 2876 1675 Christi
2925 1626 3092 1691 esset,
3135 1629 3322 1679 tamen
3379 1632 3608 1696 stUpore
3654 1631 3708 1682 et

2067 1710 2267 1764 timore
2295 1709 2574 1779 percussit
2609 1709 2890 1766 homines.

2140 1798 2456 1869 Spectanda
2507 1800 2659 1855 enim
2689 1807 2804 1855 erat
2837 1817 2926 1856 res
2958 1817 3100 1857 nova
3122 1804 3487 1875 mysteriique
3518 1804 3706 1876 plena,

2067 1886 2219 1943 filius
2249 1889 2450 1945 ductus
2497 1907 2528 1943 a
2576 1895 2732 1958 patre
2789 1890 2848 1944 in
2907 1898 3157 1946 montem
3215 1893 3282 1946 ad
3341 1894 3706 1967 occisionem,

2069 1993 2233 2049 quem
2268 1985 2422 2048 pater
2467 1978 2671 2034 vinctis
2729 1979 2969 2048 pedibus
3033 1989 3295 2051 posuerat
3343 1997 3508 2053 snper
3556 1982 3708 2054 ligna

2071 2067 2403 2136 holocausti,
2463 2085 2668 2139 parans
2725 2083 2850 2125 cum
2904 2069 3259 2126 festinatione
3318 2087 3402 2138 ea,
3462 2087 3580 2144 quae
3635 2074 3705 2130 ad

2069 2155 2516 2212 immolationem
2569 2156 2691 2226 ejus
2735 2165 2893 2212 erant
2940 2159 3271 2214 necessaria.
3326 2163 3480 2217 Isaac
3521 2169 3706 2218 autem

2069 2245 2218 2313 silet,
2239 2244 2442 2314 ligatus
2465 2245 2603 2301 sicut
2649 2247 2816 2313 aries,
2850 2263 2962 2303 non
2986 2249 3243 2318 aperiens
3274 2265 3336 2305 os
3365 2265 3552 2317 suum,
3602 2267 3709 2308 nec

2072 2351 2264 2392 vocem
2296 2335 2582 2391 emittens.
2617 2340 2756 2390 Dum
2790 2337 2943 2392 enim
2974 2337 3080 2392 sibi
3106 2338 3478 2407 agladionon
3499 2340 3709 2408 timuit,

2073 2440 2258 2495 neque
2273 2424 2342 2480 ab
2364 2425 2492 2494 igne
2525 2426 2956 2496 perterrefactus
2988 2426 3113 2496 fuit,
3158 2443 3343 2499 neque
3378 2429 3450 2485 ob
3489 2429 3710 2486 crucia—

2072 2521 2160 2570 tus
2191 2515 2595 2584 contristatus;
2641 2515 2858 2571 fortiter
2895 2515 3163 2571 sustinuit
3212 2525 3405 2587 typum
3456 2519 3703 2575 Domini.

2073 2611 2135 2661 In
2169 2605 2353 2661 medio
2383 2605 2552 2674 igitur
2585 2605 2797 2677 positus
2839 2611 2955 2661 erat
3005 2608 3178 2673 Isaac,
3232 2607 3467 2677 pedibus
3511 2608 3714 2677 ligatus

2072 2703 2130 2751 ut
2159 2697 2325 2765 aries,
2361 2702 2412 2751 et
2443 2695 2663 2751 astabat
2693 2703 2866 2765 pater,
2899 2695 3270 2766 strictumque
3317 2713 3510 2752 ensem
3555 2704 3712 2753 tene-

2064 2787 2159 2842 bat
2200 2785 2485 2851 manibus,
2521 2784 2701 2841 ﬁlium
2733 2800 2900 2840 suum
2930 2785 3248 2841 interﬁcere
3272 2801 3384 2842 non
3416 2784 3641 2842 timens.

382 2902 512 2959 llaac
542 2901 815 2958 hactenus
844 2900 1099 2957 exhibita
1120 2916 1185 2956 ex
1211 2899 1435 2956 Catenis
1465 2899 1524 2957 in
1557 2901 1803 2958 Genesin
1834 2902 2149 2972 fragmenta
2181 2901 2440 2956 videntur
2484 2916 2604 2956 esse
2653 2916 2719 2955 ex
2775 2899 3058 2956 Melitonis
3101 2895 3382 2976 Ἐκλογῶν
3425 2901 3582 2955 libris
3631 2901 3724 2956 de-

300 2998 550 3062 sumpta.
588 2991 828 3060 Dupinio
854 2990 930 3063 (5)
958 2989 1175 3061 judice,
1209 2989 1328 3045 haec
1358 2989 1593 3062 indigna
1623 2991 1884 3047 videntur
1913 2989 2186 3061 Melitoni,
2219 2989 2649 3061 puerilibusque
2676 2989 3123 3060 cogitationibus
3167 2989 3372 3045 referta
3421 2995 3474 3044 et
3523 3005 3722 3046 recen-

297 3081 507 3136 tiorum
543 3080 746 3151 potius,
781 3095 948 3150 quam
980 3087 1230 3134 veterum
1262 3095 1458 3149 sapere
1500 3080 1813 3150 ingenium.
1870 3081 1976 3136 Sed
2025 3096 2316 3152 perperam
2364 3080 2439 3134 ita
2491 3080 2890 3149 pronuntiasse
2943 3078 3084 3132 mihi
3135 3078 3352 3133 videtur
3405 3078 3720 3148 Dupinius;

301 3171 454 3243 quod
482 3170 528 3224 si
569 3169 722 3226 enim
753 3168 1166 3224 Tertullianum
1199 3168 1272 3239 (6)
1305 3166 1563 3223 evolvere
1595 3168 1841 3235 libuerit,
1876 3169 2070 3226 eadem
2104 3169 2514 3240 propemodum
2555 3169 2702 3222 dicta
2733 3167 3010 3222 invenies.
3052 3167 3306 3222 Aliorum
3355 3167 3720 3239 antiquorum

297 3265 531 3315 Patrum
566 3259 710 3326 loca,
742 3257 951 3329 quibus
983 3259 1238 3312 Isaacum
1270 3264 1464 3327 typum
1516 3257 1724 3313 Christi
1768 3260 2049 3314 exstitisse
2096 3259 2491 3329 pronuntiant,
2549 3259 2775 3327 reticeo,
2815 3257 3111 3312 additurus
3156 3257 3378 3321 saltem,
3424 3261 3722 3327 Hugouem

298 3353 371 3405 de
403 3350 610 3405 Sancto
641 3347 880 3410 Victore,
914 3346 1010 3417 qui
1041 3347 1247 3402 seculo
1277 3346 1620 3402 duodecimo
1650 3347 1873 3415 claruit,
1906 3348 2319 3420 Allrgoriarum
2350 3350 2412 3404 in
2445 3352 2736 3418 utrumque
2770 3348 3195 3402 Testamentum
3239 3345 3313 3418 (7)
3348 3345 3446 3401 lib.
3491 3363 3553 3418 ιι,
3598 3363 3722 3424 ουρ,

297 3440 330 3492 7
358 3439 599 3509 integro.
635 3436 935 3509 mysticum
968 3450 1198 3491 sensum
1229 3434 1641 3492 immolationis
1671 3438 1846 3494 Isaaci
1879 3439 2216 3509 eXplieasse,
2252 3439 2344 3494 hic
2375 3454 2606 3508 prorsus
2635 3435 3067 3492 conferendum.

378 3557 489 3626 (95)
521 3555 726 3612 Genes.
769 3569 907 3621 xxii,
965 3553 1051 3621 13,
1107 3553 1176 3608 de
1216 3567 1345 3626 quo
1364 3552 1659 3626 hpluribus
1713 3554 1959 3626 loquitur

297 3623 493 3685 Melite
524 3628 585 3683 in
617 3626 941 3696 fragmento
971 3624 1229 3696 sequenti
1262 3639 1328 3680 ex
1363 3623 1562 3679 Btbliis
1591 3623 1801 3680 Graecis
1829 3626 1961 3682 affe-

303 3701 508 3758 rendo.

372 3770 603 3844 (96)_lta
629 3769 780 3844 apud
830 3767 1194 3844 Halloiirium,
1257 3769 1488 3844 praistat
1522 3766 1779 3844 alterius
1830 3768 1958 3825 cod.

297 3836 988 3913 Ιθὸιὶόέμπετίοδισμὲνον,
1018 3841 1150 3913 licet
1182 3836 1288 3894 nec
1321 3838 1462 3913 falsa
1483 3838 1562 3913 ‘sit
1595 3839 1763 3913 prior:

373 3915 489 3987 (97)
519 3905 668 3987 'A|_t_er
697 3905 876 3987 codex
926 3905 1004 3967 ita
1053 3911 1293 3987 saltem:
1349 3905 1690 3987 Melitwvoz,
1741 3907 1960 3987 entered-

301 3978 410 4042 που
445 3978 718 4052 Σαρδέων,
750 3984 965 4054 absque
1001 3978 1268 4054 μακαρίου
1301 3981 1581 4051 epitheto,
1631 3999 1744 4053 quo
1777 3983 1962 4054 laudis

305 4057 640 4131 praelamine
671 4073 795 4131 raro
842 4053 902 4111 in
929 4053 1121 4131 _mss.,
1182 4054 1402 4131 catenis.
1437 4061 1490 4131 et
1538 4053 1962 4131 Lua-rtyrologiis

305 4124 502 4195 venit;
533 4129 706 4200 idque
737 4127 862 4182 ideo
899 4126 1083 4200 forte,
1106 4135 1225 4200 “ut,
1257 4124 1501 4200 cpnjicit
1538 4124 1960 4200 Tillemontius,

310 4209 444 4258 nota
474 4193 530 4267 3,
563 4193 707 4269 quod
739 4200 862 4269 ejus
897 4197 1044 4253 liber
1102 4193 1231 4269 Ηερὶ
1274 4193 1634 4269 -ἐνσῳμάτουᾴ
1661 4199 1816 4262 Θεοῦ,
1867 4206 1960 4251 aut

311 4274 456 4330 liber
487 4267 596 4342 ipsi
625 4267 972 4342 suppositus,
1005 4267 1346 4342 De‘transitu
1378 4268 1599 4342 Mariae,
1625 4267 1730 4324 hoc
1782 4269 1962 4325 bono-

311 4362 375 4402 re
407 4337 1142 4413 tituloqueapudposteros
1172 4354 1301 4413 curn
1332 4339 1649 4413 privaverit.

385 4409 617 4487 (98))ιὰ
657 4409 805 4487 vero
835 4411 979 4487 alter
1036 4411 1244 4487 codex_
1275 4409 1487 4487 habet:
1536 4409 1633 4462 Καὶ
1688 4409 1716 4463 ὁ
1767 4410 1962 4484 Κύριος

313 4475 732 4560 ὴμίῶνίἹησοῦς
763 4482 998 4560 Χριστος
1029 4481 1105 4560 ᾡς
1135 4480 1288 4554 κριὸς
1319 4475 1501 4549 ἐδέθη.

383 4558 699 4631 (99),Αί1άὶι
727 4553 869 4631 alter
895 4553 1078 4631 αρτοτὶ.

2140 3557 2210 3626 (6)
2234 3554 2621 3610 Tertullianus
2653 3553 2888 3625 passim,
2925 3570 2977 3607 ν.
3011 3570 3061 3608 c.
3094 3553 3156 3626 in
3185 3553 3282 3626 lib.
3319 3552 3391 3608 De
3419 3551 3722 3626 patientia,

2249 3627 2490 3707 Froben.
2525 3623 2669 3707 edit,
2693 3640 2820 3707 pag.
2879 3627 2940 3678 10
2974 3639 2992 3707 :_
3032 3645 3060 3673 «
3088 3623 3381 3707 fabraham
3412 3623 3548 3707 "Deo
3597 3639 3723 3706 cre-

2068 3694 2230 3763 didit,
2265 3705 2317 3752 et
2352 3698 2517 3752 tidem
2552 3694 2824 3767 patientia
2873 3695 3146 3765 probavit,
3193 3710 3357 3767 quem
3407 3694 3589 3750 ﬁlium
3621 3696 3729 3767 im-

2069 3769 2283 3824 molare
2305 3769 2497 3837 jussus
2520 3765 2625 3831 est,
2651 3768 2716 3820 ad
2743 3767 2870 3820 ﬁdei
2905 3782 3019 3821 non
3054 3765 3424 3821 tentationem
3454 3765 3719 3834 dixerim,

2070 3841 2166 3896 sed
2189 3841 2433 3911 typicam
2457 3839 2952 3911 contestationemﬁ.
2980 3861 3001 3888 ι
3034 3838 3095 3911 Et
3121 3840 3177 3911 in
3205 3837 3303 3911 lib.
3332 3838 3599 3892 Adversus
3625 3838 3722 3893 Ju-

2070 3909 2236 3979 daeos,
2272 3928 2393 3980 pag.
2433 3911 2571 3965 134:
2619 3931 2640 3959 α
2679 3911 2869 3977 Itaque
2921 3909 3182 3978 inprimis
3227 3909 3381 3964 Isaac
3411 3925 3540 3965 cum
3570 3927 3601 3964 a
3633 3926 3725 3979 pa-

2071 3992 2154 4038 tre
2193 3979 2381 4038 hostia
2410 3984 2730 4048 duceretur,
2763 3979 3141 4050 lingnumque
3169 3980 3288 4050 ipse
3321 3981 3429 4036 sibi
3473 3988 3720 4048 portans,

2071 4055 2277 4109 Christi
2310 4056 2522 4110 exitum
2585 4055 2700 4122 jam
2767 4061 2901 4107 tunc
2953 4052 3274 4121 denotabat,
3329 4053 3386 4107 in
3439 4053 3723 4108 victimam

2071 4129 2330 4182 concessi
2361 4144 2393 4180 a
2423 4127 2583 4180 Patre
2619 4125 2955 4195 lignumque
2993 4123 3270 4193 passionis
3299 4139 3415 4180 sua:
3475 4124 3726 4193 bajulan-

2072 4199 2162 4253 tis.
2199 4219 2226 4246 »
2261 4198 2327 4252 Et
2359 4213 2480 4266 pag.
2516 4196 2655 4250 439:
2698 4216 2726 4244 «
2761 4200 2878 4250 Hoc
2912 4196 3128 4264 lignum
3182 4197 3289 4250 sibi
3345 4204 3398 4252 et
3449 4198 3604 4252 Isaac
3654 4196 3725 4250 ad

2074 4269 2416 4325 sacriﬁcium
2450 4267 2726 4338 portabat.
2762 4267 2870 4322 Sed
2904 4268 3170 4337 quoniam
3205 4268 3326 4324 haec
3377 4269 3600 4324 fuerant
3631 4284 3724 4322 sa-

2073 4349 2386 4409 crementa,
2429 4356 2548 4410 qua:
2585 4339 2931 4408 temporibus
2959 4339 3171 4394 Christi
3213 4340 3557 4408 perﬁcienda
3607 4355 3724 4394 ser-

2074 4414 2372 4480 vabantur,
2396 4420 2449 4465 et
2481 4413 2630 4466 Isaac
2660 4426 2791 4466 cum
2826 4410 2978 4478 ligno
3029 4419 3342 4466 reservatus
3393 4418 3498 4477 est,
3553 4410 3726 4466 ariete

2074 4485 2342 4540 oblaloin
2367 4499 2532 4554 vepre
2562 4483 2831 4538 cornibus
2887 4483 3132 4538 haerente
3165 4499 3178 4538 :
3213 4491 3264 4538 et
3297 4483 3554 4554 Christus
3607 4483 3724 4554 suis

2075 4553 2687 4636 temporibus'lignum.
2749 4554 3000 4608 humeris
3058 4554 3174 4635 suis
3232 4553 3496 4636 portavit,
3543 4553 3725 4636 inhae-

379 4620 798 4707 (i)’Sequentia
827 4627 998 4707 verba
1055 4640 1234 4707 usque
1289 4624 1358 4706 ad
1412 4620 1593 4707 Ἰσαᾴκ
1631 4625 1854 4707 .desunt
1905 4627 1964 4682 in
1997 4643 2043 4707 Ι)
2076 4620 2208 4707 rens
2236 4620 3321 4707 cornibus—crucis.coronaspinea'in
3371 4626 3558 4707 capite
3607 4627 3729 4694 ejus

306 4695 488 4760 altero
523 4695 652 4770 me,
685 4699 796 4756 nisi
828 4700 968 4755 forte
1000 4713 1098 4770 per
1127 4695 1412 4770 incuriam
1443 4695 1668 4770 Quienii
1699 4698 1967 4770 omitten-

314 4777 389 4832 tis
419 4768 696 4842 integram
732 4771 962 4838 lineam,
995 4768 1258 4842 similiter
1293 4779 1359 4822 ac
1407 4768 1838 4824 antecedentem
1871 4769 1963 4826 in-

311 4840 645 4916 cipientem,
681 4844 884 4899 fuerint
904 4841 1108 4916 potius
1138 4840 1367 4916 omissa.

383 4911 460 4986 (2)
492 4916 756 4986 Χριστοῦ,
785 4913 1046 4986 ἃιΜίῑίίλβ
1077 4911 1281 4986 Quien.

385 4982 460 5060 (3)
504 4982 608 5043 llic
667 4987 792 5042 ﬁnit
847 4984 1183 5060 Halloixius,
1237 4998 1370 5060 cum
1424 4982 1610 5060 priore
1659 4983 1856 5040 codice
1914 4992 1967 5040 et

312 5055 573 5136 ulterius
588 5074 703 5115 non
758 5057 980 5136 pergit;
1019 5055 1330 5136 sequentia
1356 5125 1368 5136 ι
1389 5058 1603 5136 autem,
1623 5069 1781 5136 quae.
1813 5071 1968 5112 nunc

311 5131 645 5205 primaivice
675 5125 820 5205 typis
850 5125 1270 5205 exscribuntur,
1303 5125 1591 5181 adduntur
1621 5125 1681 5180 in
1711 5127 1909 5183 altero.

385 5204 465 5274 (4)
499 5197 940 5274 Μειιιεὰιίιθεθινθ
970 5197 1155 5274 αὐτοῦ.

385 5269 463 5346 (5)
498 5273 683 5344 Dupin
715 5287 768 5328 c.
803 5272 877 5346 l._:
914 5293 942 5321 «
973 5269 1168 5346 0n_lu_i
1190 5269 1436 5325 attribue
1465 5283 1671 5324 encore
1695 5269 1966 5346 quelqnes

313 5341 763 5418 passages—Atirés
815 5343 984 5398 d’une
1026 5342 1240 5418 _c_batn_e
1284 5357 1538 5418 _grecqu_e
1593 5355 1689 5394 sur
1743 5341 1797 5418 la
1853 5342 1965 5396 Ge—

316 5413 656 5485 nesefmais
684 5417 758 5471 ils
783 5432 872 5471 me
901 5414 1180 5470 semblent
1202 5414 1462 5485 indignes
1481 5413 1550 5466 de
1579 5417 1910 5485 cetauteur.
1935 5437 1963 5464 »

317 5493 385 5547 Et
415 5483 476 5545 ίγι
505 5505 646 5544 nova
673 5487 900 5544 addita:
937 5508 965 5536 «
1003 5487 1078 5541 Le
1113 5486 1167 5540 P.
1201 5484 1423 5539 Halloix
1451 5498 1525 5539 cn
1572 5483 1728 5550 parte
1776 5485 1921 5540 ainsi
1950 5501 1963 5539 :

321 5563 470 5618 C’est
501 5576 613 5616 une
657 5558 1051 5627 comparaison
1093 5557 1305 5611 d’lsaac
1353 5564 1407 5610 et
1453 5556 1523 5609 de
1563 5554 1968 5620 Jésus-Christ,

322 5633 514 5704 pleine
545 5633 614 5687 de
647 5631 884 5701 pensécs
912 5627 1184 5704 pueriles,
1217 5627 1429 5704 et_plus
1459 5627 1764 5704 dignedes
1813 5644 1968 5684 nou-

318 5696 502 5760 veaux
533 5696 769 5770 que'des
797 5696 1053 5756 anciens.
1088 5720 1122 5770 n
1152 5697 1393 5768 Dupinio
1441 5696 1777 5770 astipulatur
1802 5769 1805 5770 ν
1826 5715 1971 5770 quo-

320 5719 502 5760 veaux
573 5719 641 5758 ue
671 5719 769 5758 083
797 5719 1053 5756 αυοιϐῐιδ.
1088 5720 1116 5748 ))
1152 5719 1393 5768 υιιριωο
1441 5719 1777 5766 ᾶδιιριυίιιυι·
1826 5719 1963 5770 quo-

320 5790 433 5848 que
461 5719 878 5844 Tiiiemoutius,
911 5786 1080 5845 quem
1112 5769 1320 5827 iterum
1375 5769 1670 5840 exscripsit
1718 5769 1963 5843 Ceillier,

2077 4700 2447 4756 circumdata.
2481 4699 2640 4752 llunc
2658 4697 2809 4751 enim
2832 4696 3124 4764 Oportebat
3163 4712 3264 4766 pro
3294 4697 3562 4752 omnibus
3590 4713 3727 4765 gen-

2078 4772 2231 4827 tibus
2251 4771 2370 4825 tieri
2396 4769 2760 4835 sacriﬁcium,
2788 4769 2887 4838 qui
2909 4775 3172 4838 tanquam
3194 4769 3313 4822 ovis
3341 4769 3408 4823 ad
3443 4769 3728 4824 victimam

2075 4846 2277 4899 (luctus
2305 4849 2412 4908 est,
2447 4849 2500 4896 et
2545 4839 2698 4894 velut
2752 4855 2931 4908 agnus
2962 4855 3150 4895 coram
3191 4841 3459 4895 tondente
3492 4855 3550 4895 se
3605 4840 3728 4894 sine

2073 4931 2234 4980 voce,
2273 4915 2355 4969 sic
2384 4929 2497 4968 non
2530 4911 2752 4980 aperuit
2782 4927 2846 4966 os
2879 4927 3068 4979 suum,
3106 4933 3134 4961 »
3168 4919 3273 4967 etc.

2146 4989 2224 5054 (7)
2250 4986 2565 5053 impressus
2597 4991 2684 5037 est
2717 4982 2810 5038 hic
2851 4983 3012 5038 Liber
3059 4983 3451 5053 allegoriarum
3499 4980 3727 5054 Parisiis

2079 5053 2238 5126 1517,
2269 5057 2408 5118 ἱηο4,
2441 5056 2497 5109 in
2531 5055 2761 5110 ofﬁcina
2785 5057 2954 5110 Henr.
2977 5054 3270 5125 Stephani.
3304 5054 3387 5108 Ibi
3420 5053 3720 5126 inter_a_lia:

2079 5151 2107 5180 ‹‹
2140 5123 2426 5183 Abraham
2458 5126 2738 5195 significat
2771 5127 2949 5182 Deum
2979 5123 3219 5191 Patrem,
3261 5133 3313 5181 et
3368 5126 3519 5180 Isaac
3559 5123 3720 5179 Chri-

2079 5209 2265 5266 stum;
2292 5215 2454 5254 mons
2486 5199 2543 5253 in
2577 5214 2686 5266 quo
2717 5198 3123 5252 sacriﬁcandus
3174 5204 3310 5264 erat,
3365 5195 3727 5251 altitudinem
3787 5197 3790 5200 ’

2079 5271 2342 5340 exprimit
2378 5268 2684 5325 tiominicae
2729 5269 3061 5336 charitatis;
3096 5269 3204 5340 duo
3251 5268 3512 5336 juvenes,
3544 5266 3726 5340 genti:

2079 5337 2169 5399 les
2189 5351 2242 5398 et
2269 5343 2494 5397 Judaaos
2523 5357 2637 5396 non
2670 5342 2966 5396 credentes
2997 5345 3052 5394 et
3101 5339 3161 5394 in
3212 5347 3448 5394 mortem
3499 5337 3727 5392 Domini

2078 5415 2516 5472 consentientes.
2550 5415 2679 5477 Arat,
2729 5413 2900 5479 ligna,
2951 5425 3166 5478 vepres,
3217 5426 3444 5466 crucem
3501 5409 3728 5464 Domini

2077 5488 2395 5549 designant.
2423 5485 2579 5538 lsaae
2610 5485 2706 5553 qui
2738 5489 2976 5536 mortem
3019 5483 3076 5536 in
3137 5482 3416 5537 sacriﬁcio
3465 5498 3598 5553 non
3634 5495 3736 5553 gu-

2079 5560 2265 5622 stavit,
2299 5551 2646 5610 divinitatem
2671 5554 2956 5621 exprimit,
3008 5569 3129 5619 quae
3180 5569 3378 5624 pinnas
3423 5563 3516 5607 aut
3575 5551 3730 5607 dolo-

2080 5646 2197 5686 rem
2222 5629 2280 5683 in
2308 5626 2570 5698 passione
2588 5641 2702 5698 non
2717 5625 2913 5698 sensit.
2944 5625 3122 5692 Aries,
3147 5626 3240 5696 qui
3264 5631 3500 5698 mortem
3534 5629 3726 5698 pertu-

2079 5703 2163 5769 lit,
2199 5695 2608 5769 humanitatem
2658 5695 2958 5766 signiﬁcat,
3009 5712 3130 5768 qua:
3169 5695 3472 5768 passionis
3526 5695 3730 5752 amari-

2082 5773 2310 5831 tudines
2330 5768 2626 5840 sustinuit,
2659 5789 2688 5818 »
2716 5774 2824 5824 etc.
