4034 6226
1417 304 1483 364 S.
1529 301 1832 364 MELITO
1876 301 2231 365 SARDlUM
2277 301 2725 365 EPISCOPUS.

1479 439 1568 496 v1.
1597 441 1815 510 Fragm.
1849 456 1919 496 ex
1949 405 2152 497 Bibltis
2183 439 2388 498 Graecis
2424 442 2531 494 τῶν
2563 440 2644 498 0‘.

359 314 514 377 12w
787 327 789 330 '
1417 309 1483 364 S.
1529 309 1832 364 MELITO
1876 309 2231 365 SARDIUM
2277 309 2725 365 EPISCOPUS.
3617 309 3772 376 1220

428 598 494 652 In
525 594 847 650 Bibliorum
880 591 1213 645 Grrecorum
1245 590 1352 640 τῶν
1386 588 1442 642 O'
1474 590 1734 642 Romana
1766 586 2044 654 editione,
2079 603 2209 657 quae
2241 603 2312 641 ex
2334 588 2748 658 antiquissimo
2772 595 2830 645 et
2858 593 3349 662 praestantissimo
3373 599 3580 654 codice
3617 603 3772 658 Vati-

358 702 527 744 cano,
562 679 841 751 auspiciis
872 676 1014 730 Sixti
1049 680 1116 741 V,
1150 675 1454 746 pontiﬁcis
1486 675 1756 741 Romani,
1789 690 1929 728 cura
1960 674 2186 729 cardin.
2219 675 2461 730 Caratl‘aa
2492 677 2714 748 prodiit
2743 680 2938 735 Graece
2971 698 3107 736 cum
3137 683 3380 740 scholiis
3414 688 3634 743 Grzeeis
3675 709 3778 761 per

355 773 524 828 codd.
561 787 698 824 mss.
735 767 1021 832 collectis,
1055 769 1275 833 Roman,
1309 782 1361 819 a.
1398 765 1556 828 138i,
1590 764 1690 819 fol.
1729 764 1883 834 typis
1918 781 2204 834 perquam
2238 764 2462 830 nitidis,
2497 781 2567 819 ex
2619 769 3011 840 typographia
3057 772 3265 826 Franc,
3317 775 3618 843 zanneui,
3669 780 3774 835 hoc

348 855 850 928 frontispicioz'H
888 852 1099 909 Πακιαιᾶ
1131 853 1370 921 ΔιοιΟήκη
1404 851 1538 905 κατὰ
1567 852 1690 914 me;
1743 846 2178 924 Ἐϐδομτςκοντα,
2232 849 2276 906 δ’
2327 852 2607 916 αὐθεντίας
2655 856 2872 910 Ξύστου
2922 859 2980 927 ε’,
3034 857 3201 934 ἄκρου
3251 860 3575 938 ἄργιερέως,
3624 865 3775 922 ἐκδο-

352 955 524 1018 θεῖσα,
557 951 658 1005 fol.
694 952 780 1014 15,
811 947 885 1002 ad
917 947 1111 1002 locum
1162 947 1295 1001 Gen.
1345 963 1439 1009 xx,
1491 961 1636 998 vers.
1700 946 1784 1009 13,
1834 941 1923 996 καὶ
1979 940 1991 994 i

2154 945 2304 1016 κριὸς
2365 945 2444 1006 εἷς
2499 944 2870 1021 κατεχόμενος
2921 947 2973 1003 ἐν
3030 955 3206 1023 φυτῷ,
3236 974 3289 1010 κ.
3320 975 3369 1008 τ.
3400 953 3482 1025 λ.,
3549 957 3775 1030 duplex

350 1041 600 1097 occurrii
629 1037 943 1104 scholium,
979 1035 1276 1090 Melitonis
1306 1033 1548 1089 nomine
1582 1033 1947 1103 insignitum.
1982 1035 2050 1086 Et
2081 1033 2339 1105 primum
2371 1036 2613 1106 quidem
2653 1037 2909 1108 brevius,
2943 1041 3017 1096 ad
3048 1059 3220 1098 voces
3254 1044 3634 1119 κατεχόμενος
3665 1052 3773 1102 τῶν

349 1131 612 1204 κεράτων.

416 1249 591 1320 Syrus
620 1253 672 1303 et
703 1246 974 1301 Hebrteus
1030 1257 1326 1312 suspensus
1375 1241 1595 1312 dicunt,
1650 1248 1709 1296 ut
1753 1241 2003 1311 apertius

345 1340 776 1410 praefigurarent
797 1349 1045 1391 crucem.

2181 1242 2243 1298 Ὀ
2276 1242 2451 1318 Σύρος
2482 1242 2573 1298 καὶ
2605 1245 2633 1298 ὁ
2675 1241 2926 1322 Ἐϐραιος
2974 1249 3045 1318 (8)
3091 1252 3435 1326 κρεμάμενος
3486 1255 3646 1330 φασὶ,
3699 1255 3744 1308 ὡ

2114 1331 2436 1410 σαφεστερον
2469 1339 2668 1389 τυποῦν
2701 1335 2794 1390 τὸν
2821 1335 3046 1411 σταυρόν
3078 1342 3174 1411 (9).

417 1454 673 1508 Alterum
709 1456 898 1507 autem
925 1448 1150 1519 longius
1182 1455 1284 1514 est,
1316 1453 1484 1518 atque
1514 1446 1580 1501 ad
1617 1461 1780 1502 voces
1812 1443 1862 1498 ἐν
1895 1466 1991 1521 φυτ

2118 1443 2278 1506 ηαϐἐκ.

415 1561 652 1624 Quidam
681 1557 744 1612 τὸ
797 1550 972 1610 Σαϐἐκ
1015 1560 1300 1612 verterunt
1337 1550 1547 1630 ἄφεσιν,
1604 1554 2003 1621 dimissionem,

352 1650 736 1708 liberationem
761 1666 779 1702 :
809 1648 1034 1718 quidam
1063 1662 1190 1700 vero
1225 1643 1428 1717 δροιος,
1477 1648 1705 1712 erectus,
1747 1651 1808 1698 ut
1856 1643 2004 1698 idem

345 1742 551 1814 valeat,
584 1757 651 1798 ac
682 1741 727 1795 si
767 1739 1069 1803 diceretur,
1103 1737 1293 1791 hircus
1349 1739 1574 1792 erectus
1615 1734 1888 1790 incedens
1946 1735 2004 1789 in

352 1831 615 1903 virgulto,
666 1828 938 1886 cornibus
986 1831 1177 1882 autem
1230 1825 1307 1879 ibi
1357 1825 1640 1892 detentus,
1700 1823 1777 1878 ita
1830 1830 1888 1878 ut
1936 1823 2006 1879 sit

349 1921 691 1982 manifestus
725 1927 891 1991 typus
931 1915 1137 1972 cruci:.
1194 1915 1489 1984 Propterea
1541 1929 1670 1969 vero
1720 1913 1778 1967 in
1837 1912 2006 1967 aliam

345 2011 610 2084 linguam
671 2024 788 2064 non
851 2004 1215 2068 convertitur,
1264 2003 1534 2074 quoniam
1594 2017 1696 2056 vox
1754 2001 2005 2068 llebrzea,

348 2118 482 2159 cum
517 2117 628 2156 una
660 2099 758 2167 sit,
788 2095 964 2153 multa
993 2093 1299 2165 signiﬁcat,
1351 2091 1395 2145 si
1453 2092 1524 2147 sit
1575 2091 1868 2146 vertenda.
1915 2091 2010 2146 In-

353 2191 768 2263 terrogantibus
795 2197 983 2244 autem
1037 2185 1496 2256 respondendum
1545 2188 1650 2250 est,
1710 2189 1762 2239 et
1813 2181 2008 2238 dicen-

351 2283 511 2349 dum,
543 2280 605 2334 τὸ
639 2272 816 2332 Σαϐἐκ
837 2277 1114 2332 sublatum
1145 2275 1472 2331 vertendum
1505 2288 1644 2329 esse.

2185 1539 2262 1595 Τὸ
2296 1535 2492 1612 Σαϐέκ,
2550 1539 2732 1618 ἄφεσίν
2787 1563 2929 1606 τινες
2987 1540 3342 1601 ἐκδεδώκασιν
3404 1549 3538 1618 (10).
3598 1550 3666 1606 Οἳ
3720 1546 3774 1604 δὲ

2114 1627 2318 1702 ὐρΘιος,
2361 1630 2434 1692 ὡς
2495 1631 2628 1685 εἶναι
2690 1630 2820 1686 ait?)
2876 1632 2938 1687 τὸ
2993 1633 3304 1708 λεγόμενον,
3361 1635 3567 1712 τράγος
3621 1637 3780 1711 ὀρθὸς

2115 1714 2538 1790 ἐπαναϐεϐηκὼς
2567 1727 2738 1798 φυτῷο
2773 1723 2998 1776 ἐνταῦθα
3059 1719 3116 1777 δὶ
3167 1724 3323 1798 ὀρθὸς
3373 1730 3482 1780 τῶν
3536 1728 3777 1799 κεράτων

2115 1808 2486 1882 κατεχόμενος
2509 1812 2642 1884 (Η),
2667 1812 2739 1872 ὡς
2765 1810 2899 1866 εἶναι
2922 1813 3149 1887 φανερὸν
3171 1813 3340 1868 τύπον
3374 1820 3616 1890 σταυροῦ
3639 1819 3772 1888 (12).

2118 1899 2220 1952 Λιὰ
2251 1899 2410 1953 τοῦτο
2474 1896 2530 1953 δὲ
2581 1899 2687 1975 οὐχ
2745 1899 3122 1975 ἑρμηνεύεται,
3173 1904 3256 1957 ὅτι
3287 1905 3319 1972 ἡ
3353 1899 3625 1979 Ἑϐραϊκή
3677 1906 3773 1978 μία

2118 1988 2246 2042 οὖσα
2290 1986 2434 2057 λέξις
2490 1987 2677 2043 πολλᾶ
2735 1990 2982 2063 σημαῖνει
3032 1989 3470 2066 ἐρμηνευομὲνη.
3532 1995 3679 2069 Πρὸς
3717 1994 3773 2051 δὲ

2114 2081 2244 2145 τοὺς
2273 2083 2704 2155 πυνθανομένους
2737 2079 2816 2138 δεῖ
2870 2084 3245 2159 ἂποκρὶνεσθαι
3291 2085 3380 2140 καὶ
3428 2085 3642 2163 λέγειν,
3691 2089 3778 2144 ὅτι

2157 2174 2165 2181 .
2212 2176 2247 2206 ς,
2296 2165 2350 2202 ,9,
2423 2170 2436 2190 .
2612 2171 2630 2200 ι
2759 2170 2773 2190 .
2971 2173 2983 2190 ρ

2115 2191 2176 2225 το
2211 2191 2390 2225 ..αοεκ
2420 2191 2726 2246 επηρμενος
2755 2191 3040 2248 ερμηνευει
3069 2176 3204 2247 (13).

435 2401 564 2456 llaec
595 2398 790 2454 itidem
833 2396 1090 2451 videntur
1123 2409 1243 2449 esse
1269 2408 1335 2447 ex
1371 2389 1644 2466 Ἐκλογῶν
1680 2389 1863 2459 libris,
1922 2389 1982 2444 in
2035 2385 2238 2457 quibus
2285 2401 2349 2440 ea
2389 2385 2768 2454 potissimum,
2814 2402 2934 2457 quas
2991 2387 3058 2442 ad
3097 2387 3450 2445 Servatorem
3507 2397 3772 2447 nostrum

356 2491 736 2562 pertinebant,
770 2487 1015 2556 collegit.
1049 2485 1346 2542 Cohaerent
1385 2500 1512 2539 cum
1541 2479 2011 2540 antecedentibus
2042 2478 2375 2548 fragmentis
2404 2493 2474 2532 ex
2521 2477 2752 2543 Catena,
2793 2486 2958 2548 atque
3006 2480 3259 2534 Isaacum
3310 2485 3509 2550 typum
3557 2481 3772 2537 Christi

353 2583 528 2638 fuisse
570 2585 908 2636 monstrant.
941 2577 1058 2632 Hoc
1091 2576 1466 2643 fragmentum
1496 2573 1814 2628 Halloixius
1845 2586 1962 2628 non
1994 2567 2181 2634 habet,
2215 2581 2321 2623 nec
2353 2566 2455 2622 ulli
2484 2567 2824 2638 scriptorum
2863 2567 2933 2623 de
2963 2567 3229 2624 Melitone
3257 2579 3773 2638 commemoratur,

348 2676 554 2745 praeter
584 2668 968 2726 Colomesium
1002 2665 1139 2737 (14),
1168 2665 1262 2734 qui
1297 2661 1533 2733 digitum
1564 2663 1632 2717 ad
1659 2661 1800 2716 illud
1832 2659 2102 2716 intendit.

1525 2785 1633 2842 νη.
1670 2787 1891 2854 Fragm.
1925 2799 1995 2839 ea:
2023 2781 2312 2838 Anastasio
2341 2781 2584 2838 Simila.

418 2922 580 2978 Aliud
618 2921 993 2986 fragmentum
1027 2915 1324 2970 Melitonis
1357 2913 1642 2983 quantivis
1679 2911 1842 2981 pretii
1872 2911 1942 2965 ab
1971 2909 2265 2965 Anastasio
2295 2906 2508 2962 Sinaita
2547 2915 2937 2964 conservatum
2968 2907 3070 2963 fuit
3103 2907 3164 2964 in
3195 2904 3434 2983 Ὀδηγῷ,
3477 2926 3576 2967 seu
3632 2913 3777 2969 Duce

344 3015 474 3078 viae,
509 3028 638 3080 cap.
681 3010 770 3072 13,
811 3024 918 3078 quo
951 3014 1145 3061 contra
1179 3002 1520 3073 Acephalos,
1552 3001 1800 3056 divinam
1834 2999 2285 3055 incarnationem
2317 2997 2521 3054 Christi
2546 2996 2774 3052 Domini
2805 3005 3201 3068 oppugnantes
3231 2999 3498 3070 disputat,
3533 3019 3588 3073 p.
3623 3003 3751 3073 260,

343 3101 483 3156 edit.
517 3097 786 3164 Gretseri,
823 3096 909 3150 his
941 3093 1163 3148 verbis:
1199 3093 1339 3148 Cum
1367 3091 1518 3147 enim
1544 3090 1840 3145 ostendere
1868 3087 2072 3154 velitis,
2105 3087 2390 3142 Christum
2425 3093 2621 3153 totum,
2666 3085 2807 3141 nihil
2857 3085 3009 3142 aliud
3071 3103 3220 3155 esse,
3272 3104 3439 3160 quam
3493 3089 3770 3147 divinita-

343 3195 458 3246 tem
491 3205 505 3254 ;
534 3203 592 3257 in
627 3187 804 3256 ipS'tm
835 3182 1210 3247 divinitatem,
1243 3182 1418 3236 instar
1448 3178 1891 3234 Manichaeorum
1924 3183 1981 3234 ct
2004 3176 2364 3246 Arianorum,
2394 3175 2655 3246 injuriosl
2681 3183 2733 3230 et
2773 3175 3172 3233 contumeliosi
3222 3178 3401 3245 estis;
3439 3179 3576 3250 quia
3607 3179 3766 3234 illam

341 3277 704 3349 passionibus
743 3282 797 3328 et
825 3270 1258 3336 mutationibus,
1293 3285 1446 3324 more
1477 3277 1793 3323 creatarum
1827 3283 2037 3336 rerum,
2070 3267 2379 3335 subjicitis.
2413 3267 2570 3321 Certe
2611 3264 2840 3320 divinus
2887 3273 2940 3322 et
2976 3267 3429 3336 sapientissimus
3473 3268 3634 3324 inter
3659 3270 3768 3326 do-

343 3372 534 3424 ctores
566 3364 779 3431 Melito,
811 3363 872 3418 in
913 3361 1073 3417 tertio
1107 3362 1178 3416 Dc
1213 3359 1597 3414 incarnatione
1627 3373 1908 3424 sermone,
1949 3358 2190 3427 graviter
2234 3356 2517 3412 invehitur
2563 3356 2622 3411 in
2665 3354 2796 3412 illos
2842 3356 3195 3427 interpretes,
3246 3357 3341 3428 qui
3384 3359 3766 3430 comprobare

342 3457 606 3513 nituntur
631 3470 698 3509 ex
730 3452 890 3508 factis
921 3450 1127 3506 Christi
1161 3456 1284 3521 post
1354 3447 1691 3518 baptismum
1742 3447 2030 3501 veritatem
2081 3446 2330 3516 corporis
2375 3452 2428 3500 et
2477 3444 2704 3511 animus,
2756 3451 3002 3516 itemque
3047 3445 3413 3512 naturalium,
3467 3455 3524 3503 et
3575 3450 3767 3505 omnis

345 3543 562 3616 peccati
594 3543 910 3614 expertium
937 3539 1332 3612 operatiouuin
1379 3537 1522 3608 ejus,
1580 3535 1764 3600 famis,
1805 3534 2062 3605 inquam,
2115 3535 2257 3601 sitis,
2310 3532 2516 3602 somni,
2569 3533 2798 3603 laboris,
2848 3533 3246 3606 lacrymarum,
3286 3536 3458 3607 spuli,
3510 3539 3762 3620 sudoris,

341 3633 684 3691 excretionis
706 3649 803 3702 per
835 3647 1020 3703 nares,
1079 3628 1496 3700 egestionisque
1543 3625 1790 3696 corrupti
1837 3635 1889 3680 ct
1937 3625 2267 3681 naturaliter
2325 3623 2582 3681 concoeti
2617 3623 2731 3680 cibi
2776 3639 2842 3681 ac
2886 3633 3085 3695 polus;
3128 3640 3311 3697 neque
3356 3626 3561 3683 horum
3609 3629 3765 3684 dun-

336 3727 510 3790 taxat,
541 3722 638 3778 sed
668 3731 721 3778 et
753 3737 975 3788 eorum,
1016 3736 1140 3791 qua:
1171 3719 1375 3774 animas
1421 3724 1626 3772 nostrae
1657 3722 1911 3771 enatura
1959 3715 2149 3770 inesse
2201 3713 2412 3781 solent,
2466 3713 2572 3770 hoc
2615 3717 2722 3784 est,
2759 3713 3026 3782 tristitiae,
3075 3714 3332 3770 maaroris
3383 3724 3438 3772 et
3481 3717 3760 3786 dejectio-

334 3812 444 3868 nis.
481 3810 619 3868 Nam
650 3818 848 3866 contra
878 3809 1225 3865 Marcionem
1257 3807 1553 3878 disputans
1584 3805 1665 3862 sic
1703 3805 1780 3859 ait
1833 3802 2050 3861 caelesti
2103 3802 2427 3873 cognitione
2475 3800 2760 3858 excellens
2803 3801 3040 3860 Melito:
3093 3803 3334 3874 negabat
3380 3803 3539 3861 enim
3581 3805 3757 3862 etiam

423 3964 498 4033 (8)
527 3963 795 4033 Origenes
845 3961 902 4016 in
971 3958 1234 4033 [tempus
1292 3974 1437 4027 saepe
1493 3955 1532 4033 6_
1585 3953 1767 4033 Κύρος
1812 3952 1903 4008 καὶ
1963 3955 1990 4007 ὁ

335 4028 934 4106 Ἐϐραῖοςῖνίίὶοᾼόθ
989 4028 1248 4100 simplice
1310 4037 1364 4083 et
1419 4028 1811 4106 antiquahista
1868 4042 1989 4106 ver-

338 4098 499 4160 sione
531 4106 588 4160 V.
624 4108 686 4157 T.
721 4103 966 4172 Syriaca,
1013 4098 1179 4170 quam
1240 4098 1505 4154 nonnulli
1561 4101 1643 4172 ad
1669 4098 1991 4154 Salomonis

337 4178 590 4232 referunt
618 4169 822 4238 ravum,
854 4174 951 4226 alii
980 4169 1047 4226 ad
1081 4172 1289 4240 Abgari
1334 4178 1387 4224 et
1434 4169 1816 4239 apostolorum
1857 4175 1989 4223 aita-

335 4252 450 4302 tem
486 4245 988 4301 Monlefalconium
1034 4244 1090 4298 in
1123 4242 1437 4298 I’raetimin.
1472 4241 1540 4295 ad
1571 4243 1816 4312 Hexapla
1853 4240 1989 4299 Ori-

329 4320 504 4390 genis,
540 4334 666 4387 cap.
701 4317 812 4390 l,§
840 4316 957 4390 8_et
985 4314 1040 4390 9,
1074 4331 1196 4384 pag.
1236 4314 1323 4380 19,
1355 4321 1407 4367 et
1440 4327 1664 4390 summe
1724 4313 1985 4368 venerab.

331 4385 720 4456 CarpZovium,
756 4389 814 4443 in
851 4387 1058 4441 Critica
1087 4401 1274 4449 sacra,
1309 4401 1432 4451 pag.
1465 4385 1592 4437 622.

403 4463 480 4531 (9)
516 4463 577 4517 In
611 4469 761 4516 textu
789 4459 1018 4514 Hebraeo
1049 4466 1130 4531 est
1178 4468 1328 4516 me:
1375 4465 1473 4515 ῬΝ
1524 4455 1672 4531 aries
1719 4455 1985 4531 (trientes.

334 4525 474 4589 LXX
498 4533 864 4589 reddiderunt
909 4527 1272 4603 κρεμάμενος·
1321 4543 1424 4582 vox
1474 4527 1628 4603 enim
1675 4529 1880 4603 κρεμᾷν
1928 4525 1988 4582 in

332 4604 492 4675 ligno
526 4605 749 4674 pr0prie
783 4598 955 4658 notat
985 4598 1443 4675 suspensionem.
1471 4598 1750 4675 Arrianus
1781 4598 1855 4652 De
1894 4613 1988 4675 ea;-

329 4669 701 4748 pe'dithte-x.
739 4681 812 4748 Μ.
849 4674 949 4729 lib.
994 4669 1294 4748 κρηνίδες.
1345 4670 1477 4748 418..
1522 4671 1637 4748 edit
1692 4669 1985 4748 blancard.

334 4736 502 4803 refert
532 4749 600 4801 de
656 4747 994 4801 Musicuuo:
1045 4736 1266 4798 Τοῦεὲον“
1308 4739 1574 4812 κρεμάσαι
1626 4736 1986 4812 Ἀλέξανδρος

332 4815 543 4872 κελεύει
585 4817 634 4869 ἐν
668 4820 734 4888 τῇ
771 4815 935 4870 αὐτοῦ
968 4819 1064 4888 γῇ.
1097 4838 1125 4865 ι(
1160 4819 1320 4888 Hunc
1378 4813 1698 4888 Alexander
1728 4814 1986 4884 crucifigi

329 4892 390 4946 in
422 4908 526 4945 sua
559 4884 786 4958 regione
811 4884 1052 4956 jubet,»
1086 4903 1254 4956 quem
1287 4886 1530 4958 Curtius,
1577 4884 1676 4958 lib.
1737 4901 1818 4949 Ix,
1859 4899 1983 4953 cap.

331 4962 386 5025 8,
447 4985 474 5013 «
518 4963 577 5018 in
625 4955 860 5016 crucem
921 4955 1206 5014 sublatum
1255 4979 1283 5006 ››
1342 4957 1560 5011 scribit.
1620 4955 1713 5010 Sic
1767 4971 1988 5025 quoque

328 5034 608 5091 Diodorus
631 5033 878 5098 Siculus,
928 5030 1029 5085 lib.
1083 5045 1208 5106 xui,
1259 5029 1322 5106 in
1371 5027 1623 5106 ejusdem
1684 5026 1988 5106 Alexandri

330 5106 497 5163 rebus
525 5110 594 5160 de
630 5107 778 5174 Ter
813 5094 980 5174 captu
1005 5119 1025 5174 ςΔ
1064 5101 1204 5174 Τοὺς
1354 5095 1506 5157 νέους
1554 5097 1797 5174 αττοὶνπτοις,ζ
1832 5094 1985 5174 avra;

329 5175 430 5231 οὐκ
488 5168 747 5234 ἐλάττοῗδς
809 5168 1126 5246 διόχιλςων,
1187 5168 1987 5246 inpetrato-ev,“quodmCurtius

329 5249 537 5305 iterum
571 5249 646 5301 ita
678 5246 870 5300 relulit
894 5239 972 5300 ε”α
1009 5239 1126 5299 Duo
1161 5239 1339 5297 millia
1369 5241 1636 5296 crucibus
1662 5239 1852 5306 affixa,
1889 5257 1986 5310 per

329 5322 532 5388 ingens
567 5318 768 5374 littoris
827 5318 1070 5387 spatium
1140 5313 1549 5388 pependerunt.
1578 5333 1605 5388 ξ)
1662 5311 1983 5388 Latinorum

328 5385 660 5452 suspendere
691 5391 756 5443 ad
810 5385 1035 5444 erucem
1069 5402 1288 5457 quoque
1343 5385 1720 5457 referendum.
1771 5385 1987 5439 Seneca

329 5466 491 5530 epist.
524 5464 558 5514 7
589 5479 602 5518 :
640 5483 666 5511 ιι
697 5455 1096 5516 [λου-οοίοἰυιιι]⁷
1121 5458 1251 5514 fecit
1281 5457 1510 5528 aliquis,
1543 5455 1675 5525 quid
1697 5471 1827 5525 ergo
1862 5471 1982 5510 me-

331 5534 490 5586 ruit?
521 5538 581 5587 ut
613 5535 1014 5600 suspendatur.
1053 5551 1080 5579 ››

403 5602 511 5671 (1Ο)
542 5597 813 5658 Athenas.
859 5612 1055 5674 quaest.
1087 5603 1179 5670 98,
1229 5600 1302 5656 ad
1351 5598 1678 5654 Antiochum
1720 5597 1797 5654 ita
1843 5614 1982 5670 quo-

2101 3971 2209 4025 que
2236 3953 2540 4010 somniavit
2573 3970 2650 4026 :_«
2685 3953 2885 4008 Planta
2939 3954 3138 4019 Sabec,
3190 3955 3476 4026 inquiens,
3531 3962 3620 4012 est
3666 3974 3762 4013 ve-

2101 4024 2354 4082 neranda
2385 4041 2543 4080 crux.
2576 4024 2742 4080 Juxta
2775 4025 3042 4081 Hebraeos
3067 4024 3292 4082 videtnr
3320 4024 3470 4084 esse
3501 4029 3762 4085 remissio

2099 4106 2152 4152 et
2181 4097 2544 4154 condonatio.
2578 4098 2740 4152 Aries
2770 4113 2898 4153 vero
2929 4099 3022 4168 qui
3067 4097 3127 4153 in
3170 4097 3351 4155 Sabec
3406 4100 3660 4156 hauebat
3685 4102 3759 4156 ad

2099 4168 2349 4237 plantam
2372 4169 2627 4237 figuravit
2654 4169 2943 4224 Christum
3000 4185 3098 4239 pro
3129 4169 3292 4225 nobis
3331 4171 3390 4225 in
3439 4186 3612 4228 cruce
3659 4173 3761 4228 ob-

2098 4242 2295 4325 latum.
2333 4263 2360 4290 »
2395 4240 2563 4308 Atqui
2595 4239 2832 4329 ver-0‘16
2862 4253 2985 4329 13D
3014 4241 3266 4329 hebraeis
3316 4256 3502 4312 neque
3531 4245 3752 4329 remis.

2097 4314 2316 4369 sionem
2366 4326 2549 4380 neque
2600 4311 2857 4382 plantam
2892 4311 2900 4329 '
2935 4320 3128 4368 notare
3177 4311 3549 4369 observarunt
3634 4316 3760 4372 alii.

2097 4384 2398 4441 Excusavit
2431 4391 2622 4437 tamen
2649 4385 3063 4452 quodammodo
3093 4392 3308 4440 veteres
3337 4387 3423 4440 Jo.
3475 4389 3557 4442 Js.
3609 4387 3745 4443 Vos-

2095 4457 2211 4511 sius
2245 4457 2310 4509 Dt
2339 4453 2712 4510 translatione
2741 4455 2895 4522 LXX,
2931 4471 3056 4525 cap.
3093 4456 3180 4523 12,
3215 4473 3340 4526 pag.
3372 4457 3464 4510 38.

2167 4529 2276 4600 (11)
2307 4526 2526 4600 Hebraei
2555 4528 2816 4592 credunt,
2852 4528 3002 4584 hunc
3026 4529 3259 4600 arietem
3289 4536 3493 4600 sponte
3524 4528 3759 4600 quidem

2098 4600 2166 4654 ad
2211 4599 2590 4654 Abrahamum
2626 4600 2975 4663 cucurrisse,
3009 4601 3105 4655 sed
3154 4599 3443 4656 diabolum
3487 4599 3622 4655 eum
3673 4618 3756 4656 ar-

2099 4669 2328 4726 boribus
2358 4668 2710 4740 implicuisse
2741 4677 2796 4725 et
2825 4671 3231 4739 immiscuisse,
3262 4675 3326 4725 ut
3369 4672 3750 4737 Abrahamus,

2097 4747 2259 4796 aetate
2285 4742 2401 4809 jam
2450 4741 2743 4796 confectus
2800 4743 3118 4811 fractusque
3167 4742 3326 4798 nullo
3375 4742 3578 4800 labore
3625 4760 3756 4800 eum

2097 4813 2639 4938 paperedpgtqisset;
2681 4814 2775 4867 sed
2826 4813 2927 4869 Dei
2984 4815 3171 4885 potius
3221 4813 3594 4885 providentia:
3644 4816 3756 4872 hoc

2125 4901 2165 4938 ri
2215 4900 2268 4938 ιιι
2339 4901 2365 4938 e
2411 4900 2439 4938 e
2471 4925 2484 4938 .

2101 4884 2268 4939 tribui
2299 4884 2484 4939 debet.

2169 4956 2282 5027 (12)
2314 4958 2564 5011 Artetem
2620 4954 3198 5027 inAperplexitatibus
3243 4957 3538 5027 detentum
3589 4959 3752 5014 Chri-

2099 5023 2648 5101 stu_m'signiﬁcassc,
2690 5023 2747 5101 ἐν
2796 5030 2888 5101 τῷ.
2935 5030 3148 5101 σταυρῷ
3200 5026 3420 5091 θάνατον
3484 5027 3753 5083 ὑποστάν-

2094 5118 2159 5172 τοι
2187 5096 2355 5152 eam
2390 5100 2572 5172 ἡμῶν,
2627 5096 2964 5155 Athanasius
3021 5096 3245 5172 quoque
3290 5101 3348 5156 in
3401 5104 3749 5172 Interpreta-

2098 5170 2243 5226 tione
2268 5171 2679 5241 parabotarum,
2711 5179 2905 5238 quaest.
2939 5170 3050 5237 66,‘
3079 5170 3335 5236 asseruit,
3369 5178 3426 5227 et
3456 5189 3527 5228 ex
3559 5170 3747 5229 ‘Rabb.

2097 5242 2348 5311 probavit
2379 5242 2698 5297 Rochartus
2729 5244 2785 5297 in
2818 5242 3148 5306 Him'ozoico,
3182 5244 3274 5298 fol.
3304 5244 3430 5298 542.

2167 5313 2279 5383 (13)
2305 5314 2509 5368 Confer
2541 5314 2776 5370 omnino
2806 5317 2875 5369 ad
2911 5315 3016 5370 hoc
3049 5314 3336 5370 Melitonis
3367 5316 3750 5384 fragmentum

2092 5384 2179 5439 Jo.
2214 5385 2566 5457 Frichmulhi
2607 5387 2743 5440 diss.
2776 5387 2833 5449 5,
2875 5387 2947 5442 De
2978 5387 3240 5457 ligatione
3295 5387 3504 5454 Isaaci,
3539 5403 3666 5455 cap.
3697 5389 3749 5441 5.

2166 5456 2660 5584 $21.4;Ogolomesius
2703 5458 2762 5513 in
2825 5457 2956 5529 Opp.
2989 5456 3104 5514 aJ.
3138 5462 3202 5515 A.
3256 5458 3514 5516 Fabricio
3565 5460 3753 5527 editis,

2093 5543 2223 5599 pag°
2256 5543 2382 5584 ius.
