4000 6220
251 402 282 462 1
297 402 414 462 221

1705 399 2208 461 FRAGMENTA
2221 443 2236 459 .

3521 411 3674 471 1222

249 538 531 606 Marcion,
563 536 708 592 sicut
738 539 977 593 Severus
996 540 1049 592 et
1077 535 1348 601 Gaianas,
1407 535 1659 591 divinam
1710 533 1918 589 Christi
1977 534 2431 591 incarnationem
2482 537 2683 592 iisdem
2716 537 3058 595 testimoniis
3088 541 3381 612 Evangelii
3410 543 3678 602 adversus

254 627 584 684 Mclitonem
621 641 775 695 usus,
807 626 1018 697 quibus
1049 640 1204 681 nunc
1236 624 1325 679 isti
1359 624 1666 680 Marcionis
1698 623 1924 679 Pontici
1957 622 2219 694 discipuli
2252 626 2517 680 adversus
2565 642 2666 681 nos
2699 634 2953 683 utuntur.
2988 628 3088 684 Cui
3121 631 3284 687 valde
3317 634 3459 690 scite
3480 641 3532 689 et
3570 652 3676 707 op-

255 726 502 790 portune
532 715 823 787 reSpondit
862 717 1050 772 Melito
1080 717 1140 771 in
1171 715 1326 771 hunc
1358 715 1588 771 modum
1626 731 1639 769 :

329 833 421 895 Ὠς
450 828 684 905 οὐδεμία
714 829 924 905 ἀνάγκη
983 834 1101 892 τοῖς
1149 833 1275 884 νοῦν
1306 823 1549 907 ἔχουσιν,
1583 828 1632 898 ἐξ
1665 831 1738 883 ὧν
1777 829 1906 902 μετᾶ

2097 833 2220 885 Non
2254 835 2340 884 est
2373 831 2754 888 necessarium
2785 833 2900 903 his,
2957 850 3097 906 quos
3158 836 3300 893 ratio
3359 855 3474 895 non
3509 841 3674 913 fugit,

244 923 313 978 τὸ
349 921 632 998 βάπτισμα
663 921 692 974 ὁ
725 919 960 994 Χριστὸς
1014 913 1227 994 ἔπραξε,
1285 924 1547 992 παριστᾷν
1591 919 1654 973 τὸ
1685 916 1912 988 ἀληθὲς,

246 1012 342 1068 καὶ
373 1009 713 1091 ἀφάνταστον
745 1016 845 1078 τῆς
904 1013 1093 1087 ψυχῆς
1149 1009 1338 1078 αὖτοῦ,
1390 1007 1479 1063 καὶ
1532 1012 1628 1062 τοῦ
1660 1008 1915 1080 σώματος

248 1109 351 1171 τῆς
381 1101 498 1164 καθ’
531 1102 679 1171 ἡμᾶς
731 1097 1078 1170 ἀνθρωπίνης
1130 1097 1361 1174 φύσεως.
1405 1097 1484 1153 Τὰ
1538 1098 1643 1171 γὰρ
1689 1097 1823 1170 μετὰ
1850 1097 1913 1150 τὸ

253 1191 542 1265 βάπτισμα
573 1188 676 1242 ὑπὸ
717 1188 955 1262 Χριστοῦ
1016 1186 1354 1262 πραχθέντα,
1403 1186 1493 1241 καὶ
1552 1185 1792 1259 μάλιστα
1847 1184 1914 1238 τὰ

249 1283 477 1351 σημεῖα,
515 1277 616 1345 τὴν
679 1276 845 1331 αὐτοῦ
907 1275 1292 1350 κεκρυμμένην
1355 1276 1406 1330 ἐν
1466 1275 1628 1351 σαρκὶ
1680 1274 1912 1344 θεότητα

247 1364 509 1437 ἐδήλουν,
553 1366 640 1420 καὶ
703 1364 1021 1420 ἐπιστοῦντο
1081 1369 1161 1436 τῷ
1217 1365 1434 1438 κόσμῳ.
1495 1363 1625 1425 Θεὸς
1673 1363 1780 1438 γὰρ
1837 1357 1910 1415 ὥν

249 1459 454 1530 ὁμοῦτε
475 1457 566 1511 καὶ
597 1453 882 1530 ἅνθρωπος
940 1456 1150 1518 τέλειος
1181 1455 1208 1509 ὁ
1257 1456 1443 1525 αὐτὸς,
1491 1454 1586 1516 τὰς
1618 1452 1713 1508 δύο
1745 1452 1910 1508 αὐτοῦ

249 1546 442 1608 οὐσίας
477 1545 817 1602 ἐπιστώσατο
847 1548 1003 1618 ἡμῖν·
1035 1548 1133 1614 τὴν
1192 1547 1284 1618 μὲν
1337 1545 1568 1614 θεότητα
1598 1543 1786 1614 αὐτοῦ,
1821 1539 1910 1596 διὰ

245 1641 358 1690 τῶν
399 1634 642 1708 σημείων
675 1635 728 1690 ἐν
784 1639 853 1699 τῇ
886 1635 1116 1709 τριετίᾳ,
1175 1638 1244 1708 τῇ
1305 1635 1440 1707 μετὰ
1488 1634 1550 1688 τὸ
1582 1633 1906 1708 ιβάπτισμα·

243 1729 349 1797 τὴν
379 1723 435 1781 δὲ
465 1725 860 1801 άνθρωπότητα
893 1725 1080 1795 αὐτοῦ,
1140 1725 1193 1779 ἐν
1246 1731 1364 1788 τοῖς
1420 1726 1714 1799 τριάκοντα
1773 1723 1910 1798 χρό’

2027 921 2434 978 exactionibus
2467 922 2672 977 Christi
2730 932 2852 993 post
2914 924 3257 995 baptismum
3313 937 3569 987 astruere
3623 941 3676 987 et

2025 1011 2418 1067 demonstrare
2465 1013 2669 1067 animae
2727 1022 2780 1068 et
2837 1016 3089 1084 corporis
3120 1019 3264 1088 ejus,
3305 1024 3363 1074 et
3411 1019 3674 1078 humana)

2025 1107 2241 1154 naturas
2272 1098 2566 1155 nobiscum
2601 1101 2995 1156 convenientis
3026 1105 3400 1174 veritatem,et
3425 1107 3494 1161 ali
3517 1109 3673 1163 omni

2024 1187 2251 1244 ﬁctione
2284 1189 2675 1245 remotionem.
2713 1189 2856 1247 Nam
2909 1207 3032 1262 quas
3080 1202 3201 1262 post
3235 1194 3577 1265 baptismum
3642 1216 3676 1252 a

2023 1276 2247 1334 Christo
2273 1287 2426 1347 gesta
2456 1286 2607 1349 sunt,
2641 1279 2885 1335 maxime
2919 1281 3214 1352 miracula,
3248 1284 3519 1341 latentem
3551 1288 3675 1356 ejus

2023 1368 2082 1422 in
2113 1382 2281 1422 carne
2311 1367 2662 1422 divinitatem
2692 1369 3054 1439 potissimum
3087 1372 3307 1428 munde
3335 1375 3673 1446 comproba-

2023 1454 2155 1511 bant
2185 1464 2238 1511 et
2270 1457 2707 1512 confirmabant.
2735 1461 2874 1514 Cum
2908 1461 3060 1515 enim
3120 1461 3271 1517 idem
3323 1463 3473 1519 Deus
3503 1463 3672 1520 simul

2020 1551 2073 1599 et
2107 1545 2273 1600 homo
2302 1545 2580 1614 perfectus
2630 1557 2799 1614 esset,
2841 1551 2996 1604 duas
3049 1559 3278 1606 naturas
3337 1569 3470 1608 suas
3509 1553 3673 1610 nobis

2019 1634 2282 1703 patefecit
2315 1635 2708 1692 :divinilatem
2737 1637 2968 1709 quidem
3014 1657 3114 1710 per
3172 1641 3451 1698 miracula
3497 1643 3672 1700 trien-

2019 1722 2114 1778 nio
2157 1723 2260 1778 isto
2295 1731 2418 1793 post
2453 1726 2798 1795 baptismum
2830 1736 3077 1798 patrata:
3103 1729 3509 1788 humanitatem
3544 1750 3672 1790 vero

245 1837 388 1886 νοις,
417 1820 533 1876 τοῖς
557 1816 664 1888 πρὸ
695 1820 792 1871 τοῦ
827 1815 1226 1890 βαπτίσματος,
1281 1814 1334 1868 ἐν
1398 1816 1508 1883 οἷς,
1570 1811 1660 1868 διὰ
1689 1813 1751 1867 τὸ
1784 1814 1904 1867 ἀτε-

2032 1829 2176 1869 tuam
2218 1815 2452 1884 triginta
2511 1815 2626 1871 illis
2676 1819 2844 1872 annis
2898 1819 3242 1891 baptismum
3304 1825 3669 1894 antegressis,

246 1903 344 1968 λὶς
376 1906 437 1960 τὸ
467 1904 602 1960 κατὰ
633 1905 826 1979 σάρκα,
886 1900 1168 1978 ἀπέκρυϐε
1233 1904 1301 1958 τὰ
1357 1907 1560 1974 σημεῖα
1603 1909 1703 1972 τῆς
1738 1901 1901 1957 αὐτοῦ

2032 1903 2219 1973 [uibus
2243 1906 2432 1960 carnis
2465 1905 2651 1960 vilitas
2683 1909 2902 1978 tegebat
2933 1917 2985 1963 et
3034 1909 3422 1966 abscondebat
3457 1912 3670 1967 divini-

250 1992 751 2070 θεότητος,καίπερ
811 1993 942 2056 Θεὸς
999 1992 1217 2064 ἀληθής
1251 1993 1582 2064 προαιώνιος
1617 1993 1904 2067 ὑπάρχων.

2032 1994 2149 2048 .atis
2179 1993 2360 2063 signa,
2384 1996 2604 2051 tametsi
2629 1995 2779 2052 Deus
2810 2012 2975 2052 verus
3001 2006 3150 2053 esset
3179 2007 3231 2054 et
3261 2001 3665 2070 sempiternus.

329 2176 448 2233 Hoc
477 2175 860 2245 fragmentum
892 2173 1208 2229 Halloixius
1238 2189 1356 2228 non
1390 2173 1577 2244 habet,
1608 2173 1846 2230 inseruit
1876 2181 2062 2229 tamen
2093 2174 2242 2229 istud
2279 2175 2530 2229 Historia
2557 2191 2670 2230 suae
2704 2175 2985 2232 litteraria
3017 2178 3232 2235 Cavcus
3265 2195 3278 2234 :
3319 2179 3668 2240 Notenthaec

247 2267 362 2322 sibi
392 2265 754 2339 Eutychiani,
789 2265 1160 2335 subjungens,
1189 2266 1425 2320 duarum
1465 2266 1525 2321 in
1556 2265 1778 2320 Christo
1808 2271 2139 2320 naturarum
2169 2273 2623 2334 oppugnatores;
2662 2275 2855 2321 ument
2887 2267 3101 2332 Ariani,
3137 2276 3188 2323 et
3221 2268 3342 2340 qui,
3374 2270 3562 2326 Socini
3593 2272 3666 2327 de

243 2371 440 2427 grege,
477 2356 784 2413 Dominum
811 2363 1070 2409 nostrum
1099 2355 1270 2408 Deum
1306 2369 1498 2409 verum
1524 2362 1577 2409 et
1607 2354 2018 2424 sempiternum
2048 2371 2172 2412 esse
2197 2356 2491 2426 praefracte
2523 2371 2730 2426 negare
2761 2373 2876 2412 non
2907 2365 3192 2415 verentur.
3245 2359 3436 2415 Mirari
3488 2359 3661 2430 igitur

252 2447 395 2502 satis
428 2461 543 2502 non
572 2445 774 2516 poterit
805 2443 1112 2500 benevolus
1144 2444 1338 2510 lector,
1375 2445 1471 2515 qui
1495 2444 1834 2499 Whistonus
1865 2444 2000 2513 (45),
2033 2461 2132 2516 pro
2191 2444 2406 2500 Arianae
2438 2461 2503 2500 ex
2551 2461 2683 2500 orco
2711 2452 2986 2501 revocatas
3018 2446 3294 2503 haarcseos
3325 2450 3659 2518 patrocinio,

243 2535 449 2593 crebro
486 2536 555 2591 ad
594 2535 746 2591 hunc
779 2535 965 2590 locum
991 2548 1294 2604 provocare
1324 2534 1586 2603 potuerit.
1618 2534 1710 2589 Sic
1739 2550 1796 2588 ν.
1830 2549 1882 2589 c.
1917 2533 2154 2603 probare
2181 2535 2288 2590 hoc
2317 2533 2602 2589 Melitonis
2623 2534 2944 2590 testimonio
2968 2536 3281 2601 contendit,
3321 2537 3523 2592 Filium
3547 2553 3662 2593 non

241 2624 512 2694 essentia,
544 2625 643 2680 sed
677 2623 964 2680 voluntate
993 2621 1191 2679 saltem
1221 2623 1316 2678 Dei
1343 2623 1524 2678 Patris
1553 2623 1799 2678 similem
1829 2638 1955 2679 esse
1983 2623 2170 2690 Patri;
2195 2638 2317 2678 esse
2349 2622 2588 2692 primam
2609 2630 2925 2678 creaturam
2957 2642 2988 2679 a
3019 2624 3135 2679 Deo
3170 2625 3328 2680 Patre
3357 2626 3660 2695 antejacta

243 2714 453 2770 mundi
485 2713 861 2770 fundamenta
889 2714 1224 2784 productam
1259 2737 1274 2779 ;
1307 2725 1428 2768 esse
1451 2719 1673 2783 natura,
1705 2711 1995 2769 attributis
2025 2721 2080 2770 et
2110 2713 2554 2785 perfectionibus
2579 2713 2746 2784 longe
2806 2715 3162 2779 inferiorem,
3217 2722 3276 2769 ut
3334 2715 3446 2771 alia
3503 2717 3659 2785 ejus-

242 2806 405 2862 modi
438 2804 769 2875 blasphema
789 2804 1016 2860 silentio
1038 2810 1385 2874 prasteream.
1406 2803 1567 2859 Forte
1597 2819 1715 2861 non
1737 2805 1994 2872 deerunt,
2025 2804 2121 2875 qui
2148 2803 2405 2860 Melitoni
2426 2821 2460 2858 a
2490 2802 2789 2859 recentiori
2812 2818 2980 2858 manu
3016 2803 3137 2860 hrec
3168 2804 3456 2874 supposita
3473 2805 3662 2870 fuisse,

244 2895 339 2951 vel
369 2894 700 2965 conjicient,
734 2894 818 2950 vel
849 2893 1235 2962 afﬁrmabant,
1272 2900 1330 2947 ut
1364 2893 1568 2948 iecisse
1597 2893 1764 2948 etiam
1797 2893 2161 2960 deprehendo
2192 2892 2395 2948 Gallici
2429 2893 2726 2962 cujusdam
2774 2892 2939 2946 diarii
2969 2892 3175 2947 eruditi
3208 2896 3498 2947 auctorem
3531 2892 3663 2964 (l6).

191 2977 200 2982 ”
241 2986 353 3041 Sed
379 2985 512 3040 istos
541 2984 828 3055 ablegatos
855 2983 1025 3054 cupio
1056 2985 1125 3038 ad
1157 2984 1386 3040 beatum
1407 2983 1842 3039 Weismannum
1863 2981 2117 3054 (17),qui
2148 2983 2445 3037 occasione
2475 2982 2646 3051 hujus
2673 2980 2850 3051 ipsius
2879 2981 3207 3052 fragmenti,
3241 2982 3300 3036 in
3336 2981 3666 3038 temerarios

246 3073 530 3144 ejusmodi
565 3074 815 3137 criticos,
849 3073 1236 3143 temporisque
1268 3073 1443 3127 nostri
1480 3079 1861 3142 Anaxagoras,
1919 3073 2162 3142 graviter
2217 3072 2526 3136 invehitur,
2586 3072 2885 3142 locumque
2938 3072 3090 3127 hunc
3137 3072 3426 3127 Melitonis
3463 3076 3666 3127 contra

242 3163 577 3218 corumdem
609 3162 972 3232 exceptiones
1001 3161 1276 3218 vindicat.
1302 3163 1380 3216 Ad
1404 3160 1771 3216 Whistonum
1799 3161 1985 3216 adhuc
2014 3160 2190 3215 semel
2224 3161 2410 3226 redeo,
2445 3175 2760 3229 moneoque
2786 3176 2916 3214 eum
2945 3160 3151 3216 exinde
3179 3177 3400 3232 quoque
3427 3163 3665 3232 probare

238 3249 613 3317 allaborasse,
645 3249 961 3320 longiorem
984 3250 1363 3320 Epistolarum
1395 3249 1816 3318 lgnatianarum
1849 3250 2158 3307 editionem
2189 3267 2314 3307 esse
2343 3251 2650 3321 genuinam
2686 3249 3036 3321 breviorique
3065 3251 3493 3307 anteferendum
3528 3252 3666 3323 (18),

238 3357 417 3413 quam
449 3341 779 3412 opinionem
811 3339 1084 3396 faeillime
1116 3341 1224 3410 ipsi
1257 3343 1582 3410 permittere
1613 3355 1934 3410 possumus.

1286 3464 1432 3520 Vlll.
1479 3466 1696 3535 Fragm.
1745 3481 1816 3520 ex
1843 3468 1982 3521 orat.
2011 3465 2077 3520 de
2099 3466 2355 3536 passione
2387 3463 2626 3520 Domini.

317 3585 489 3642 Aliud
523 3584 806 3642 Melitonis
837 3584 1240 3654 fragmentum,
1270 3581 1536 3652 exiguum
1569 3581 1720 3648 licet,
1755 3581 1991 3637 servavit
2022 3581 2170 3635 idem
2205 3581 2370 3636 modo
2398 3581 2603 3635 citatus
2631 3581 2981 3647 Anastasius,
3015 3580 3166 3636 dicto
3199 3580 3366 3648 libro,
3417 3594 3539 3650 cap.
3576 3579 3665 3633 42v

242 3691 380 3746 pag.
411 3674 539 3729 216.

968 3785 1281 3848 Μελίτωνος
1312 3785 1611 3840 ἐπισκόπου
1645 3782 1915 3859 Σάρδεων,
1949 3783 2008 3840 ἒκ
2037 3789 2134 3839 τοῦ
2185 3782 2378 3860 λόγου,
2400 3788 2498 3839 τοῦ
2558 3785 2632 3848 εἰς
2660 3785 2721 3840 τὸ
2754 3786 2945 3844 πάθος.

317 3933 378 3989 Ὀ
409 3932 537 3995 Θεὸς
566 3930 823 3986 πέπονθεν
860 3929 962 3985 ὑπὸ
995 3927 1167 4000 δεξιᾶς
1201 3925 1621 4004 Ἰσραηλίτιδος.

2303 3929 2452 3984 Deus
2486 3945 2679 4000 passus
2716 3936 2798 3984 est
2831 3946 2862 3983 a
2895 3931 3086 3984 dextra
3117 3929 3449 3985 Israelitica.

320 4022 509 4078 Monet
540 4021 873 4078 Anastasius
899 4021 1322 4077 Theodosianos
1353 4028 1404 4073 et
1436 4019 1743 4088 Caianitas,
1779 4025 1838 4074 nt
1887 4018 2143 4088 probent,
2177 4019 2360 4090 ipsum
2391 4020 2559 4074 etiam
2594 4019 2770 4074 Deum
2805 4018 3052 4074 Verbum
3114 4017 3224 4090 (καὶ
3282 4017 3374 4070 τὸν
3429 4015 3482 4071 ἐν
3515 4017 3666 4091 αὐτῷ

238 4111 373 4166 Θεὸν
405 4111 610 4185 Λόγον)
634 4127 760 4167 cum
798 4127 966 4166 carne
992 4127 1095 4165 sua
1126 4109 1372 4180 passioni
1410 4109 1582 4164 fuisse
1613 4107 1950 4179 obnoxium,
1985 4108 2185 4164 atl‘erre
2216 4109 2395 4164 solcre
2421 4108 2537 4164 haec
2571 4108 2858 4162 Melitonis
2891 4107 3082 4176 verba,
3115 4105 3319 4177 quibus
3361 4115 3572 4179 tamen,
3607 4112 3668 4164 ut

239 4204 306 4259 in
339 4202 639 4272 pr0patulo
668 4209 771 4267 est,
807 4201 917 4255 vim
949 4200 1272 4255 intulerunt
1306 4218 1321 4269 ;
1352 4209 1538 4254 noster
1570 4197 1736 4254 etiam
1772 4213 2068 4270 nunquam
2127 4199 2195 4254 de
2251 4201 2358 4255 hoc
2405 4215 2592 4256 errore
2637 4199 2748 4254 fuit
2779 4206 3097 4269 suspectus.
3131 4198 3254 4254 Non
3291 4200 3524 4255 memini
3561 4199 3668 4257 hoc

242 4291 629 4362 fragmentum
665 4290 765 4346 uili
796 4289 970 4346 fuisse
1001 4289 1388 4347 observatum.

1424 4403 1522 4461 IX.
1557 4407 1780 4474 Fragm.
1819 4421 1890 4462 ex
1918 4407 2088 4463 Fabro
2117 4408 2452 4480 Stapulensi.

327 4559 500 4615 Miror
532 4566 719 4616 tamen
748 4559 895 4615 inter
928 4559 1244 4631 fragmenta
1292 4557 1661 4614 Melitoniana
1709 4561 2139 4616 commemorari
2198 4579 2229 4615 a
2289 4561 2355 4615 R.
2420 4561 2605 4631 lttigio
2662 4560 2912 4630 aliquod,
2953 4560 3100 4629 quod
3148 4574 3213 4614 ex
3243 4557 3455 4613 Jacobo
3486 4558 3668 4614 Fabro

238 4650 588 4720 Stapulensi,
611 4649 877 4720 produxit
906 4647 1280 4713 Colomesius,
1310 4649 1404 4718 qui
1436 4649 1514 4704 ita
1546 4648 1808 4718 praefatur
1841 4666 1853 4704 :
1887 4648 1981 4705 Vir
2013 4651 2284 4719 Optimus,
2317 4665 2382 4705 ac
2414 4666 2514 4718 pro
2557 4657 2807 4718 tempore
2859 4663 2969 4718 quo
3002 4646 3138 4703 vixit
3163 4647 3316 4704 varia
3345 4646 3666 4702 eruditione

247 4739 537 4808 excultus,
567 4739 813 4795 Jacobus
843 4737 1016 4793 Faber
1042 4737 1419 4808 Stapulensis,
1453 4737 1514 4794 in
1547 4737 1691 4794 libro
1723 4739 1792 4795 de
1822 4753 1937 4794 una
1993 4755 2059 4794 ex
2122 4740 2299 4795 tribus
2355 4739 2552 4806 Maria,
2615 4740 2908 4809 sequentia
2966 4739 3135 4793 refert
3183 4753 3246 4793 ex
3301 4737 3565 4793 Melitone
3597 4739 3665 4793 de

240 4833 472 4887 Joanne
505 4829 765 4900 apostolo
798 4844 812 4884 :
849 4851 876 4879 «
913 4831 1049 4884 Cum
1081 4833 1233 4883 esset
1261 4844 1541 4883 annorum
1573 4828 1905 4900 nonaginta,
1939 4830 2198 4900 apparuit
2244 4830 2293 4883 ei
2359 4827 2640 4883 Dominus
2695 4830 2856 4883 Jesus
2912 4827 3167 4884 Christus
3197 4842 3328 4882 cum
3363 4827 3664 4898 discipulis

242 4921 386 4986 suis,
415 4923 472 4976 et
503 4920 647 4975 dixit
677 4919 727 4975 ei
763 4934 776 4972 :
815 4919 954 4973 Veni
985 4920 1051 4972 ad
1082 4935 1191 4987 me,
1225 4919 1354 4989 quia
1387 4926 1609 4988 tempus
1631 4929 1732 4988 est,
1767 4928 1828 4974 ut
1857 4919 2102 4988 epuleris
2134 4920 2191 4973 in
2224 4917 2481 4973 convivio
2517 4933 2640 4971 meo
2681 4933 2810 4972 cum
2846 4917 3112 4970 fratribus
3144 4916 3275 4970 tuis.
3304 4937 3330 4963 »
3361 4914 3668 4983 Desumpla

244 5010 372 5068 haec
399 5027 520 5067 esse
546 5009 866 5081 suspicatur
898 5009 1250 5065 Colomesius
1281 5025 1346 5064 ex
1407 5010 1528 5078 ejus
1584 5009 1726 5066 libro
1780 5011 1852 5064 de
1899 5007 2236 5080 Apocalypsi
2272 5006 2527 5070 Ioannis,
2562 5007 2656 5060 sed
2690 5005 2892 5060 erravit
2927 5005 3181 5060 eruditus
3211 5004 3316 5071 vir,
3357 5007 3564 5058 etcum
3598 5017 3664 5057 eo

239 5100 446 5156 beatus
479 5100 726 5171 Ittigius.
760 5100 894 5155 Haec
925 5099 1080 5154 enim
1114 5114 1339 5168 prorsus
1373 5114 1487 5154 non
1519 5106 1647 5153 sunt
1678 5099 1964 5154 Melitonis
1993 5097 2278 5164 Sardiani,
2303 5098 2400 5152 sed
2440 5096 2756 5160 Laodiceni,
2789 5095 2886 5165 qui
2917 5095 2985 5150 de
3020 5094 3278 5164 passione
3336 5093 3394 5147 S.
3428 5090 3664 5146 Joannis

244 5189 624 5259 Evangelislae
658 5189 880 5260 scripsit
919 5189 1200 5256 libellum,
1237 5195 1355 5257 post
1387 5188 1529 5243 alios
1559 5206 1587 5241 a
1619 5187 1986 5244 celeberrimo
2013 5192 2062 5246 J.
2097 5193 2164 5242 A.
2202 5185 2456 5242 Fabricio
2484 5200 2724 5256 quoque,
2785 5187 2843 5238 in
2903 5184 3094 5239 Codice
3124 5181 3433 5254 apart-ypho
3485 5181 3548 5237 N.
3599 5183 3664 5236 Τ.

242 5276 380 5336 'om.
423 5278 520 5346 lli,
553 5279 792 5348 editum,
830 5277 923 5333 ubi
967 5294 1090 5348 pag.
1129 5278 1255 5344 620,
1291 5277 1484 5332 eadem
1521 5277 1639 5333 haec
1670 5278 1835 5333 verba
1869 5277 1976 5348 legi
2005 5283 2292 5347 poterunt.

2017 5430 2113 5484 ubi
2142 5428 2426 5483 Anastasii
2451 5422 2691 5498 Ὁὸηγοῦ
2714 5426 2883 5482 editio
2916 5424 3277 5498 Gretseriana
3315 5426 3656 5498 recensetur.

2089 5500 2200 5569 (l7)
2227 5500 2584 5554 Weismanni
2605 5492 2955 5554 'lntroductio
2988 5497 3047 5551 in
3075 5492 3462 5550 memorabilia
3487 5494 3656 5550 eccle-

2015 5574 2250 5628 siastica
2282 5571 2416 5625 Hist.
2453 5569 2488 5623 S
2521 5612 2534 5637 ,
2563 5577 2702 5626 tom.
2739 5571 2781 5638 Ι,
2813 5588 2940 5642 pag.
2963 5569 3086 5642 415.

2094 5642 2203 5714 (18)
2233 5646 2297 5697 In
2329 5643 2413 5715 his
2443 5638 2986 5715 Dissertation'upon
3017 5640 3107 5696 the
3135 5639 3380 5711 Epistles
3408 5639 3475 5708 of
3495 5638 3657 5710 Igna-

2020 5715 2153 5784 εἰπε,
2185 5730 2310 5785 pag.
2342 5714 2413 5768 65
2442 5729 2558 5785 seq.

318 5433 438 5504 (15)
464 5433 807 5488 Wbistonus
833 5447 886 5486 c.
917 5431 1122 5504 |.7tom.
1189 5429 1270 5484 IlI
1321 5430 1584 5486 Primaevi
1633 5429 1907 5486 Christia-

241 5503 439 5569 nismi,
473 5522 598 5574 pag.
637 5505 728 5572 64,
765 5504 885 5566 125,
918 5503 1048 5567 283,
1073 5511 1180 5558 etc.

319 5576 435 5647 (16)
473 5572 743 5633 'No‘uvelle
785 5574 1171 5647 Bibliothtque
1228 5572 1453 5642 choisie,
1513 5588 1595 5647 ou_
1632 5573 1742 5647 l’on
1801 5575 1908 5642 [ait

243 5644 540 5704 connaiIre
570 5649 646 5704 les
678 5649 806 5702 bons
839 5645 1006 5702 liores
1041 5644 1109 5702 ei:
1139 5644 1325 5701 divers
1345 5659 1537 5714 genres
1563 5645 1628 5700 de
1681 5646 1907 5700 littera-

246 5725 395 5791 tura,
437 5723 489 5776 et
513 5721 724 5790 l’usage
751 5721 912 5791 qu’on
944 5735 1012 5775 en
1045 5719 1161 5775 doit
1190 5718 1354 5789 tam.
1399 5717 1563 5774 Tom.
1621 5716 1694 5785 II,
1725 5733 1782 5787 p.
1814 5717 1905 5788 34,
