4000 6220
449 338 609 403 1223
1506 340 1568 402 S.
1620 341 1908 402 MELITO
1951 336 2313 400 SARDIUM
2360 338 2811 403 EPISCOPUS.
3634 361 3746 427 ιω

1766 557 1828 615 Χ.
1861 558 1946 612 Ea:
1975 556 2138 613 Clave
2163 555 2542 629 portiuncula.

512 768 726 840 Agmen
759 765 984 820 tandem
1016 765 1239 820 claudat
1269 761 1629 834 portiuncula
1657 777 1723 818 ex
1748 759 1893 816 libro
1920 757 2040 829 ejus
2097 755 2283 812 Clavis
2320 755 2492 824 dicto,
2546 770 2667 826 quae
2711 754 2817 811 sub
2850 755 3080 812 initium
3130 759 3319 828 Operis
3362 761 3476 819 sine
3525 765 3660 824 titulo
3704 773 3748 830 in

443 860 682 927 utroque
705 855 900 911 codice
929 859 1131 924 exstat,
1169 860 1221 909 et
1253 852 1309 908 in
1343 867 1452 924 qua
1477 851 1694 907 edenda
1725 849 1776 906 id
1813 849 1922 920 egi,
1958 855 2015 902 ut
2045 845 2171 903 loca
2192 846 2495 918 diligenter
2524 845 2584 900 in
2618 845 2792 902 sacris
2825 846 3047 917 paginis
3069 847 3438 923 quaesiverim,
3471 860 3611 926 atque
3654 859 3763 918 intra

434 947 494 1004 in
525 947 673 1003 notis
704 946 1089 1002 excitaverim.

510 1037 682 1108 Caput
700 1038 937 1104 Domini,
971 1037 1091 1105 ipsa
1124 1035 1421 1091 Divinilas.
1456 1038 1532 1090 Eo
1564 1031 1709 1103 quod
1746 1029 2093 1102 principium
2124 1033 2176 1082 et
2206 1032 2426 1083 creator
2453 1025 2524 1081 sit
2544 1025 2803 1082 omnium
2837 1041 3029 1082 rerum
3056 1044 3069 1082 :
3102 1026 3162 1083 in
3193 1027 3424 1086 Daniele
3453 1029 3512 1086 ίδ.

517 1126 722 1198 Capilli
747 1126 970 1182 Domini
1002 1124 1243 1191 candidi,
1277 1141 1341 1180 eo
1369 1125 1512 1195 quod
1551 1121 1834 1193 Antiquus
1867 1119 1939 1174 sit
1968 1118 2215 1182 dierum,
2249 1116 2342 1171 ubi
2371 1122 2425 1171 et
2454 1130 2642 1186 supra.

513 1219 677 1278 Oculi
703 1217 947 1284 Domini,
979 1216 1260 1289 inspectio
1291 1215 1482 1272 divina
1517 1229 1620 1270 :eo
1652 1212 1802 1283 quod
1835 1209 2025 1266 omnia
2058 1207 2259 1264 videat.
2294 1205 2453 1262 Sicut
2481 1212 2563 1261 est
2593 1203 2736 1260 illud
2769 1204 2830 1260 in
2857 1206 3158 1275 Apostolo:
3191 1231 3219 1259 «
3247 1209 3446 1266 Omnia
3496 1213 3627 1269 enim
3651 1217 3762 1273 nuda

440 1315 493 1364 et
523 1317 712 1379 aperta
743 1311 877 1362 sunt
909 1307 965 1363 in
997 1307 1175 1363 oculis
1193 1307 1319 1376 ejus
1352 1304 1414 1359 1⁷³.
1457 1325 1485 1354 ››

417 1382 422 1390 ’
515 1397 810 1471 Palpebrm
832 1398 1078 1467 Domini,
1110 1396 1331 1453 occulta
1353 1392 1670 1465 spiritualia
1699 1390 1760 1446 in
1791 1388 1998 1445 divinis
2027 1385 2322 1459 praeceptis
2355 1382 2640 1458 mysteria.
2675 1383 2741 1440 In
2773 1383 2989 1455 psalmo
3014 1385 3054 1420 ¹⁷
3089 1402 3103 1441 :
3137 1409 3166 1437 ‹‹
3200 1387 3477 1460 Palpebras
3507 1392 3614 1462 ejus
3637 1393 3768 1450 inter-

438 1492 660 1559 rogant,
696 1481 801 1544 hoc
833 1495 912 1543 est
945 1487 1205 1557 probant,
1235 1486 1379 1541 tilios
1407 1483 1726 1540 hominum.
1753 1502 1781 1529 ››

510 1579 775 1634 Odor-atus
804 1579 1043 1645 Domini,
1076 1577 1374 1633 delectatio
1405 1575 1527 1646 ejus
1561 1575 1620 1629 in
1642 1569 2017 1639 orationibus,
2076 1568 2195 1626 sive
2237 1565 2502 1639 operibus
2549 1573 2896 1624 sanctorum.
2931 1570 2997 1624 In
3036 1569 3242 1625 Genesi
3274 1569 3317 1604 ί⁸
3353 1585 3366 1626 :
3394 1592 3421 1621 «
3455 1571 3770 1646 Oderatusque

441 1668 826 1726 estDominus
855 1670 1082 1725 odorem
1118 1665 1432 1722 suavitatis.
1471 1686 1499 1714 »

507 1763 583 1816 Os
615 1758 850 1826 Domini,
889 1757 1060 1812 Filius
1089 1758 1232 1828 ejus,
1262 1755 1352 1811 vel
1384 1769 1574 1810 sermo
1605 1753 1673 1808 ad
1710 1750 1994 1808 homines.
2051 1753 2113 1805 In
2173 1748 2446 1820 propheta
2478 1764 2491 1805 :
2527 1770 2555 1800 «
2587 1751 2662 1804 Os
2720 1749 2952 1806 Domini
2976 1749 3229 1808 locutum
3255 1756 3345 1808 est
3375 1753 3418 1789 ιθ
3451 1769 3466 1822 ;
3496 1775 3521 1803 »
3553 1758 3602 1812 et
3627 1754 3730 1812 alibi
3757 1771 3768 1815 :

435 1868 464 1901 (ι
488 1852 562 1905 Us
591 1850 711 1920 ejus
741 1848 808 1903 ad
844 1847 1192 1904 iracundiam
1222 1849 1665 1916 provocmerunt
1699 1841 1763 1896 9°.
1790 1861 1818 1890 »

504 1939 718 2008 Lingua
748 1938 990 2006 Domini,
1023 1935 1264 2008 Spiritus
1295 1934 1416 2005 ejus
1446 1937 1697 1988 sanctus.
1733 1933 1796 1986 In
1830 1928 2048 2000 psalmo
2081 1944 2094 1984 :
2128 1948 2158 1979 ‹‹
2192 1927 2404 2000 Lingua
2433 1944 2558 1985 mea
2587 1928 2842 1986 calamus
2877 1928 2944 1986 υ.
2985 1953 3015 1981 ››

501 2031 686 2086 Facies
716 2027 961 2094 Domini,
997 2026 1240 2083 ostensio
1263 2026 1401 2097 ejus.
1436 2027 1497 2080 In
1534 2023 1718 2078 Exodo
1744 2020 1791 2055 2’
1825 2036 1838 2076 :
1874 2041 1902 2070 «
1936 2019 2131 2076 Facies
2161 2034 2288 2074 mea
2319 2019 2595 2089 praecedet
2624 2025 2675 2076 te
2709 2036 2722 2086 ;
2756 2041 2784 2069 n
2816 2020 2953 2076 etin
2977 2019 3292 2093 propheta:
3328 2045 3360 2074 ‹‹
3392 2024 3572 2082 Facies
3600 2025 3769 2083 Domini

432 2120 618 2176 divisit
649 2135 744 2175 eos
765 2120 830 2174 ³³.
863 2140 890 2168 ››

505 2209 730 2266 Verbum
761 2211 1003 2275 Domini,
1029 2208 1222 2264 Filius.
1257 2209 1322 2262 In
1356 2206 1574 2276 psalmo
1609 2219 1623 2260 :
1659 2224 1687 2254 ‹‹
1713 2200 2002 2258 Eructavit
2030 2214 2128 2256 cor
2158 2213 2347 2254 meum
2380 2196 2614 2254 verbum
2647 2197 2860 2254 bonum
2891 2197 2958 2253 ει.
2996 2221 3023 2249 ››

500 2301 796 2355 Brachium
827 2303 1069 2368 Domini,
1106 2299 1297 2368 Filius,
1334 2313 1430 2369 per
1461 2311 1628 2369 quem
1661 2294 1852 2352 omnia
1883 2297 2146 2363 operatus
2173 2296 2274 2345 est.
2311 2288 2374 2343 In
2407 2287 2679 2358 propheta
2710 2287 2852 2344 Isaia
2880 2288 2926 2324 ³⁵
2957 2305 2971 2344 :
3011 2311 3032 2340 ι
3055 2289 3122 2345 Et
3155 2288 3454 2349 brachium
3483 2292 3682 2350 Domini
3709 2292 3777 2350 cui

430 2393 731 2450 revelatum
765 2401 846 2449 est
875 2393 902 2448 Τ
935 2415 962 2442 ››

496 2484 725 2538 Dextera
756 2483 996 2547 Domini,
1029 2481 1082 2538 id
1107 2486 1188 2536 est
1220 2479 1414 2548 Filius,
1448 2478 1542 2551 qui
1575 2485 1630 2534 et
1654 2493 1821 2547 supra
1852 2474 1909 2529 in
1945 2470 2203 2543 psalmo:
2248 2488 2276 2517 ‹‹
2309 2465 2548 2522 Dextera
2577 2465 2808 2523 Domini
2843 2466 2974 2523 fecit
3015 2467 3279 2526 virtutem
3313 2471 3383 2524 ²⁶.
3420 2493 3450 2521 ››

497 2577 734 2628 Dextera
765 2570 1008 2637 Domini,
1040 2570 1239 2627 electio
1271 2569 1475 2625 omnis.
1505 2569 1569 2624 Ut
1601 2568 1656 2622 in
1693 2559 2132 2621 Deuteronomio
2162 2555 2208 2591 ²⁷
2240 2573 2254 2611 :
2290 2577 2319 2606 ‹‹
2352 2555 2418 2611 In
2448 2555 2679 2612 dextera
2708 2558 2836 2628 ejus
2869 2557 3034 2626 ignea
3069 2558 3180 2615 lex.
3212 2580 3242 2608 n

494 2662 606 2718 Alae
635 2661 875 2729 Domini,
911 2660 1182 2732 protectio
1212 2659 1421 2715 divina.
1456 2661 1520 2714 In
1553 2656 1774 2728 psalmo
1807 2655 1851 2690 ³⁸
1884 2669 1897 2709 2
1925 2675 1953 2703 «
1981 2654 2042 2708 In
2077 2649 2278 2706 umbra
2304 2649 2525 2704 alarum
2554 2651 2785 2704 tuarum
2818 2649 3076 2718 sperabo.
3103 2673 3130 2701 η

493 2750 726 2823 Scapula
755 2749 998 2816 Domini,
1031 2749 1221 2805 divina
1241 2748 1512 2819 potentia,
1549 2762 1656 2818 qua
1685 2750 1910 2816 portare
1937 2741 2200 2812 dignatur
2254 2739 2532 2796 inﬁrmos.
2593 2744 2660 2795 In
2693 2740 3130 2797 Deuteronomio
3151 2740 3197 2778 ²⁹
3228 2757 3242 2798 :
3279 2764 3306 2792 α
3349 2743 3599 2814 Suscepit
3620 2759 3700 2800 eos
3740 2750 3780 2798 et

423 2840 782 2909 snperposuit
813 2838 1062 2910 scapulis
1092 2839 1228 2893 suis.
1265 2859 1293 2886 »

495 2928 685 2983 Manus
716 2929 954 2995 Domini,
988 2928 1178 2982 divina
1207 2925 1474 2998 operatio.
1509 2927 1570 2980 1n
1606 2923 1877 2995 prepheta
1911 2938 1924 2976 :
1959 2941 1986 2970 «
2021 2918 2226 2977 Nonne
2253 2935 2455 2975 manus
2484 2933 2625 2973 meae
2656 2918 2908 2974 fecerunt
2940 2919 3060 2976 haec
3091 2920 3286 2978 omnia
3308 2921 3358 2958 3°
3394 2925 3417 2978 Ρ
3448 2945 3476 2974 ››

494 3017 704 3087 Digitus
737 3018 976 3085 Domini,
1007 3017 1249 3087 Spiritus
1280 3023 1528 3080 sanctus,
1552 3015 1717 3085 cujus
1747 3010 2075 3085 operatione
2106 3008 2308 3065 tabula)
2377 3009 2516 3079 legis
2571 3008 2633 3064 in
2690 3008 2883 3064 Exodo
2921 3007 2966 3045 3‘
3026 3013 3250 3082 scriptae
3283 3013 3602 3071 referuntur
3630 3029 3646 3070 ε
3672 3020 3715 3069 et
3737 3012 3785 3068 in

421 3105 723 3176 Evangelio
755 3106 801 3140 ³³
837 3122 850 3159 :
884 3127 911 3155 «
943 3105 1002 3160 Si
1035 3122 1134 3175 ego
1166 3106 1224 3161 in
1257 3104 1434 3174 digito
1469 3104 1565 3159 Dei
1604 3103 1769 3173 ejicio
1796 3100 2099 3156 daemonia.
2133 3120 2162 3150 »

494 3193 672 3264 Digiti
701 3193 943 3262 Domini,
976 3193 1260 3265 legislator
1293 3194 1531 3262 Moyses,
1567 3192 1682 3247 sive
1714 3191 2022 3263 prephetze.
2059 3191 2126 3246 In
2154 3191 2371 3262 psalmo
2408 3189 2456 3227 ³³
2493 3207 2506 3248 :
2540 3211 2568 3241 ιι
2603 3190 2818 3247 Videbo
2849 3192 3042 3261 cmlos,
3070 3214 3097 3243 »
3130 3193 3241 3251 hoc
3293 3203 3382 3251 est
3417 3195 3586 3252 libros
3610 3194 3727 3267 legis
3746 3201 3787 3250 et

419 3285 846 3356 prOphetarum,
881 3307 908 3336 «
942 3300 1113 3355 Opera
1136 3285 1441 3355 digitorum
1469 3288 1715 3338 tuorum.
1747 3305 1773 3331 »

489 3375 770 3446 Sapienlia
796 3375 1034 3442 Domini,
1071 3374 1260 3429 Filius.
1288 3375 1351 3428 In
1384 3373 1649 3443 Apostolo
1678 3371 1724 3407 ³⁴
1757 3387 1770 3426 :
1807 3394 1836 3422 «
1869 3371 2126 3428 Christus
2157 3371 2256 3427 Dei
2327 3371 2500 3428 virtus
2560 3378 2614 3428 et
2663 3371 2762 3428 Dei
2803 3372 3136 3444 Sapientia;
3173 3396 3200 3424 n
3233 3378 3290 3432 et
3319 3375 3383 3433 in
3409 3371 3785 3433 Salomone“:

419 3485 449 3517 ‹‹
480 3466 767 3536 Sapientia
796 3465 1026 3521 Domini
1058 3464 1282 3535 attingit
1313 3480 1345 3518 a
1372 3462 1482 3520 line
1516 3479 1694 3534 usque
1719 3463 1786 3518 ad
1820 3462 1994 3518 finem
2018 3461 2255 3519 fortiter.
2286 3483 2314 3512 »

487 3555 660 3612 Pedes
682 3555 922 3621 Domini,
958 3554 1233 3609 stabilitas
1271 3557 1326 3610 et
1356 3552 1657 3609 aeternitas.
1689 3554 1750 3608 In
1790 3552 2009 3622 psalmo
2040 3549 2085 3586 3"
2119 3566 2133 3608 :
2162 3551 2278 3607 «Et
2313 3551 2494 3621 caligo
2525 3551 2628 3608 sub
2667 3551 2906 3623 pedibus
2937 3553 3078 3624 ejus.
3112 3576 3141 3604 »

489 3645 730 3702 Thronus
759 3645 973 3702 Domini
1003 3643 1211 3716 angeli,
1247 3643 1362 3700 sive
1394 3644 1599 3710 sancti,
1633 3643 1717 3699 vel
1747 3642 1868 3714 ipsa
1902 3640 2178 3713 regnandi
2212 3648 2480 3712 potestas.
2511 3643 2578 3698 In
2615 3642 2833 3714 psalmo
2880 3641 2926 3678 ³⁸
2989 3659 3004 3700 :
3059 3644 3325 3702 Thronus
3381 3653 3538 3715 tuus,
3568 3647 3716 3712 Deus,
3741 3644 3784 3699 in

415 3735 685 3792 saeculum
711 3735 927 3792 saeculi.
967 3758 994 3784 »

484 3825 660 3894 Sedes,
685 3826 831 3882 idem
867 3825 1013 3896 quod
1047 3841 1239 3896 supra,
1270 3824 1460 3897 angeli
1493 3824 1576 3880 vel
1608 3825 1811 3895 sancti,
1847 3823 1993 3895 quod
2054 3821 2115 3878 in
2167 3821 2256 3878 his
2315 3822 2590 3879 Dominus
2628 3823 2840 3880 sedeat.
2874 3827 2939 3880 In
2962 3824 3182 3897 psalmo
3203 3826 3248 3861 ⁸⁹
3272 3843 3286 3882 :
3311 3849 3342 3876 «
3378 3827 3650 3885 Dominus
3677 3824 3786 3882 sedit

412 3929 580 3985 sUper
613 3915 800 3972 sedem
834 3921 1088 3971 sanctam
1121 3931 1360 3970 suam.»

483 4006 780 4061 Descensns
815 4005 1047 4066 Domini,
1086 4003 1329 4061 visitatio
1354 4004 1478 4076 ejus
1506 4005 1575 4060 ad
1610 4004 1892 4060 homines.
1926 4002 2080 4060 Sicut
2111 4002 2170 4058 in
2202 4002 2436 4060 Michaaa
2464 4002 2510 4039 ⁴⁰
2541 4020 2554 4059 :
2611 4024 2638 4053 ‹‹
2697 4003 2839 4060 Ecce
2880 4004 3161 4061 Dominus
3209 4008 3542 4078 egredietur
3577 4011 3642 4064 de
3689 4006 3784 4062 loco

410 4109 534 4158 suo,
569 4095 871 4150 descendet
902 4093 1245 4151 conculcans
1271 4103 1520 4151 extrema
1555 4101 1733 4150 terrae.
1770 4116 1797 4145 »
1830 4094 1996 4159 Item,
2027 4093 2087 4149 in
2118 4091 2324 4147 malam
2352 4100 2589 4164 partem.
2623 4095 2688 4150 In
2711 4093 2916 4151 Genes.
2939 4095 2980 4130 ⁴¹
3015 4111 3027 4151 :
3055 4118 3083 4146 «
3119 4095 3434 4154 Descendit
3467 4097 3718 4154 Dominus
3739 4099 3785 4150 ut

406 4184 620 4240 videret
653 4183 873 4237 turrim.
912 4206 939 4233 »

476 4274 740 4329 Ascensus
772 4273 1010 4341 Domini,
1035 4274 1270 4330 elevatio
1303 4273 1552 4330 hominis
1582 4273 1861 4345 assumpti
1893 4290 1923 4328 a
1957 4279 2105 4329 terra
2143 4271 2203 4328 in
2261 4273 2454 4331 caelos.
2488 4273 2551 4330 In
2591 4273 2810 4347 psalmo
2840 4273 2888 4309 ⁴²
2923 4291 2938 4332 :
2967 4298 2994 4326 «
3030 4276 3135 4341 Qui
3167 4277 3432 4334 ascendit
3462 4293 3628 4350 super
3651 4274 3786 4332 caelos

405 4362 679 4420 caelorum
705 4363 771 4417 ad
797 4362 1099 4420 orientem.
1138 4386 1166 4413 »

473 4456 636 4509 Stare
664 4452 906 4519 Domini,
931 4451 1202 4522 patientia
1229 4452 1557 4521 divinitatis,
1612 4467 1711 4524 per
1742 4469 1910 4523 quam
1943 4461 2272 4524 peccatores
2304 4456 2373 4511 ad
2417 4455 2804 4527 paenitentiam
2834 4457 3097 4515 sustinet.
3131 4459 3311 4516 Sicuti
3344 4460 3406 4516 in
3439 4459 3690 4516 Habacuc
3714 4457 3748 4490 “
3775 4466 3788 4509 ε

407 4565 435 4598 α
467 4545 630 4600 Stetit
660 4547 716 4599 ct
754 4559 983 4599 mensus
1032 4550 1114 4600 est
1169 4550 1377 4600 terram
1437 4563 1506 4613 ;»
1554 4552 1607 4601 et
1653 4544 1712 4599 in
1753 4544 2058 4616 Evangelia
2089 4544 2136 4580 ⁴⁴
2176 4562 2192 4603 :
2242 4567 2270 4595 «
2321 4544 2487 4602 Stetit
2533 4547 2700 4603 Jesus
2738 4553 2790 4603 et
2833 4547 3005 4618 jussit
3044 4563 3173 4604 eum
3217 4548 3440 4621 vocari,
3485 4571 3514 4600 ιι
3583 4550 3679 4605 hoc
3729 4551 3789 4600 est

411 4648 644 4691 083011").

485 4721 770 4778 Transilus
801 4722 1042 4792 Domini,
1065 4725 1377 4795 assumptio
1400 4725 1608 4792 carnis,
1646 4740 1744 4796 per
1792 4741 1961 4797 quam
2014 4725 2317 4791 nascendo,
2359 4725 2676 4793 moriendo,
2727 4727 3090 4797 resurgendo,
3141 4727 3200 4783 in
3249 4728 3425 4784 emlos
3467 4724 3786 4786 ascendendo

408 4813 680 4884 quosdam
707 4812 979 4868 transitus
997 4813 1147 4870 fecit.
1177 4813 1238 4868 In
1263 4813 1493 4870 Cantico
1517 4814 1870 4870 canticorum
1902 4814 1947 4850 ⁴⁵
1972 4832 1985 4870 :
2023 4837 2051 4865 «
2076 4816 2221 4873 Ecce
2251 4815 2356 4871 iste
2377 4815 2527 4870 venit
2547 4815 2755 4873 saliens
2775 4822 3018 4885 montes,
3042 4817 3370 4874 transiliens
3390 4818 3598 4876 colles.
3621 4839 3648 4865 ιι

477 4901 698 4958 Gressns
729 4903 976 4969 Domini,
1006 4904 1282 4959 adventus
1306 4902 1389 4959 vel
1426 4903 1666 4960 visitatio
1689 4904 1830 4974 ejus.
1859 4906 1919 4960 In
1943 4905 2182 4975 psalmo.

483 4990 615 5048 Vita
647 4990 894 5062 Domini,
917 4991 1166 5062 operatio
1191 4992 1526 5049 divinitatis.
1567 4993 1726 5050 Sicut
1755 4993 1814 5050 in
1861 4993 1972 5051 Job
2013 5011 2117 5066 pro
2177 4996 2401 5054 diabolo
2432 4997 2510 5054 46:
2538 5019 2566 5047 «
2592 5000 2716 5069 Ipse
2764 4999 2850 5053 est
2877 4997 3225 5072 principium
3249 4999 3470 5057 viarum
3509 4995 3740 5057 Domini.
3770 5016 3786 5039 υ

479 5289 524 5324 ’⁸
563 5288 708 5344 Dan.
750 5304 849 5352 vn,
889 5287 944 5352 9,
989 5287 1074 5354 13,
1120 5287 1206 5341 22.
1252 5285 1297 5320 1⁸
1335 5285 1507 5343 Hebr.
1553 5302 1622 5347 ιν,
1662 5286 1760 5359 43.
1809 5288 1849 5322 ¹¹¹
1892 5287 2036 5343 Psal.

2214 5287 2302 5343 ,ιδ
2338 5305 2461 5358 cap.
2505 5306 2624 5359 vm,
2667 5306 2718 5346 v.
2756 5291 2846 5347 2t.
2888 5289 2933 5326 ιθ
2972 5289 3078 5346 Isa.
3121 5308 3158 5357 ι,
3182 5292 3272 5346 20.
3314 5291 3359 5327 ²⁰
3394 5291 3617 5348 Thren.
3659 5301 3693 5356 ι,
3725 5288 3788 5341 l0.

403 5362 446 5398 ²¹
485 5360 627 5433 Psal.
669 5376 816 5424 xmv,
848 5361 901 5414 2.
946 5359 995 5393 η
1032 5376 1156 5429 cap.
1199 5375 1478 5433 “suav.
1525 5359 1611 5418 14.
1657 5356 1704 5392 ³³
1744 5359 1956 5433 Three.

2213 5360 2259 5395 ²⁴
2300 5356 2446 5417 Psal.
2482 5356 2626 5428 κων,
2665 5364 2718 5416 2.
2761 5362 2807 5396 ³⁵
2843 5378 2968 5433 cap.
3010 5356 3150 5432 ιιιι,
3176 5379 3226 5419 v.
3272 5364 3320 5420 1.
3363 5362 3410 5397 ²⁶
3462 5363 3614 5420 Psal.
3653 5373 3786 5417 cmi.

405 5434 491 5487 16.
533 5432 579 5505 ’7
619 5448 741 5505 cap.
789 5447 993 5495 χχχιιι,
1036 5447 1098 5505 v._
1127 5435 1181 5505 2.
1222 5429 1270 5465 ³⁸
1301 5430 1599 5505 P;<al:_r.vr2
1642 5433 1696 5505 ἓ.
1741 5429 1788 5464 ³9
1819 5447 1944 5501 cap.

2228 5434 2314 5500 12,
2341 5433 2384 5468 ³ο
2434 5433 2542 5490 Isa.
2568 5451 2715 5500 var,
2755 5437 2808 5490 2.
2840 5433 2883 5470 ³³
2915 5429 3056 5505 'cap.
3101 5429 3291 5500 ixxrv,
3319 5451 3369 5491 v.
3395 5435 3452 5490 l.
3495 5435 3544 5470 ⁸³
3579 5435 3700 5490 Luc.
3732 5445 3792 5493 ιιι

400 5505 493 5576 20.
528 5504 576 5538 ³⁸
613 5501 762 5576 Psal.
803 5519 925 5570 vm,
968 5505 1020 5576 li.
1055 5502 1102 5538 ³⁴
1131 5504 1144 5557 ἐ
1175 5505 1316 5576 ΑΟοι.
1352 5520 1393 5568 ι,
1424 5503 1512 5576 24.
1537 5502 1604 5576 f5
1644 5501 1778 5572 Sep.
1811 5521 1934 5573 VIII,
1957 5524 1980 5576 ,τ

2212 5506 2292 5560 al.
2335 5521 2443 5574 cxx,
2486 5506 2539 5560 3.
2575 5506 2617 5541 ³⁷
2662 5505 2806 5562 Psal.
2840 5522 2974 5564 xvn.
3003 5501 3107 5562 '10.
3169 5505 3212 5540 ³⁸
3236 5507 3380 5562 Psal.
3415 5523 3569 5576 χιιι,
3597 5507 3792 5576 προει-

405 5573 662 5650 ferpsal:
701 5590 751 5637 ν,
792 5591 945 5630 xxrx.
976 5575 1026 5609 3’
1055 5574 1210 5650 Psal.
1245 5590 1389 5642 xm,
1430 5574 1485 5628 9.
1527 5571 1574 5607 ⁴⁰
1614 5571 1739 5650 cap.
1791 5591 1831 5644 ι,
1863 5571 1985 5630 3.“

2212 5593 2290 5649 ιι,
2323 5593 2378 5633 v.
2402 5571 2455 5632 3'.
2477 5577 2524 5612 ⁴²
2546 5577 2693 5634 Psal.
2725 5593 2892 5650 Lxm,
2933 5577 3023 5637 34.
3055 5577 3102 5614 ⁴³
3125 5593 3249 5649 cap.
3281 5595 3368 5649 ιιι,
3405 5594 3461 5635 v.
3493 5571 3790 5634 6."‘Marc.

404 5658 464 5710 x,
497 5641 586 5697 49.
620 5642 667 5676 ⁴⁵
707 5659 831 5713 cap.
864 5661 928 5711 ιι,
962 5662 1013 5700 v.
1049 5648 1102 5699 8.
1135 5645 1180 5683 ιδ
1211 5661 1333 5716 cap.
1366 5641 1453 5715 XL,
1514 5661 1567 5701 ν.
1622 5641 1712 5701 Μ’.
