4000 6220
184 400 339 464 1225
1623 401 2145 463 FRAGMENTA.
3438 421 3591 479 1220

182 555 331 608 Item
364 567 378 607 :
420 554 529 609 Via
588 553 835 621 Domini,
893 553 1183 623 praecepta
1210 551 1358 620 ejus.
1392 551 1456 605 In
1488 550 1634 606 Osee
1679 550 1726 584 ⁴⁴⁷
1763 567 1828 606 :«
1859 552 2144 617 Quoniam
2201 556 2372 609 recte
2414 555 2513 610 vite
2561 556 2812 622 Domini,
2845 562 2900 612 et
2925 559 3071 628 justi
3108 563 3497 622 ambulabuut
3529 567 3587 623 in

177 656 286 696 eis.
312 665 336 694 ι

255 733 490 803 Vestigia
513 733 753 796 Domini,
786 747 1028 804 operum
1054 735 1407 788 secretorum
1439 731 1629 802 signa.
1667 731 1735 786 Ut
1753 730 1811 784 in
1845 730 2074 802 psalmo
2105 733 2148 767 ⁴⁸
2183 749 2196 787 :
2236 737 2354 789 cEt
2379 733 2622 803 vestigia
2660 739 2762 790 tua
2791 753 2908 792 non
2937 747 3379 810 cognoscentur.
3418 765 3446 792 ››

183 819 443 889 Cogniiio
476 821 727 889 Domini,
759 822 914 892 quod
945 827 1361 893 cognoscentes
1392 819 1584 876 faciat.
1620 821 1703 875 Ad
1739 819 2035 876 Abraham
2077 820 2123 856 ‘9
2155 838 2167 876 :
2206 844 2234 872 ‹‹
2265 822 2432 878 Nunc
2461 824 2724 894 cognovi,
2759 826 2914 896 quod
2951 830 3160 885 timeas
3191 832 3527 900 Dominum,
3559 855 3585 883 ι)

180 908 297 966 hoc
319 915 409 966 est
428 925 779 982 cognoscere
799 916 854 966 te
887 911 1014 966 feci.

248 1001 472 1057 Nescire
503 1003 624 1070 Dei,
647 1002 953 1072 reprobate
974 1005 1081 1057 est.
1109 1003 1171 1056 In
1204 1000 1512 1074 Evangelio
1541 1001 1622 1057 “:
1656 1022 1686 1050 «
1717 999 1923 1056 Nescio
1949 1017 2073 1057 vos.
2098 1022 2126 1051 »

251 1090 567 1147 Recordatio
599 1091 840 1157 Domini,
874 1090 1274 1146 misericordia
1305 1091 1457 1160 ejus,
1489 1105 1590 1161 per
1623 1105 1798 1161 quam
1831 1089 2056 1161 respuit
2084 1094 2141 1145 et
2185 1091 2499 1148 miseretur
2527 1092 2620 1147 cui
2652 1093 2793 1148 vult.
2825 1096 2916 1150 Sic
2947 1095 3004 1150 in
3035 1100 3242 1153 Genesi
3284 1099 3326 1133 ⁸1
3371 1117 3383 1152 :
3420 1123 3447 1150 α
3484 1103 3587 1156 Re-

177 1182 457 1238 cordatus
487 1185 577 1236 est
607 1180 890 1236 Dominus
919 1179 1037 1235 Noe
1068 1199 1083 1249 ;
1119 1202 1148 1230 »
1188 1187 1244 1235 et
1265 1179 1402 1234 alibi
1439 1196 1452 1235 :
1488 1201 1517 1228 «
1549 1179 1906 1234 Recordatus
1935 1185 2021 1234 est
2055 1179 2335 1236 Dominus
2365 1181 2561 1253 populi
2595 1183 2687 1238 sui
2718 1181 2784 1234 ⁸³.
2814 1205 2840 1230 ››

241 1271 580 1326 Ρωηὶιεηεὶα
610 1270 848 1338 Domini,
881 1286 1078 1326 rerum
1111 1270 1380 1328 mutatio.
1413 1270 1576 1326 Sicut
1603 1269 1664 1324 in
1691 1269 1858 1326 Libro
1882 1270 2105 1342 Regum
2131 1271 2174 1312 ιθ
2211 1286 2225 1326 :
2251 1294 2280 1320 ‹‹
2316 1273 2560 1328 Pcenitet
2589 1287 2682 1328 me
2705 1273 2862 1344 quod
2885 1276 3294 1332 constituerim
3315 1279 3451 1334 Saul
3485 1296 3574 1335 re-

170 1376 333 1429 gem.
369 1380 397 1410 »

243 1450 341 1504 Ira
372 1452 429 1503 et
454 1451 616 1520 furor
647 1449 888 1516 Domini,
943 1450 1082 1505 ultio
1114 1448 1442 1504 Divinitatie
1472 1447 1532 1503 in
1587 1451 1922 1520 peccatores
1968 1449 2291 1504 secundum
2321 1450 2642 1505 vindictam
2679 1451 2975 1521 patientis,
3027 1459 3080 1508 et
3110 1471 3223 1511 non
3257 1458 3582 1512 secundum

174 1537 512 1609 aequitatem
539 1537 886 1608 judicantis.
920 1536 995 1592 Ut
1023 1538 1082 1592 in
1115 1535 1342 1610 psalmo
1367 1537 1413 1581 ιδ
1443 1554 1458 1592 :
1494 1559 1522 1587 «
1555 1538 1618 1592 In
1649 1537 1734 1591 ira
1755 1553 1861 1592 sua
1879 1540 1937 1592 et
1969 1536 2028 1591 in
2061 1536 2254 1592 furore
2283 1553 2390 1592 suo
2416 1539 2794 1594 conturbabit
2814 1556 2932 1595 eos.
2966 1562 2996 1591 »

243 1627 496 1682 Dormire
527 1628 779 1691 Domini,
799 1627 938 1682 dum
970 1627 1028 1682 in
1062 1628 1450 1697 quorumdam
1481 1627 1790 1682 hominum
1822 1625 2096 1682 cordibus
2120 1626 2265 1682 ﬁdes
2294 1626 2422 1697 ejus
2445 1627 2689 1683 minime
2709 1628 2928 1698 vigilat.
2967 1631 3025 1684 tn
3060 1632 3285 1701 psalmo
3316 1634 3381 1687 ⁵⁵.
3419 1656 3445 1683 ‹‹
3487 1638 3587 1688 Ex~

169 1732 374 1789 surge,
398 1733 575 1789 quare
606 1717 928 1781 obdormis,
961 1718 1206 1773 Domine
1235 1718 1262 1772 ?
1294 1738 1319 1768 ι

255 1807 481 1876 νὶρίιίκ
513 1805 752 1874 Domini,
788 1807 844 1860 in
880 1807 1196 1861 electorum
1231 1822 1473 1861 suorum
1506 1805 1773 1862 custodia
1803 1822 1905 1877 per
1927 1806 2297 1877 presentiam
2325 1806 2652 1864 Divinitatis
2670 1825 2901 1880 semper
2916 1813 3102 1866 adest.
3145 1813 3205 1866 In
3241 1813 3466 1882 psalmo
3501 1815 3544 1850 ³⁵

195 1918 217 1943 ι
258 1896 396 1951 Ecce
427 1912 544 1950 non
569 1895 906 1951 durmitabit
944 1911 1134 1966 neque
1164 1894 1507 1950 obdormiet.
1545 1917 1572 1945 ››

250 1985 448 2040 Sedere
478 1984 722 2053 Domini,
754 1999 1012 2055 regnare.
1043 1985 1104 2038 In
1142 1985 1364 2056 psalmo
1393 1982 1441 2018 ⁵⁷
1477 2002 1490 2040 :
1522 2007 1550 2034 «
1587 1984 1873 2040 Dominus
1895 1986 2059 2040 sedet
2090 2001 2265 2057 super
2289 1987 2487 2041 sedem
2520 1990 2781 2043 sanctam
2805 2005 2996 2044 suam.
3032 2011 3059 2038 ››

248 2073 566 2129 Scabelium
597 2074 837 2138 Domini,
891 2073 1063 2128 homo
1095 2077 1438 2146 assumptus
1465 2091 1496 2130 a
1543 2074 1739 2138 verbo,
1765 2073 1855 2128 vel
1887 2075 2074 2129 sancti
2105 2076 2258 2145 ejus,
2304 2092 2336 2130 a
2389 2076 2746 2146 quibusdam
2807 2082 3104 2150 putantur.
3138 2081 3202 2134 In
3234 2079 3461 2150 psalmo
3492 2077 3542 2112 ⁵⁸
3574 2095 3586 2132 :

175 2186 204 2212 ι(
244 2164 493 2219 Adorate
524 2162 843 2219 scabellum
880 2163 1092 2231 pedum
1124 2163 1276 2232 ejus,
1308 2162 1587 2233 quoniam
1617 2168 1883 2218 sanctum
1915 2167 2022 2218 est.
2046 2181 2078 2216 ι)

244 2253 557 2309 Ambulalio
587 2254 706 2320 Dei,
738 2252 1046 2308 delectatio
1083 2252 1409 2308 Divinitatis
1438 2251 1498 2306 in
1530 2251 1808 2323 operibus
1838 2251 2154 2308 electorum
2187 2268 2453 2309 suorum.
2490 2255 2553 2309 In
2585 2253 2865 2326 propheta
2895 2256 2940 2291 ⁵⁸
2975 2273 2988 2312 :
3023 2275 3053 2309 ς(
3086 2255 3486 2311 Etambulabo
3520 2256 3580 2310 in

167 2342 281 2410 eis,
313 2347 370 2397 et
397 2359 496 2399 ero
519 2342 753 2399 illorum
783 2341 1085 2397 Dominus.
1120 2363 1148 2391 ι»

245 2433 389 2488 Tuba
437 2432 557 2501 Dei,
587 2448 695 2488 vox
723 2432 1051 2488 manifesta.
1089 2433 1152 2487 In
1186 2430 1464 2503 Apostolo
1483 2430 1564 2488 ⁸ος
1601 2452 1629 2482 ‹‹
1663 2431 1727 2486 In
1751 2431 1952 2502 jussu,
1985 2434 2042 2486 et
2095 2430 2154 2486 in
2186 2447 2322 2487 voce
2350 2431 2708 2505 archangeli,
2759 2440 2812 2488 et
2849 2432 2907 2488 in
2939 2434 3082 2490 tuba
3116 2434 3212 2490 Dei
3264 2434 3578 2490 descendet

167 2523 242 2577 de
277 2522 438 2578 ccrlo.
473 2544 502 2572 »

244 2613 410 2667 Forte
449 2611 542 2667 hic
571 2616 659 2668 est
684 2611 810 2684 ipse
839 2611 938 2667 ille
968 2610 1262 2666 Melitonis
1311 2610 1564 2666 maxime
1589 2610 1824 2668 celebris

1993 2627 2014 2665 r
2045 2609 2172 2683 Περὶ
2204 2613 2338 2664 Θεοῦ
2368 2607 2706 2683 ἐνσωμάτου,
2741 2627 2914 2682 quam
2947 2616 3142 2667 tamen
3177 2613 3573 2683 conjecturam

167 2701 286 2757 alio
322 2701 540 2773 scripto
572 2700 803 2773 alioque
832 2705 1092 2773 tempore
1131 2699 1404 2756 diducam
1439 2700 1700 2767 uberius,
1753 2703 1928 2771 atque
1973 2715 2041 2754 ex
2073 2700 2199 2771 ipso
2240 2699 2414 2755 etiam
2446 2700 2572 2757 loco
2601 2701 2970 2769 Theodoreti,
3002 2702 3101 2773 qui
3148 2706 3473 2774 tantopere,
3511 2708 3574 2758 ut

162 2809 425 2866 vidimus
455 2826 650 2881 supra,
685 2809 987 2881 premebat
1023 2807 1314 2864 Melitonis
1344 2807 1768 2875 orthodoxiam,
1804 2806 1956 2861 idem
1981 2807 2324 2862 confirmare
2351 2805 2705 2864 allaborabo.

1577 2967 1857 2977 .0“

849 2969 1080 2977 m

1081 2967 1358 2978 ..ς-...ᾐσ-

1359 2968 1571 2977 -υ--ι-οι-

1418 3091 2300 3188 FRAGMENTUM.

1014 3319 1108 3380 Ex
1136 3317 1443 3400 Apologia
1474 3315 1786 3378 Melitonis
1817 3315 1898 3376 ad
1946 3315 2330 3375 Antoninum
2361 3315 2691 3377 Cesarem.

155 3505 412 3581 (Syrisce
433 3508 489 3560 et
507 3501 744 3575 Anglice
757 3495 1687 3581 uuperediditp'Curetoninlibro
1714 3493 2034 3581 cuilitulus
2057 3492 2468 3581 :‘Spieiieqium
2492 3493 2803 3581 Syriacum.
2838 3491 3108 3560 Londini,
3143 3492 3361 3564 i855,p.
3383 3495 3568 3550 41-56.

977 3576 1098 3626 Ηοο
1129 3569 1526 3638 fragmentum
1561 3567 1656 3620 hic
1688 3565 2040 3621 exhibemus
2087 3563 2380 3618 latinitate
2407 3563 2736 3634 donatum.)

157 3727 331 3784 Verba
387 3726 658 3783 Melitonis
710 3721 1023 3795 philosophi
1079 3736 1196 3791 qur
1225 3722 1371 3790 facta
1420 3724 1548 3772 sunt
1613 3731 1797 3769 coram
1827 3716 1880 3779 Α
1909 3723 2131 3784 quanto
2159 3711 2592 3781 majorinsania
2615 3711 3045 3769 multorum.Ea
3069 3731 3200 3769 vero
3218 3715 3571 3772 stultitiaest

224 3819 498 3873 Antonino
547 3815 778 3871 Caesare.
809 3811 892 3867 Et
943 3810 1213 3866 Caesarem
1264 3807 1533 3862 allocutus
1561 3813 1638 3860 est
1666 3807 1724 3858 ut
1752 3803 1807 3856 ei
1918 3818 2093 3872 quam
2120 3799 2247 3855 dico
2278 3804 2339 3853 ut
2370 3799 2544 3854 homo
2563 3817 2594 3854 a
2617 3800 2852 3856 veritate
2877 3803 3105 3856 recedat
3123 3803 3334 3858 etillud
3355 3805 3572 3875 ample-

227 3907 394 3961 Deum
415 3912 604 3960 notum
632 3903 872 3975 faceret,
905 3903 958 3954 et
988 3896 1328 3954 eiindicavit
1356 3896 1505 3950 viam
1532 3892 1801 3957 veritatis,
1917 3894 2112 3945 ctatur
2143 3889 2296 3958 quod
2333 3903 2461 3942 vere
2519 3905 2636 3942 non
2694 3894 2802 3944 est.
2839 3889 2899 3944 ld
2930 3895 3121 3944 autem
3157 3899 3242 3946 est
3274 3893 3429 3962 quod
3482 3899 3570 3948 est

228 3998 278 4050 et
309 3995 387 4049 sic
417 3994 628 4048 loculus
656 3995 757 4046 est.
1917 3995 2067 4046 vere,
2101 3983 2158 4033 et
2188 3978 2528 4032 nominatur
2560 3979 2733 4046 Deus,
2760 3983 2818 4034 et
2846 3979 3178 4036 est.0mnia
3209 3981 3425 4036 virtute
3441 3983 3569 4052 ejus

228 4082 423 4141 Melite
447 4080 594 4137 dixit
626 4084 640 4134 ε
695 4078 940 4135 Difﬁcile
971 4081 1060 4133 est
1089 4075 1150 4132 in
1182 4075 1330 4130 viam
1382 4072 1640 4129 veritatis
1669 4087 1802 4127 eum
1912 4067 2246 4133 exsistunt;
2278 4065 2404 4138 ipse
2427 4083 2727 4139 nunquam
2753 4067 3045 4124 lactusest
3061 4084 3164 4124 nec
3197 4069 3431 4125 initium
3463 4071 3569 4126 ha—

151 4173 434 4230 inducere
461 4171 560 4244 qui
614 4187 647 4225 a
675 4169 849 4241 longo
881 4172 1139 4238 tempore
1171 4166 1229 4221 in
1261 4180 1455 4220 errore
1492 4166 1761 4219 versatur
1789 4178 1802 4218 :
1912 4158 2168 4224 buit,sed
2202 4165 2288 4212 est
2320 4157 2391 4212 ab
2425 4162 2640 4212 aeterno
2670 4166 2724 4213 et
2751 4175 2938 4230 usque
2970 4159 3027 4214 in
3058 4159 3273 4215 saecula
3297 4160 3561 4228 ;immu-

153 4264 269 4319 hoc
297 4267 490 4317 tamen
547 4259 675 4316 ﬁeri
707 4264 888 4331 potest
924 4275 938 4314 :
993 4255 1291 4312 hominem
1341 4254 1496 4309 enim
1547 4268 1804 4308 errorem
1910 4246 2110 4303 tabilis
2140 4251 2340 4302 manet
2369 4247 2509 4301 dum
2533 4253 2746 4303 cuncta
2777 4252 3107 4304 mutantur:
3150 4265 3253 4305 nec
3286 4249 3566 4306 oculisvi-

153 4349 469 4423 paululum
526 4350 940 4420 agnoscentem
991 4344 1266 4400 continuo
1307 4342 1464 4398 subit
1523 4339 1806 4396 memoria
1910 4335 2055 4400 deri,
2091 4351 2197 4392 nec
2227 4335 2582 4406 cogitatione
2613 4335 3051 4406 comprehendi,
3101 4353 3204 4392 nec
3260 4339 3432 4393 verbo
3463 4355 3560 4394 ex-

151 4436 954 4502 veritatis.Quemadmodum
985 4433 1270 4502 dissipata
1301 4429 1550 4501 caligine
1583 4444 1806 4484 serena-
1911 4423 2084 4494 primi
2119 4428 2329 4495 potest.
2364 4423 2450 4478 Ab
2475 4425 2547 4479 iis
2578 4425 2674 4495 qui
2719 4432 3083 4496 cognoscunt
3111 4434 3165 4480 et
3197 4434 3394 4480 amant
3426 4443 3561 4482 eum

153 4533 256 4583 tur
285 4527 518 4592 caelum,
572 4529 651 4581 ita
698 4524 894 4591 homo,
947 4538 1075 4578 cum
1119 4520 1475 4576 convertitur
1501 4519 1572 4572 ad
1604 4523 1802 4586 Deum,
1909 4517 2152 4568 vocatur
2203 4517 2363 4567 Pater
2406 4517 2464 4567 et
2497 4514 2643 4568 Deus
2677 4530 2865 4569 verus.
2906 4515 2965 4570 Si
2996 4516 3130 4587 quis
3190 4531 3326 4584 ergo
3371 4532 3404 4568 a
3434 4514 3562 4572 luce

149 4618 402 4674 solvitur
432 4635 464 4672 a
494 4617 640 4671 facie
673 4616 804 4686 ejus
839 4614 1055 4670 nebula
1083 4611 1296 4667 erroris
1319 4610 1428 4666 sub
1452 4626 1568 4680 qua
1589 4607 1806 4664 latebat
1913 4602 2189 4658 recedens
2221 4602 2376 4657 dicat
2405 4618 2532 4658 esse
2567 4603 2764 4668 Deum,
2809 4602 3017 4671 alium,
3051 4608 3438 4673 quodcunque
3470 4603 3560 4658 in-

146 4726 373 4766 verum.
407 4708 610 4764 Morbo
649 4706 807 4762 enim
840 4705 929 4760 vel
962 4702 1229 4760 amentiae
1261 4701 1473 4758 similis
1503 4705 1592 4757 est
1622 4716 1802 4764 error,
1909 4691 2154 4762 telligat,
2187 4691 2579 4746 substantiam
2613 4700 2863 4748 creatam
2904 4696 3070 4747 vocat
3097 4696 3300 4748 Deum.
3337 4693 3394 4747 Si
3424 4695 3559 4766 quis

145 4815 375 4872 aegrum
406 4798 491 4854 vel
526 4801 827 4853 amentem
872 4795 941 4850 ad
975 4799 1211 4864 tempus
1243 4790 1546 4856 detinenti,
1587 4791 1805 4844 veritas
1910 4781 2066 4872 enim
2092 4779 2281 4872 ί-Βηεῗῖη
2313 4783 2416 4834 aut
2445 4796 2658 4850 aquam
2691 4787 2856 4836 vocat
2883 4783 3083 4872 Deum.
3118 4798 3230 4836 ηοη
3265 4787 3356 4837 est
3382 4783 3557 4852 D9118,

144 4866 348 4944 autem
403 4887 646 4942 verbum
681 4885 918 4941 adhibet
977 4883 1129 4938 sicut
1177 4880 1387 4936 clavim
1436 4879 1533 4952 [ad
1585 4895 1803 4934 sanan-
1911 4868 2048 4940 quia
2097 4866 2255 4939 ignis
2284 4872 2376 4923 εει
2405 4872 2506 4922 ειη
2535 4885 2687 4939 aqua
2722 4894 2735 4935 ;
2777 4873 2833 4924 εἴ
2864 4869 2910 4923 εί
2941 4874 3157 4924 terram
3187 4874 3285 4924 ειυῖ
3316 4872 3553 4939 calum.

141 4979 291 5033 dum
317 4975 834 5048 eos].Dormientes
885 4970 1292 5044 expergefacit,
1331 4973 1388 5024 et
1419 4967 1805 5040 expergefacti
1913 4957 2094 5048 solea}
2129 4960 2230 5011 aut
2253 4957 2450 5048 lunam
2486 4961 2585 5011 aut
2616 4957 2940 5048 quamlibet
2969 4974 3038 5012 ex
3067 4957 3159 5013 his
3190 4957 3400 5048 stellis.
3430 4975 3553 5028 quae

145 5069 207 5121 in
242 5067 373 5137 ipsa
392 5044 613 5130 vident,
647 5062 1002 5135 intelligunt,
1035 5065 1092 5116 et
1119 5060 1446 5124 audiunt,et
1469 5058 1806 5112 discernunt
1833 5088 1882 5153 Β
1914 5046 2040 5102 sine
2074 5044 2517 5153 intermissione
2544 5045 2948 5153 praescriptum
2979 5063 3220 5153 cursum
3243 5047 3556 5147 absolvunt

142 5156 205 5210 id
242 5135 394 5226 quod
422 5159 512 5211 est
561 5154 631 5209 ab
665 5169 731 5210 eo
762 5152 917 5224 quod
957 5167 1069 5205 non
1103 5152 1211 5204 est.
1247 5148 1491 5213 Quidam
1523 5145 1678 5202 enim
1711 5144 1799 5199 in-
1833 5135 1882 5153 υ
1910 5150 2018 5191 Πθο
2048 5135 2284 5207 Propria
2321 5135 2619 5226 γοιυιιιαιε
2645 5140 2948 5190 τηυνθηίυτ
2979 5135 3150 5226 ςθιίεί
3181 5135 3314 5207 (Illis
3345 5153 3552 5191 aurum

137 5224 747 5315 justitiamjustitiam
770 5244 1051 5296 vocantet
1073 5237 1470 5309 justitiajura
1499 5234 1800 5291 salvaesse
1909 5227 1966 5280 et
1987 5229 2293 5296 argentum
2325 5224 2465 5280 deos
2489 5229 2676 5294 vocat,
2708 5241 2824 5280 non
2849 5228 2986 5280 sunt
3031 5225 3133 5290 dii.
3186 5226 3553 5296 quandoqui-

136 5337 360 5406 putant
381 5333 429 5387 si
449 5349 581 5387 cum
608 5331 807 5387 multis
829 5331 1044 5386 errent.
1079 5328 1231 5391 Quos
1257 5326 1339 5380 sic
1372 5328 1680 5381 excusatos
1705 5323 1799 5378 ba-
1910 5322 2041 5377 dem
2056 5322 2139 5376 eis
2158 5321 2376 5376 utimur
2399 5321 2717 5377 adlibitum
2741 5326 3006 5377 nostrum
3029 5322 3176 5390 ;etsi
3203 5322 3428 5394 lignum
3446 5322 3554 5378 hoc

135 5422 281 5478 bere
303 5438 420 5478 non
440 5419 773 5494 possum.Si
795 5419 951 5476 enim
980 5416 1157 5473 unius
1183 5431 1398 5487 magna
1419 5417 1508 5469 est
1528 5411 1797 5481 stultitia,
1909 5410 2066 5482 quod
2098 5410 2480 5478 comburitur,
2531 5410 2581 5466 si
2621 5410 2844 5482 lapides
2878 5411 2972 5466 isti
3028 5411 3128 5482 qui
3180 5411 3549 5484 franguntur.

209 5587 260 5623 ‘7
291 5605 340 5643 c.
366 5605 482 5654 xw,
511 5605 567 5644 v.
605 5589 690 5644 10.
769 5585 818 5621 ⁴⁸
848 5585 1002 5642 Psal.
1057 5600 1254 5640 Lxxvn.
1288 5599 1328 5643 ι,
1352 5581 1398 5616 ⁶⁹
1419 5581 1560 5654 Gen.
1609 5595 1750 5654 xxii,
1785 5594 1789 5630 ἡ

1968 5575 1996 5654 ξ⁰
2046 5576 2334 5654 huclxui,
2395 5579 2466 5633 25
2551 5578 2598 5654 ξι
2662 5595 2726 5654 (ξε
2759 5595 2965 5654 XIII,“
3031 5579 3084 5634 l.
3151 5577 3438 5654 §’Es_t_her
3490 5597 3548 5654 ξ,

127 5662 222 5715 12.
307 5660 353 5695 ⁵³
391 5661 412 5715 Ι
446 5646 585 5728 Reg.
647 5676 738 5728 xv,
793 5659 877 5712 11.
956 5654 1183 5728 “,Psal
1217 5657 1272 5720 2,
1297 5655 1352 5728 5.
1428 5651 1477 5685 ⁵⁵
1507 5651 1671 5728 Psal;

1968 5652 1998 5707 ι.
2073 5646 2120 5683 ⁵⁸
2168 5649 2320 5703 Psal.
2381 5651 2592 5720 cxx,li.
2683 5650 3087 5718 "_Pszil.xt.v:,
3139 5653 3190 5706 9.
3293 5649 3340 5684 ⁵⁸
3401 5646 3548 5706 Peal.

123 5749 242 5801 (ιιι,
282 5731 332 5786 1.
415 5732 460 5767 ⁵⁸
490 5722 694 5787 Ε’ὶθοξι.
725 5722 943 5795 xxxvn,
972 5727 1062 5781 27.
1141 5725 1188 5761 ⁸ο
1219 5725 1467 5782 lThess.
1502 5741 1574 5794 ιν,
1607 5722 1695 5778 45.

423 5849 692 5910 PA’I‘ROL.
739 5850 848 5909 GR.
898 5846 975 5905 V.

3189 5840 3269 5898 39
