4000 6220
523 382 676 444 1227

1569 367 1632 427 S.
1681 365 1972 427 MELITO
2017 361 2376 423 SABDIUM
2423 362 2865 426 EPISCOPUS.

3677 385 3788 445 ωδ

522 513 812 587 quomodo
843 511 964 564 haec
987 506 1065 562 dii
1097 501 1300 558 haberi
1321 497 2064 573 possent,quandoquidem
2089 495 2163 587 ad
2194 528 2245 587 Α
2277 496 2731 587 quiaaediiicavit
2759 515 2948 556 arcem
2965 500 3405 571 Athenarum,et
3434 505 3550 562 fecit
3566 508 3628 563 ibi
3653 529 3784 585 regem

523 584 668 659 usus
699 604 929 656 nostros
961 594 1330 651 adhibentur.
1355 593 1538 656 Quam
1567 590 1821 662 graviter
1867 603 1999 657 ergo
2027 584 2159 640 cul-

520 691 696 762 pandi
728 691 869 743 sunt
899 685 982 740 illi
1014 683 1110 754 qui
1169 681 1263 738 Dei
1298 680 1492 751 magni
1524 681 1649 736 loco
1670 695 1771 734 sas
1801 694 1894 734 res
1943 683 2165 747 ponunt

519 795 666 848 quas
699 775 915 831 creavit
945 773 958 829 ι
993 774 1110 844 Ego
1145 788 1274 826 vero
1309 771 1437 826 dico
1474 785 1486 824 :
1521 768 1758 835 Quando
1791 764 2015 821 homini
2049 778 2164 817 non

521 872 606 923 est
631 867 970 928 revelatum,
999 878 1104 916 nec
1137 861 1262 932 ipse
1295 857 1679 929 deprehendit
1712 853 2166 910 creaturasislas

521 955 765 1009 Domino
797 953 1320 1022 subjacere,forsan
1353 948 1527 1018 culpa
1558 951 1733 1012 caret,
1757 943 1978 1000 nemini
2011 941 2166 998 enim

522 1043 951 1114 vituperandus
975 1056 1158 1096 caecus
1199 1038 1352 1109 quod
1385 1037 1649 1093 titubans
1702 1033 1956 1102 incedit;
1983 1031 2169 1087 itaho-

523 1136 711 1189 mines
740 1150 868 1187 cum
897 1133 1222 1201 quaererent
1247 1128 1430 1183 Deum
1451 1125 1817 1181 oiisnderunt
1848 1124 1908 1178 in
1940 1121 2168 1192 lapides

522 1229 578 1279 et
608 1224 834 1295 lignum
866 1238 880 1288 ;
945 1224 1003 1276 et
1031 1218 1132 1289 qui
1164 1217 1318 1272 inter
1348 1233 1445 1272 eos
1478 1216 1694 1270 divitiis
1722 1211 2040 1284 pollebant,
2084 1210 2170 1264 of-

526 1310 910 1368 fenderuntin
931 1323 1137 1364 aurum
1171 1315 1224 1362 et
1255 1310 1563 1377 argentum
1599 1308 1695 1372 ;et
1727 1302 1810 1358 sic
1842 1300 1996 1372 quod
2013 1316 2168 1369 quaa-

521 1404 728 1459 rebant
761 1418 872 1455 non
917 1399 1282 1453 invenerunt.
1318 1397 1483 1452 Nunc
1513 1411 1643 1450 vero
1675 1410 1800 1450 cum
1831 1408 1936 1446 vox
1965 1391 2024 1445 in
2048 1389 2174 1446 uni-

524 1508 690 1546 versa
722 1494 874 1544 terra
907 1485 1332 1542 circumsonuit
1361 1500 1489 1540 esse
1521 1489 1700 1540 Deum
1731 1497 1948 1549 verum,
1990 1483 2048 1534 et
2068 1478 2172 1534 da-

524 1587 619 1637 tus
651 1585 738 1635 est
768 1579 926 1634 omni
961 1576 1181 1632 homini
1216 1575 1419 1631 oculus
1451 1578 1514 1628 ut
1552 1573 1792 1641 videret,
1823 1570 1863 1626 ii
1896 1586 2012 1626 non
2043 1584 2173 1624 am-

527 1667 682 1738 plius
715 1670 854 1720 sunt
901 1663 1215 1719 excusandi
1268 1662 1388 1731 qui,
1424 1660 1574 1730 quod
1611 1658 1780 1712 multi
1833 1673 1966 1711 cum
2027 1656 2171 1727 ipsis

524 1759 741 1824 errant,
775 1753 924 1807 viam
974 1759 1188 1806 rectam
1222 1749 1470 1820 ingredi,
1501 1747 1609 1802 etsi
1657 1746 1934 1811 volentes,
1967 1744 2173 1800 erube-

527 1849 718 1898 scunt.
755 1843 1115 1910 Quapropter
1163 1839 1476 1894 consilium
1539 1837 1748 1891 damus
1803 1834 1885 1888 eis
1920 1838 1985 1887 ut
2033 1849 2166 1903 ape-

526 1935 680 1989 riant
705 1933 902 1987 oculos
935 1947 1072 1986 suos
1103 1935 1161 1985 et
1190 1930 1462 1997 videant;
1497 1943 1632 1984 ecce
1687 1926 1838 1983 enim
1872 1925 1999 1982 luce
2042 1941 2169 1996 quas

526 2041 641 2079 non
677 2022 824 2078 fallit
873 2019 1193 2075 illuminati
1225 2035 1432 2073 sumus
1460 2022 1524 2072 ut
1557 2032 1659 2088 per
1687 2031 1813 2072 eam
1844 2013 2168 2070 videamus.

525 2114 586 2168 Si
613 2129 744 2167 vero
794 2115 924 2182 post
971 2113 1153 2165 ortam
1202 2109 1392 2162 lucem
1451 2106 1673 2161 claudit
1731 2105 1905 2160 homo
1971 2103 2169 2158 oculos

527 2218 665 2257 suos
697 2217 769 2256 ne
823 2200 1035 2266 videat,
1087 2199 1158 2252 ad
1189 2197 1406 2252 fossam
1441 2195 1624 2268 pergit
1655 2194 1923 2267 quamvis
1955 2200 2168 2249 rectam

526 2290 679 2342 viam
730 2304 1002 2357 sequens.
1037 2286 1223 2348 Quare
1263 2285 1419 2339 enim
1454 2285 1628 2338 homo
1660 2283 1714 2336 in
1745 2284 1830 2338 eis
1879 2281 2171 2337 erubescit

529 2378 629 2448 qui
659 2381 856 2432 errant
886 2393 1018 2430 cum
1065 2393 1128 2429 eo
1156 2375 1182 2428 Ῥ
1213 2374 1414 2429 Potius
1468 2391 1569 2428 eos
1599 2373 1833 2427 inducat
1870 2379 1930 2426 ut
1975 2371 2172 2441 ipsum

528 2471 873 2536 sequantur,
905 2469 961 2519 et
988 2463 1034 2519 si
1082 2480 1198 2518 non
1233 2462 1626 2532 acquiescant,
1671 2461 1880 2516 liberet
1909 2459 2168 2514 animam

527 2572 691 2611 suam
723 2571 752 2609 e
780 2555 970 2609 medio
1003 2569 1225 2608 eorum.
1250 2551 1486 2606 Terreni
1511 2549 1778 2605 homines
1802 2550 1937 2603 deos
1957 2565 1988 2602 e
2016 2553 2172 2603 terra

528 2652 710 2701 matre
742 2662 850 2701 sua
883 2645 1249 2700 constituunt
1279 2642 1429 2710 sibi;
1477 2643 1558 2696 rei
1591 2646 1731 2696 sunt
1771 2637 1997 2711 judicio
2029 2640 2167 2693 dum

529 2734 898 2790 immutabile
930 2749 1141 2788 nomen
1174 2732 1350 2786 rebus
1402 2729 1784 2785 mutabilibus
1835 2729 2168 2800 imponunt,

529 2826 586 2877 et
611 2840 729 2878 non
761 2824 1112 2878 erubescunt
1156 2824 1220 2874 ut
1263 2820 1402 2874 deos
1435 2819 1711 2890 figmenta
1762 2816 1948 2872 colere
1994 2833 2172 2870 manu

532 2911 784 2966 hominis
817 2911 1050 2976 facta,et
1080 2909 1296 2962 audent
1347 2908 1665 2978 imaginem
1725 2905 2029 2961 efformare
2059 2909 2171 2960 Dee

531 3017 704 3070 quem
725 3016 837 3054 non
863 2999 1154 3053 viderunt.

602 3088 717 3158 Ego
735 3104 868 3142 vero
901 3103 1104 3141 rursus
1127 3087 1315 3140 dicere
1336 3101 1450 3140 non
1473 3101 1672 3141 vereor
1693 3085 1847 3155 quod
1873 3085 2001 3155 jam
2033 3084 2174 3152 dixi,

2275 586 2668 658 Archetypum
2711 588 2898 643 filium
2931 606 3129 658 suum,
3157 607 3326 662 quem
3349 593 3594 652 habuerat
3611 615 3663 654 ex
3683 606 3789 661 adul-

2275 672 2418 730 terio
2441 692 2573 730 cum
2607 676 2914 749 Hephaesto
2977 678 3156 747 fabro,
3199 679 3316 735 tilio
3346 683 3520 740 uxoris
3553 689 3693 756 patris
3715 696 3786 747 sui.

2277 762 2342 818 Et
2362 765 2519 820 omni
2540 769 2797 837 tempore
2827 767 3164 826 societatem
3212 770 3580 829 habebatcum
3603 776 3788 848 Hercule,

2276 853 2414 922 quia
2445 855 2622 910 frater
2672 857 2800 924 ejus
2832 863 2956 912 erat
2999 874 3065 911 ex
3094 863 3253 928 patre
3294 876 3413 914 suo.
3442 862 3566 918 Zeus
3591 866 3705 920 enim
3730 885 3790 924 rex

2278 943 2495 996 amavit
2523 944 2902 1001 Alcumenam
2959 963 3194 1002 uxorem
3246 948 3554 1006 Alcumenis
3601 970 3653 1008 ex
3678 958 3797 1026 Argo,

2278 1034 2336 1086 et
2363 1033 2562 1100 genuit
2590 1036 2922 1090 Herculem.
2955 1037 3357 1094 Adoraverunt
3387 1038 3639 1096 Phoenices
3673 1044 3800 1100 Vene-

2280 1123 2690 1192 rem,reginam
2753 1125 2942 1193 Cypri,
2977 1123 3114 1194 quia
3143 1127 3357 1182 amavit
3382 1128 3654 1184 Adonidem
3672 1131 3798 1187 tilium

2279 1209 2538 1280 Cytheri,
2566 1211 2719 1282 regis
2752 1212 3086 1268 Phoenicum
3123 1231 3137 1281 ;
3165 1230 3316 1284 quae,
3349 1215 3532 1271 relicto
3559 1234 3698 1290 regno
3720 1239 3802 1284 suo,

2279 1297 2564 1355 habitavit
2619 1300 2898 1356 Gabalam
2961 1319 3155 1358 arcem
3209 1303 3548 1371 Phoenicum,
3596 1315 3642 1362 et
3686 1310 3802 1364 simul

2281 1387 2532 1458 subjecit
2587 1390 2784 1446 omnia
2834 1392 3050 1462 oppida
3117 1409 3224 1447 sua
3280 1393 3512 1464 Cythera
3561 1399 3672 1466 regi.
3709 1403 3804 1455 Ante

2283 1476 2605 1538 Adonidcm
2663 1495 2794 1536 vero
2829 1480 3043 1536 amavit
3072 1484 3268 1548 Arem,
3294 1487 3350 1536 et
3375 1483 3700 1553 deprehendit
3721 1503 3802 1543 eam

2282 1565 2628 1638 Hephmstus
2663 1570 2910 1626 maritus
2940 1570 3091 1640 ejus,
3149 1575 3204 1626 et
3235 1573 3442 1630 occidit
3487 1574 3744 1630 Adenidem
3771 1580 3804 1632 in

2285 1661 2480 1712 monte
2539 1658 2778 1727 Libano,
2825 1661 3095 1731 Cyniram
3155 1677 3288 1716 vero
3347 1663 3504 1717 vertit
3560 1663 3610 1718 in
3655 1681 3808 1736 aprum.

2283 1751 2492 1803 Postea
2523 1749 2741 1803 mansit
2769 1748 2964 1804 Venus
3021 1749 3081 1803 in
3113 1750 3332 1805 Gabala
3379 1757 3433 1805 et
3480 1756 3674 1808 mortua
3695 1757 3807 1810 estin

2285 1832 2520 1888 civitate
2543 1835 2801 1906 Aphaca,
2822 1837 2917 1891 ubi
2953 1839 3222 1908 sepultus
3253 1845 3345 1894 est
3370 1839 3587 1894 Adonis.
3617 1841 3812 1896 Adet-ave-

2285 1927 2422 1978 runt
2463 1924 2719 1980 Elamitae
2769 1926 2908 1994 Noe,
2966 1928 3148 1982 filiam
3181 1929 3337 1999 regis
3367 1928 3522 1984 Elam
3549 1948 3561 1996 ;
3588 1948 3690 2000 qua:
3729 1949 3810 1986 cum

2281 2015 2510 2085 captiva
2559 2015 2630 2071 ab
2667 2015 2937 2072 hostibus
2968 2017 3146 2072 ducta
3177 2019 3491 2083 esset,fecit
3518 2019 3561 2074 ei
3589 2027 3714 2090 pater
3735 2021 3812 2074 ido-

2282 2102 2405 2158 lum
2461 2108 2518 2158 et
2538 2103 2821 2174 templum
2859 2105 3046 2170 Susis,
3078 2106 3135 2160 in
3163 2123 3294 2162 arce
3322 2124 3449 2178 quas
3475 2114 3555 2164 est
3582 2109 3630 2163 in
3658 2109 3815 2180 regione

2280 2191 2874 2250 Elam.Adoraverunt
2897 2195 3024 2265 Syri
3051 2195 3143 2249 Ati
3175 2196 3691 2270 Adiabensem,que
3713 2201 3818 2253 misit

2281 2281 2460 2336 ﬁliam
2514 2282 2678 2337 Balat
2720 2283 3032 2353 medicam,
3064 2289 3120 2339 et
3151 2284 3269 2340 haec
3300 2288 3524 2342 sanavit
3549 2289 3676 2344 Sime
3697 2288 3814 2342 ﬁliam

2279 2369 2502 2428 Hadadi
2534 2371 2686 2442 regis
2715 2372 2888 2446 Syria)
2921 2392 2935 2441 ;
2969 2377 3026 2428 et
3059 2379 3189 2445 post
3212 2375 3494 2446 temporis
3521 2377 3814 2440 intervallum,

2280 2475 2409 2514 cum
2441 2459 2601 2530 lepra
2619 2466 2919 2532 correptus
2969 2462 3176 2518 fuisset
3209 2464 3637 2535 Hadad,rogavit
3665 2467 3730 2520 Αὶὶ
3751 2466 3819 2519 Eli-

2280 2565 2448 2604 seum
2470 2548 2773 2606 Hebraeum
2795 2554 2888 2619 qui
2911 2552 3066 2607 venit
3097 2557 3154 2608 et
3186 2554 3422 2610 sanavit
3442 2570 3586 2610 eum.
3622 2556 3816 2609 Aderam-

2281 2643 2418 2692 runt
2443 2639 2613 2694 etiam
2638 2644 2841 2710 gentes
2873 2642 3300 2712 Mesopotamiae
3334 2644 3580 2699 Cuteban
3610 2644 3820 2699 Hebrum

2281 2741 2410 2795 quas
2430 2724 2700 2781 liberavit
2720 2731 2901 2782 Bacru
2929 2743 3122 2800 regem
3145 2730 3382 2786 Edessaa
3407 2732 3476 2785 de
3497 2731 3711 2786 inimicis
3729 2732 3822 2786 suis.

2282 2813 2363 2868 De
2397 2813 2556 2870 Ncbo
2588 2832 2721 2871 vero
2743 2818 2842 2887 qui
2867 2823 2958 2872 est
2977 2817 3036 2872 in
3061 2817 3293 2874 civitate
3325 2821 3674 2892 Mabug,quid
3701 2822 3820 2876 dicam

2281 2904 2468 2970 vobis,
2502 2905 2981 2976 quandoquidem
3013 2923 3218 2963 omnes
3250 2911 3580 2965 sacerdotes
3603 2911 3826 2978 Mabugen-

2284 3009 2374 3047 ses
2410 2997 2626 3047 norunt
2683 3011 2815 3049 eum
2867 3011 2995 3051 esse
3061 2996 3288 3052 idolum
3320 2999 3530 3070 Orphei
3571 2998 3697 3069 magi
3718 2999 3827 3051 Thra-

2283 3083 2368 3140 eis
2392 3103 2407 3150 ;
2443 3087 2499 3138 et
2518 3083 2748 3142 Hedron
2781 3085 3001 3141 idolum
3029 3093 3117 3143 est
3137 3088 3464 3145 Zoroastris
3496 3091 3633 3161 magi
3661 3086 3825 3149 Persici;

531 3178 601 3232 ab
645 3177 729 3230 eis
782 3175 1068 3246 imagines
1119 3190 1322 3246 regum
1384 3179 1749 3229 mortuorum
1805 3173 2056 3230 adorari.
2104 3179 2177 3228 Et
2229 3248 2252 3251 _
2283 3173 2383 3242 qui
2418 3173 2529 3227 duo
2583 3175 2737 3246 magi
2794 3176 3067 3246 spiritum
3116 3177 3424 3249 impurum
3456 3176 3827 3251 expuleruntqni

529 3267 722 3337 reipsa
779 3269 980 3318 nostro
1022 3263 1211 3318 adhuc
1254 3267 1515 3333 tempore
1546 3262 1832 3333 imagines
1877 3265 2171 3320 Cassarum
2213 3248 2256 3310 C
2290 3260 2588 3332 planitiem
2621 3265 3038 3336 Mabugeneem
3080 3248 3420 3334 infestabat,
3452 3276 3508 3324 et
3528 3248 3825 3336 eorumjussu

529 3358 931 3423 adorantur,et
953 3357 1139 3427 magis
1156 3355 1426 3410 coluntur
1440 3371 1613 3425 quam
1634 3359 1857 3410 veteres
1879 3354 1957 3408 dii
1976 3354 2170 3424 patrii.

527 3447 772 3502 Tributa
803 3447 978 3502 etiam
1005 3451 1060 3500 et
1104 3462 1313 3500 census
1342 3443 1549 3500 Caesari
1580 3443 1911 3510 solvuntur,
1957 3442 2173 3514 quippe

530 3536 628 3608 qui
664 3538 852 3605 major
882 3541 970 3588 est
1001 3534 1112 3589 diis
1133 3532 1291 3600 illis;
1325 3533 1540 3588 idcirco
1574 3531 1791 3604 pariter
1816 3537 2002 3587 morte
2048 3531 2171 3602 ple-

529 3630 772 3680 ctuntur
801 3624 895 3696 qui
931 3626 1215 3694 spernunt
1244 3623 1382 3677 deos
1406 3627 1462 3676 et
1502 3621 1750 3677 decretis
1781 3621 2026 3677 Caesaris
2058 3638 2172 3675 non

531 3713 998 3769 obediunt.Alias
1016 3713 1193 3768 etiam
1219 3713 1424 3767 eodem
1447 3712 1679 3767 decreto
1703 3716 1992 3767 statutum
2019 3714 2175 3766 estet

530 3819 699 3874 quem
726 3819 966 3857 censum
1013 3800 1422 3872 gazOphylacio
1454 3801 1608 3871 regis
1639 3802 1896 3870 pendant
1917 3800 2177 3854 adorato-

530 3909 644 3958 res,
674 3892 900 3963 etquid
935 3891 1197 3945 redditus
1245 3890 1490 3944 afferant
1537 3889 1685 3942 sacci
1720 3887 1874 3959 pleni
1911 3905 2062 3960 aqua
2107 3905 2174 3943 ex

532 3981 704 4036 mari.
733 3986 851 4036 Hoc
901 3985 1097 4034 autem
1125 3979 1374 4034 maxime
1407 3976 1723 4033 dolendum
1766 3978 1921 4048 quod
1954 3977 2039 4031 illi
2073 3977 2175 4048 qui

536 4069 738 4124 colunt
766 4075 822 4124 et
849 4078 1121 4123 verentur
1160 4085 1223 4122 ea
1252 4083 1380 4138 quae
1411 4067 1684 4122 sensibus
1717 4083 1828 4120 non
1861 4067 2178 4139 capiuntur

529 4159 610 4225 (et
640 4158 700 4212 hi
732 4158 973 4213 maximi
1003 4158 1156 4211 inter
1185 4157 1480 4226 sapientes
1517 4157 1697 4226 sunt),
1730 4157 1850 4211 sive
1883 4157 2177 4225 lucri,sive

529 4264 688 4302 vanis
722 4245 941 4317 gloria»,
984 4247 1104 4301 sive
1134 4246 1405 4317 potentiae
1437 4261 1651 4313 amore,
1686 4246 1756 4301 ab
1789 4246 1994 4301 iisdem
2045 4249 2178 4303 ado-

531 4335 732 4392 randis
765 4335 1171 4407 pusillanimes
1196 4334 1594 4390 dehortantur.
1632 4335 1744 4404 Ego
1782 4351 1911 4390 vero
1945 4341 2008 4390 ut
2051 4353 2176 4392 sen-

533 4427 613 4482 tio
635 4426 825 4480 dicam
858 4431 915 4479 et
937 4423 1249 4495 pr0palabo
1282 4423 1574 4494 quomodo
1597 4432 1652 4477 et
1692 4423 1910 4493 quibus
1944 4425 2015 4480 de
2039 4441 2173 4480 cau-

536 4517 618 4571 sis
650 4520 851 4570 erectm
885 4515 1000 4569 sint
1028 4513 1316 4584 imagines
1376 4512 1611 4583 regibus
1636 4528 1702 4567 ac
1733 4513 1998 4584 tyrannis
2029 4519 2084 4568 et
2115 4519 2178 4570 ut

2287 3352 2445 3407 Bima
2466 3353 2584 3407 filia
2607 3354 2826 3409 Hadadi
2861 3372 3014 3426 aqua
3044 3373 3072 3410 e
3127 3358 3272 3412 mari
3308 3359 3521 3414 hausta
3557 3359 3683 3413 hanc
3708 3356 3830 3429 plani-

2290 3443 2425 3498 tierr.
2475 3442 2740 3514 implevit
2786 3461 2856 3500 ne
2887 3446 3164 3518 deinceps
3194 3455 3527 3520 exsurgeret
3561 3448 3756 3520 spiritus
3774 3445 3830 3497 ille

2291 3546 2542 3602 nequam
2564 3533 2633 3587 ad
2659 3533 2869 3589 iterum
2903 3534 3298 3591 infestandam
3329 3537 3713 3608 regionem.Sic
3736 3532 3829 3603 apud

2287 3619 2479 3674 varias
2510 3624 2712 3690 gentes
2755 3620 2991 3692 regibus
3033 3623 3104 3677 ab
3137 3624 3550 3679 adoratoribus
3579 3639 3741 3678 eorum
3763 3626 3831 3674 sla.

2291 3716 2399 3763 tuae
2423 3708 2625 3779 positae
2649 3715 2786 3765 sunt
2819 3727 2834 3779 ;
2863 3710 2962 3766 sed
3014 3711 3084 3764 de
3134 3710 3225 3766 his
3260 3713 3518 3783 amplius
3564 3712 3761 3768 scribere
3782 3724 3833 3760 su-

2292 3800 2692 3870 persedemus.

2359 3888 2441 3943 Tu
2476 3905 2608 3944 vero
2640 3890 2739 3960 qui
2776 3894 2965 3945 mente
2999 3889 3181 3946 libera
3215 3891 3569 3963 gloriaris,si
3593 3887 3832 3960 vericogni-

2289 3982 2380 4034 tor
2408 3977 2497 4032 vis
2533 3978 2751 4046 haberi,
2800 3981 2969 4036 stude
3003 3987 3069 4034 ut
3097 3979 3233 4036 talis
3267 3982 3352 4037 sis
3381 3983 3538 4038 intus
3571 3999 3582 4037 :
3613 3981 3704 4036 etsi
3728 3995 3834 4034 orna-

2290 4072 2413 4123 tum
2440 4067 2787 4123 muliebrem
2813 4069 3350 4135 indueris,memini
3375 4078 3432 4126 te
3447 4086 3567 4127 esse
3596 4069 3834 4128 hominem;

2289 4159 2459 4214 crede
2489 4158 2546 4212 in
2571 4175 2705 4213 eum
2740 4159 2839 4230 qui
2869 4176 3000 4214 vere
3033 4161 3185 4216 Deus
3206 4167 3377 4217 estet
3403 4163 3477 4218 ad
3509 4178 3630 4217 eum
3659 4157 3833 4230 expende.

2287 4252 2344 4303 et
2401 4251 2750 4303 commenda
2798 4248 3055 4304 animam
3118 4258 3272 4304 tuam
3299 4268 3313 4318 ;
3340 4256 3399 4306 et
3455 4251 3576 4322 ipse
3601 4253 3749 4321 potest
3776 4244 3834 4296 liti

2289 4337 2426 4392 dare
2447 4337 2624 4392 vitam
2657 4342 2931 4393 aiternam
2979 4355 3104 4409 quae
3138 4355 3250 4394 non
3284 4339 3466 4394 habet
3499 4340 3686 4406 finem;
3713 4334 3835 4391 omni-

2288 4431 2493 4499 potens
2527 4427 2681 4484 enim
2713 4431 2818 4483 est.
2847 4427 3240 4500 Reliquavero
3266 4430 3374 4484 tibi
3399 4435 3536 4485 sunt
3560 4446 3650 4502 pro
3674 4443 3722 4481 eo
3739 4422 3834 4495 quid

2288 4521 2427 4572 sunt
2458 4517 2840 4575 aestimanda:
2877 4517 3160 4589 imagines
3193 4527 3252 4573 ut
3282 4517 3591 4589 imagines,
3637 4512 3816 4582 sculptili

3822 4528 3836 4562 ἂ

536 4603 614 4658 dii
639 4603 819 4657 habiti
845 4604 980 4657 sint.
1017 4601 1244 4657 Herculi
1288 4600 1766 4657 sacrificaverunt
1794 4601 2011 4673 Argivi,
2046 4605 2182 4674 quia
2214 4613 2259 4676 D
2292 4610 2357 4660 ut
2388 4605 2685 4677 sculptilis
2709 4624 2722 4673 ;
2748 4610 2806 4660 et
2837 4622 2972 4661 cave
3001 4623 3072 4662 ne
3104 4611 3435 4663 creaturam
3472 4624 3642 4679 ponas
3667 4605 3760 4658 loco
3780 4601 3834 4653 fa-

542 4691 1110 4764 Argivusipse,quod
1138 4695 1410 4760 praeterea
1436 4705 1647 4761 magno
1679 4691 1938 4760 corporis
1971 4693 2174 4748 robore

536 4782 835 4854 praeditus,
892 4779 1170 4837 animalia
1202 4780 1404 4834 nociva
1433 4781 1647 4834 virtute
1678 4797 1783 4834 sua
1814 4781 2044 4846 occidit,
2078 4785 2172 4837 sed

536 4871 718 4928 multo
752 4871 939 4943 magis
988 4871 1125 4942 quia
1157 4871 1444 4925 timebant
1485 4885 1615 4924 eum
1647 4887 1660 4937 ;
1696 4869 1985 4926 violentus
2017 4872 2172 4927 enim

525 4968 652 5018 erat
675 4969 730 5018 et
785 4960 1061 5016 mulieres
1095 4970 1432 5031 magnaium
1471 4961 1732 5031 rapiebat
1760 4979 1772 5027 ;
1797 4961 1963 5017 valde
2015 4962 2170 5018 enim

516 5051 871 5108 libidinosus
893 5055 1039 5120 erat,
1062 5053 1212 5106 sicut
1251 5059 1298 5105 et
1315 5052 1492 5106 Zarad
1505 5067 1564 5105 es
1581 5051 2006 5118 Persa,amicus
2022 5053 2169 5122 ejus.

518 5142 863 5214 Dionysium
915 5157 1106 5209 regem
1139 5139 1446 5196 coluerunt
1475 5139 1649 5195 Actaei
1681 5141 1776 5211 (1),
1814 5140 1949 5211 quia
1979 5141 2038 5194 in
2073 5158 2170 5196 θον

516 5249 649 5288 rum
684 5233 919 5304 regione
942 5230 1114 5286 vitem
1140 5230 1544 5301 plantaverat,
1578 5229 1808 5301 Egypti
1844 5229 2167 5301 Josephum

515 5323 845 5387 Hebraeum,
905 5321 1004 5392 qui
1036 5324 1094 5375 et
1139 5320 1391 5392 Serapis,
1440 5319 1579 5391 quia
1625 5319 2020 5390 suppeditavit
2049 5319 2170 5375 illis

529 5412 886 5467 frumentum
920 5410 979 5464 in
1012 5410 1184 5465 annis
1231 5410 1528 5481 egestatis.
1564 5409 1958 5465 Adoraverunt
1989 5409 2171 5464 Athe—

527 5501 760 5556 nienses
791 5499 1077 5555 Athenam
1113 5497 1298 5554 filiam
1327 5498 1508 5568 Jovis,
1550 5498 1704 5570 regis
1725 5497 1932 5552 insulis
1965 5498 2165 5568 Crete,

591 5694 664 5760 (1)
697 5691 1097 5747 Athenienses.

2283 4695 2475 4754 cteris.
2529 4699 2680 4750 Deus
2702 4695 2860 4750 omni
2885 4698 3146 4765 tempore
3170 4695 3327 4760 vivit,
3364 4697 3698 4752 intellectum
3734 4698 3832 4745 tua:

2286 4787 2512 4858 implet:
2531 4784 2855 4840 intellectus
2870 4784 3025 4839 enim
3045 4802 3195 4840 unus
3210 4785 3530 4857 imaginem
3548 4780 3831 4857 personeejns

2286 4880 2688 4948 repraesentat;
2707 4876 2829 4946 ipse
2847 4874 3004 4930 enim
3030 4875 3342 4930 invisibilis
3357 4868 3830 4944 est,immutabilisd

2283 4963 2916 5036 incomprehensibilis,
2943 4965 2999 5018 et
3011 4964 3078 5018 ad
3101 4965 3227 5034 ejus
3243 4969 3456 5019 nutum
3473 4964 3658 5019 omnia
3674 4970 3827 5026 certe?!

2284 5059 2604 5110 moventur.
2629 5059 2748 5108 Hoc
2772 5068 2908 5125 ergo
2939 5053 3090 5107 scias
3120 5068 3132 5106 :
3168 5052 3216 5106 si
3243 5069 3379 5108 eum
3415 5053 3513 5123 qui
3545 5044 3828 5108 immutabilis

2282 5147 2371 5198 est
2393 5141 2825 5211 colueris,sicut
2848 5141 2974 5213 ipse
2997 5146 3246 5197 mternus
3277 5142 3483 5206 est,ita
3513 5147 3566 5196 et
3587 5146 3771 5206 tn,cum
3792 5130 3827 5182 Il-

2280 5232 2382 5286 lud
2416 5230 2645 5286 visibile
2689 5235 2746 5286 et
2777 5229 3157 5302 corruptibile
3188 5230 3441 5298 exueris,
3477 5231 3524 5286 ei
3556 5230 3609 5285 in
3639 5233 3827 5284 aeternum

2281 5320 2504 5376 astabis
2532 5320 2732 5375 vivens
2751 5323 2808 5376 et
2834 5319 3049 5387 sciens,
3082 5325 3139 5376 et
3164 5337 3338 5392 opera
3374 5328 3476 5376 tua
3505 5323 3661 5376 erunt
3685 5313 3763 5370 tibi
3784 5308 3829 5362 di-

2277 5410 2431 5464 vitias
2455 5424 2581 5481 quae
2614 5425 2729 5464 non
2764 5414 3028 5482 pereunt.
3081 5409 3422 5464 Memineris
3451 5413 3635 5464 autem
3673 5409 3829 5482 operti:

2281 5503 2516 5555 tuorum
2544 5481 2827 5556 bonorum
2851 5498 3088 5555 initium
3113 5513 3245 5556 esse
3266 5502 3320 5554 ct
3341 5499 3756 5554 fundamentum
3773 5481 3828 5541 De

3905 951 3907 1088 l
