4000 6220
193 317 351 379 1233

1731 322 2042 387 SPURIA.

3445 353 3606 414 1234

195 455 338 510 Ecce
367 454 515 525 ﬁlius
544 463 688 512 tuus.
724 457 792 512 Et
817 473 881 513 ex
917 457 1017 514 illa
1046 457 1191 515 hora
1219 461 1422 514 sancta
1454 459 1552 514 Dei
1582 459 1842 515 Genitrix
1870 462 1924 528 Α
1954 461 2321 521 deretautem
2338 483 2472 524 eum
2505 470 3043 547 sanctissimavirgo
3063 477 3264 548 Maria,
3288 483 3599 542 exsultavit

185 543 248 597 in
275 544 521 600 Joannis
548 561 687 600 cura
705 547 1020 618 specialius
1051 547 1394 618 permansit,
1427 548 1688 618 quandiu
1711 550 1838 603 vitm

185 631 367 687 istius
386 635 698 688 incolatum
722 636 1026 707 transegit.
1049 639 1112 689 Et
1130 637 1265 690 dum
1281 635 1526 706 apostoli
1549 637 1837 692 mundum

181 723 314 777 suis
335 722 594 778 sortibus
608 725 665 779 in
681 724 1646 796 praedicationesumpsissenl,ipsa
1663 727 1836 782 domo

178 819 490 882 parentum
523 813 704 883 illius,
731 817 900 886 juxta
941 825 1196 871 montem
1237 815 1441 870 Oliveti
1473 816 1757 871 consedit.

830 975 1060 1032 CAPUT
1091 976 1188 1032 III.

249 1098 515 1154 Secundo
544 1099 744 1172 itaque
771 1107 828 1158 et
856 1101 1130 1157 vicesimo
1153 1119 1305 1157 anno
1328 1107 1636 1173 postquam
1669 1101 1828 1157 Chri-

171 1191 330 1255 stus,
382 1189 609 1244 devicta
660 1196 863 1255 morte,
923 1190 1136 1246 cmlum
1189 1192 1624 1258 conscenderat,
1684 1194 1822 1247 dum

170 1277 266 1332 die
324 1278 573 1347 quadam
639 1279 924 1335 desiderio
999 1279 1210 1335 Christi
1280 1297 1560 1335 succensa
1617 1282 1822 1349 Maria,

167 1365 302 1422 sola
327 1367 477 1421 intra
496 1368 708 1423 domus
726 1369 894 1424 istius
908 1369 1335 1439 receptaculum
1365 1370 1817 1443 lacrymaretur:

168 1470 309 1510 ecce
341 1455 612 1525 angelus,
643 1459 840 1527 magni
883 1457 1124 1512 luminis
1159 1458 1358 1513 habitu
1413 1459 1818 1532 resplendens,

168 1547 308 1600 ante
335 1561 458 1600 eam
493 1545 698 1610 astitit,
751 1552 807 1601 et
856 1546 1220 1603 salutationis
1280 1549 1454 1604 verba
1514 1550 1814 1620 persolvit,

169 1633 414 1689 dicens:
441 1635 899 1699 Ave,benedicta
921 1637 1165 1692 Domino
1193 1639 1632 1711 ;suscipeillius
1657 1640 1816 1696 salu-

166 1729 320 1791 tem,
353 1727 449 1796 qui
499 1726 798 1780 mandavit
827 1725 1076 1783 salutem
1120 1729 1318 1795 Jacob,
1369 1746 1472 1800 per
1501 1731 1814 1802 praphetas

167 1829 335 1868 suos.
368 1815 530 1877 Ecce,
564 1814 775 1885 inquit,
797 1833 1027 1871 ramum
1063 1817 1288 1887 palma’,
1321 1820 1391 1874 de
1412 1820 1684 1890 paradiso
1711 1821 1808 1876 Dei
1836 1822 1882 1886 B

164 1901 337 1956 attuli
371 1903 496 1970 tibi,
520 1920 688 1972 quem
715 1909 942 1974 portare
962 1906 1138 1962 facies
1162 1912 1294 1962 ante
1325 1908 1601 1965 feretrum
1637 1917 1742 1967 tuu
1771 1933 1803 1969 ΥΣ

162 2007 298 2045 cum
325 1991 384 2046 in
409 1992 501 2048 die
531 1993 699 2048 tertia
727 1999 1031 2065 assumpta
1065 1996 1241 2052 fueris
1271 1999 1341 2051 de
1372 2014 1628 2070 corpore.
1667 2003 1809 2059 Ecce

161 2081 321 2135 enim
352 2087 648 2152 exspectat
670 2087 724 2137 te
755 2082 935 2138 Filius
984 2090 1144 2150 tuus,
1195 2103 1329 2141 cum
1362 2087 1590 2144 thronis
1621 2095 1680 2145 et
1711 2108 1809 2146 an-

159 2170 328 2238 gelis,
355 2175 411 2225 et
442 2172 726 2228 universis
757 2171 885 2226 coeli
908 2173 1237 2231 virtutibus.
1274 2177 1438 2232 Tunc
1465 2177 1807 2234 Mariadixit

167 2259 241 2313 ad
273 2260 583 2331 angelum:
611 2261 746 2316 Peto
769 2263 872 2317 abs
913 2268 966 2318 te
992 2280 1147 2335 ergo,
1183 2271 1247 2319 ut
1278 2273 1701 2337 congregantur
1730 2271 1800 2324 ad

161 2365 258 2402 me
288 2365 492 2404 omnes
524 2350 772 2421 apostoli
825 2352 1042 2406 Domini
1095 2354 1205 2408 mei
1237 2353 1376 2410 Jesu
1409 2355 1645 2412 Christi.
1699 2357 1801 2413 Cui

154 2438 404 2509 angelus
433 2437 613 2494 dixit:
649 2440 812 2506 Ecce,
845 2441 1056 2512 inquit,
1083 2441 1251 2498 hodie
1272 2461 1371 2514 per
1389 2445 1662 2502 virtutem
1693 2448 1802 2503 Do-

151 2526 303 2580 mini
338 2527 448 2582 mei
473 2527 613 2582 Jesu
646 2528 884 2598 Christi,
952 2546 1155 2586 omnes
1203 2533 1454 2603 apostoli
1507 2537 1791 2606 assumpti

149 2613 268 2669 huc
301 2617 371 2670 ad
402 2619 458 2670 te
487 2619 737 2673 venient.
764 2619 931 2674 Etait
962 2619 1043 2674 illi
1065 2620 1281 2677 Maria:
1320 2623 1477 2695 Rogo
1505 2630 1567 2678 ut
1599 2625 1799 2681 mittas

149 2720 333 2776 super
363 2720 454 2759 me
487 2704 952 2763 benedictionem
1007 2713 1192 2777 tuam,
1231 2715 1291 2767 ut
1347 2711 1510 2768 nulla
1542 2720 1796 2784 potestas

149 2792 360 2847 inferni
392 2799 658 2850 occurrat
687 2795 826 2850 mihi
861 2795 918 2850 in
955 2795 1050 2852 illa
1078 2798 1239 2863 hora,
1274 2816 1390 2870 qua
1439 2801 1636 2858 anima
1669 2821 1796 2860 mea

147 2883 326 2937 fuerit
355 2899 593 2955 egressa
621 2886 691 2940 de
723 2902 982 2958 corpore,
1019 2892 1076 2941 et
1111 2904 1180 2943 ne
1209 2889 1433 2945 videam
1469 2892 1790 2964 principem

145 2972 538 3027 tenebrarum.
576 2975 672 3029 Ait
703 2981 899 3030 autem
932 2977 1176 3047 angelus
1208 2978 1281 3033 ad
1331 2995 1458 3035 eam
1485 2999 1494 3034 ε
1527 2982 1791 3040 Potestas

143 3061 385 3132 quidem
418 3062 627 3118 inferni
664 3081 777 3119 non
812 3065 1044 3120 nocebit
1073 3065 1670 3136 tibi;benedictionem
1692 3091 1791 3128 au-

139 3155 263 3205 tem
294 3154 568 3206 aeternam
607 3151 766 3208 dedit
795 3154 902 3210 tibi
923 3155 1210 3211 Dominus
1239 3163 1392 3213 Deus
1424 3163 1582 3229 tuus,
1617 3162 1786 3232 cujus
1819 3190 1860 3256 ρ

136 3254 250 3310 ego
279 3255 478 3295 servus
501 3259 652 3309 sum,
687 3247 744 3297 et
790 3243 1036 3300 nuntius
1073 3265 1087 3314 ;
1125 3261 1236 3302 non
1295 3247 1529 3304 videndi
1588 3255 1782 3305 autem

145 3328 473 3399 principem
504 3332 1199 3401 tonebrarum,ell'ectum
1261 3354 1375 3391 non
1443 3356 1476 3392 a
1533 3355 1624 3394 me
1681 3341 1785 3395 tibi

143 3417 404 3473 dandum
438 3417 758 3487 existimes,
791 3423 891 3476 sed
916 3423 1132 3491 abillo,
1167 3441 1340 3496 quem
1375 3431 1434 3482 tu
1477 3429 1534 3483 in
1582 3436 1784 3487 sancto

142 3510 244 3560 tuo
282 3510 444 3562 utero
475 3509 781 3580 bajulasti;
815 3511 1004 3581 ipsius
1030 3513 1187 3568 enim
1236 3520 1326 3568 est
1368 3521 1784 3585 potestasgom-

139 3595 308 3650 nium
333 3597 390 3651 in
422 3597 630 3654 seacula
651 3600 1115 3671 saaculorum.1Et
1145 3601 1265 3657 haec
1296 3603 1496 3658 dicens
1515 3606 1779 3677 angelus,

135 3701 275 3739 cum
310 3701 519 3757 magno
558 3687 862 3758 splendore
893 3690 1183 3746 discessit.
1217 3690 1414 3746 Palma
1448 3699 1644 3748 autem
1681 3695 1781 3751 illa

129 3771 397 3845 fulgebat
431 3775 608 3830 nimia
641 3776 788 3832 luce.
823 3783 985 3833 Tunc
1005 3779 1184 3834 Maria
1227 3797 1444 3836 exuens
1476 3798 1537 3837 se
1571 3785 1780 3854 priori-

126 3863 246 3917 bus
278 3863 660 3933 indumentis,
687 3866 879 3922 induit
911 3868 1169 3924 meliora.
1221 3870 1285 3924 Et
1335 3871 1627 3942 accipiens
1658 3875 1776 3946 pal-

130 3969 289 4006 mam
307 3993 322 4018 ,
346 3970 514 4023 quam
536 3964 874 4027 susceperat
907 3959 976 4013 de
998 3975 1169 4013 manu
1195 3960 1408 4031 angeli,
1433 3977 1667 4033 egressa
1689 3968 1780 4019 est

127 4041 190 4094 in
228 4047 484 4098 montem
518 4044 744 4111 Oliveti,
778 4051 833 4100 et
864 4047 1039 4118 coepit
1080 4065 1265 4114 orare,
1299 4059 1350 4104 et
1395 4050 1615 4107 dicere:
1649 4052 1774 4110 Non

124 4146 239 4201 ego
273 4131 495 4187 fueram
527 4133 721 4205 digna,
767 4135 1033 4207 Domine,
1086 4137 1384 4208 suscipere
1441 4144 1515 4206 te,
1569 4141 1682 4196 nisi
1715 4150 1770 4197 tu

122 4219 408 4275 misertus
436 4221 652 4280 fuisses
674 4226 780 4279 mei
813 4244 825 4290 ;
853 4227 949 4280 sed
987 4230 1177 4282 tamen
1193 4243 1298 4299 ego
1331 4230 1616 4284 custodivi
1647 4231 1771 4286 the-

121 4326 372 4365 saurum
405 4315 590 4379 tuum,
634 4329 804 4383 quem
839 4318 1256 4371 commendasti
1318 4318 1485 4373 mihi.
1519 4320 1771 4390 Ideoque

118 4403 256 4468 peto
289 4415 321 4452 a
349 4405 424 4469 te,
461 4400 574 4456 Rex
608 4402 824 4474 glorias,
861 4409 924 4459 ut
955 4421 1070 4459 non
1106 4412 1310 4461 noceat
1335 4407 1477 4461 mihi
1514 4413 1769 4479 potestas

115 4486 421 4558 gehennae.
458 4489 517 4545 Si
547 4490 702 4547 enim
733 4493 862 4548 οωιί
893 4499 948 4548 et
989 4496 1178 4566 angeli
1240 4500 1373 4550 ante
1423 4502 1476 4552 te
1507 4501 1769 4554 tremunt

121 4577 410 4648 quotidie,
433 4584 650 4650 quanto
685 4581 872 4653 magis
896 4558 1155 4638 homovde
1187 4588 1339 4639 terra
1369 4585 1660 4653 conditus,
1680 4588 1772 4642 cui
1803 4558 1850 4622 Β

117 4665 274 4720 nihil
308 4668 522 4722 residet
553 4669 725 4737 boni,
759 4670 869 4724 nisi
928 4678 1214 4742 quantum
1264 4674 1551 4744 acceperit
1607 4692 1640 4730 a
1669 4680 1769 4732 tua

110 4754 400 4811 bonitate.
428 4757 509 4812 Tu
544 4773 606 4812 es
637 4759 794 4814 enim
837 4760 1120 4817 Dominus
1155 4764 1301 4817 Deus
1333 4779 1560 4832 semper
1590 4764 1764 4820 bene-

106 4845 313 4899 dictus
344 4845 402 4899 in
433 4846 680 4903 saecula!
715 4852 782 4904 Et
816 4866 949 4905 cum
975 4850 1096 4906 hac
1127 4851 1388 4921 dixisset,
1424 4869 1650 4909 reversa
1679 4863 1766 4910 est

105 4935 168 4988 in
197 4933 520 5004 hospitium
554 4953 748 4992 suum.

771 5084 999 5141 CAPUT
1027 5086 1118 5143 IV.

185 5205 254 5258 Et
283 5219 413 5260 ecce
444 5205 662 5275 subito,
695 5207 835 5263 dum
870 5211 1212 5280 praedicaret
1268 5213 1476 5269 beatus
1504 5213 1758 5272 Joannes

101 5293 166 5348 in
207 5293 456 5364 Epheso,
489 5296 582 5351 die
630 5296 953 5366 Dominica,
995 5297 1139 5356 hora
1193 5300 1306 5356 diei
1352 5303 1541 5372 tertia,
1591 5309 1758 5359 terra

103 5387 309 5438 motus
334 5384 521 5440 factus
544 5390 631 5440 est
650 5402 896 5457 magnus
919 5391 1009 5455 ;et
1039 5389 1224 5444 nubes
1254 5390 1499 5448 elevavit
1524 5409 1682 5464 eum,
1704 5403 1758 5450 et

101 5472 369 5543 suscepit
401 5489 531 5529 eum
569 5475 640 5530 ab
681 5475 864 5532 oculis
912 5478 1199 5543 omnium,
1241 5483 1298 5533 et
1349 5481 1592 5535 adduxit
1623 5499 1756 5539 eum

99 5564 241 5614 ante
267 5561 487 5616 ostium
519 5562 749 5630 domus,
783 5563 883 5618 ubi
915 5569 1036 5619 erat
1075 5566 1234 5636 virgo
1274 5566 1522 5637 Deipara
1550 5572 1750 5627 Maria.

99 5649 174 5704 Et
201 5648 443 5721 pulsans
469 5652 710 5721 ostium,
753 5653 952 5710 statim
984 5654 1286 5726 ingressus
1325 5663 1432 5715 est.
1491 5660 1634 5716 Cum
1667 5662 1752 5717 vi-

1948 551 2005 606 in
2039 556 2274 624 gaudio,
2307 565 2362 612 et
2386 559 2568 615 dixit:
2603 561 2761 634 Rogo
2818 571 2888 631 te,
2925 566 3007 620 fili
3044 567 3318 640 Joannes,
3371 591 3597 634 memor

1947 647 2073 697 esto
2105 645 2412 700 verborum
2446 650 2675 705 Domini
2720 653 2855 708 .lesu
2885 654 3120 726 Christi,
3177 662 3445 732 magistri
3485 665 3591 734 tui,

1945 729 2158 800 quibus
2192 749 2284 788 me
2317 740 2750 796 commendavit
2782 742 2906 798 tibi.
2940 745 3083 800 Ecce
3115 729 3397 805 enim—die
3423 755 3592 810 tertio

1943 819 2766 900 discessurasumdecorpore
2793 832 3020 898 ;audivi
3052 844 3243 892 autem
3278 840 3590 898 consilium

1940 908 2277 966 Judzeorum
2309 914 2671 972 dicentium:
2699 922 3111 989 Exspectemus
3143 926 3319 995 diem,
3354 933 3588 999 quando

1939 999 2222 1054 moriatur
2252 1018 2380 1071 quae
2405 1005 2653 1074 portavit
2682 1006 2846 1063 illum
2873 1012 3264 1080 seductorem,
3296 1021 3352 1071 et
3375 1034 3587 1090 corpus

1936 1089 2064 1158 ejus
2095 1089 2668 1161 ignicomburamus.
2703 1097 2942 1155 Vocavit
2982 1118 3119 1174 ergo
3143 1111 3406 1162 sanctum
3442 1089 3580 1180 apo-

1935 1177 2151 1232 stolum
2185 1180 2912 1249 Joannem,etintroduxit
2943 1207 3074 1244 eum
3111 1193 3168 1246 in
3203 1197 3577 1252 secretarium

1931 1267 2162 1338 domus,
2197 1275 2253 1324 et
2281 1273 2604 1328 ostenditei
2637 1277 3048 1333 vestimentum
3084 1282 3399 1352 sepulturas
3430 1303 3570 1353 suae,

1929 1360 1985 1411 et
2016 1356 2267 1427 palmam
2297 1359 2455 1415 illam
2497 1361 2764 1433 luminis,
2813 1383 2986 1437 quam
3039 1379 3338 1440 acceperat
3369 1373 3440 1428 ab
3471 1392 3572 1429 αι]-

1926 1444 2072 1514 gelo,
2110 1463 2467 1516 praemonens
2517 1467 2651 1506 eum
2687 1459 2748 1507 ut
2802 1456 2961 1510 illam
3020 1460 3230 1513 faceret
3278 1461 3412 1515 ferri
3445 1469 3577 1519 ante

1926 1531 2137 1588 lectum
2165 1553 2360 1604 suum,
2391 1555 2523 1594 cum
2548 1541 2855 1599 duceretur
2877 1548 2946 1600 ad
2969 1548 3355 1619 sepulturam,
3388 1557 3444 1606 et
3465 1552 3576 1608 iret

1925 1623 1995 1677 ad
2033 1633 2500 1682 monumentum.

2577 1757 2811 1814 CAPUT
2845 1760 2903 1814 V.

1991 1873 2089 1928 Cui
2142 1873 2342 1932 beatus
2371 1882 2428 1932 et
2475 1879 2727 1936 dilectus
2781 1887 3081 1954 apostolus
3136 1888 3393 1946 Joannes
3446 1892 3566 1946 ait:

1918 1961 2217 2025 Quomodo
2274 1983 2380 2037 ego
2440 1970 2600 2025 solus
2636 1974 2848 2042 parabo
2909 1976 3033 2042 tibi,
3096 1978 3356 2045 Domina,
3404 1996 3567 2036 exse-

1918 2053 2086 2122 quias
2106 2071 2118 2121 ;
2138 2056 2250 2109 nisi
2284 2059 2544 2113 venerint
2574 2061 2782 2116 fratres
2808 2065 2941 2130 mei,
2966 2066 3237 2138 discipuli
3266 2074 3323 2123 et
3355 2086 3566 2142 coapo-

1915 2142 2050 2196 stoli
2090 2146 2319 2200 Domini
2385 2151 2563 2203 nostri
2623 2150 2765 2207 Jesu
2796 2155 3034 2223 Christi,
3071 2159 3140 2212 ad
3201 2161 3561 2220 reddendum

1914 2230 2190 2288 honorem
2243 2237 2589 2306 corpusculo
2621 2245 2720 2293 tuo
2745 2241 2772 2294 ?
2816 2243 2884 2296 Et
2915 2245 3130 2301 factum
3163 2255 3288 2302 est:
3333 2256 3389 2304 et
3427 2267 3560 2308 ecce

1913 2321 2250 2394 subito,per
2280 2324 2589 2397 imperium
2625 2329 2747 2398 Dei,
2772 2350 2974 2389 omnes
3008 2338 3258 2406 apostoli
3289 2340 3358 2394 de
3393 2341 3555 2410 locis,

1911 2412 1968 2468 in
1997 2415 2210 2485 quibus
2240 2420 2631 2488 praedicabant
2655 2425 2894 2480 verbum
2922 2427 3043 2494 Dei,
3077 2429 3278 2486 elevati
3314 2433 3368 2488 in
3405 2436 3558 2491 nube

1910 2505 2057 2574 rapti
2091 2511 2251 2575 sunt,
2285 2513 2342 2563 et
2371 2510 2623 2580 depositi
2656 2518 2788 2567 ante
2825 2516 3036 2571 ostium
3071 2519 3282 2576 domus
3354 2522 3412 2576 in
3447 2541 3559 2593 qua

1908 2593 2210 2650 habitabat
2242 2598 2417 2652 Maria
2470 2602 2694 2656 Domini
2747 2608 2944 2671 Mater,
3006 2613 3061 2661 et
3120 2609 3446 2668 salutantes
3489 2631 3551 2670 se

1906 2681 2178 2752 invicem,
2215 2687 2600 2759 mirabantur,
2635 2691 2927 2748 dicentes:
2962 2700 3091 2762 Quae
3123 2714 3299 2754 causa
3328 2705 3435 2768 est,
3481 2705 3554 2760 ob

1904 2787 2080 2842 quam
2140 2774 2422 2832 Dominus
2468 2794 2574 2833 nos
2622 2779 2716 2834 hic
2779 2783 2834 2835 in
2887 2800 3068 2838 unum
3123 2792 3554 2860 congregavit?

1899 2861 2145 2917 Advenit
2175 2870 2370 2920 autem
2404 2883 2536 2922 cum
2567 2869 2651 2924 eis
2693 2869 2930 2938 Paulus,
2973 2889 3042 2951 ex
3098 2873 3543 2939 circumcisione

1901 2966 2239 3019 conversus,
2280 2955 2384 3024 qui
2409 2962 2749 3030 assumptus
2802 2961 2988 3016 fuerat
3025 2980 3160 3019 cum
3195 2966 3458 3024 Barnaba
3488 2971 3546 3025 in

1900 3041 2290 3098 ministerium
2332 3046 2614 3115 gentium.
2648 3047 2914 3120 Cumque
2945 3051 3097 3108 inter
3144 3071 3239 3110 eos
3269 3062 3423 3114 esset
3453 3059 3548 3131 pia

1900 3131 2217 3199 contentio,
2251 3133 2384 3203 quis
2406 3150 2474 3188 ex
2498 3135 2582 3190 eis
2606 3136 2765 3206 prior
2794 3149 2982 3194 oraret
3015 3143 3086 3196 ad
3119 3142 3458 3216 Dominum,
3485 3153 3549 3204 ut

1900 3219 2233 3275 ostenderet
2264 3220 2379 3276 illis
2403 3238 2636 3279 causam
2665 3225 2952 3298 ipsorum,
2984 3233 3040 3284 et
3065 3231 3262 3288 Petrus
3297 3233 3541 3293 Paulum

1896 3307 2247 3377 hortaretur,
2285 3316 2346 3365 ut
2376 3313 2534 3382 prior
2574 3321 2786 3384 oraret,
2821 3316 3032 3374 Paulus
3093 3323 3412 3392 respondit,
3447 3325 3536 3380 di-

1895 3411 2032 3453 cens
2058 3413 2070 3453 :
2103 3399 2290 3454 Tuum
2319 3405 2407 3456 est
2437 3402 2592 3458 istud
2617 3403 2894 3471 officium,
2930 3407 3183 3478 primum
3234 3410 3530 3483 inchoare,

1895 3485 2145 3540 maxime
2175 3504 2308 3542 cum
2333 3489 2416 3544 sis
2446 3490 2662 3546 electus
2701 3510 2734 3547 a
2787 3495 2902 3550 Deo
2939 3496 3210 3552 columna
3242 3499 3530 3573 Ecclesia,

1891 3578 1948 3627 et
1978 3576 2036 3628 tu
2072 3575 2352 3645 praecedis
2384 3593 2586 3634 omnes
2625 3580 2683 3634 in
2709 3583 3034 3652 apostolatu
3062 3604 3076 3654 ;
3111 3603 3305 3642 meum
3331 3594 3526 3646 autem

1889 3663 2168 3732 minime;
2196 3681 2330 3720 nam
2361 3683 2466 3737 ego
2499 3668 2780 3723 minimus
2803 3688 2933 3725 sum
2968 3675 3233 3730 omnium
3267 3683 3524 3735 vestrum

1888 3755 1944 3805 et
1975 3755 2254 3821 tanquam
2289 3753 2546 3809 abortivo
2577 3755 2738 3811 visus
2787 3764 2876 3813 est
2907 3758 3051 3814 mihi
3088 3762 3372 3834 Christus,
3422 3783 3527 3823 nec

1887 3855 1976 3895 me
2002 3840 2165 3895 vobis
2197 3857 2424 3912 aequare
2453 3860 2761 3915 praesumo,
2809 3852 3003 3904 tamen
3040 3853 3226 3921 gratia
3257 3853 3359 3909 Dei
3392 3872 3523 3910 sum

1884 3927 1941 3981 id
1976 3929 2131 3998 quod
2164 3945 2318 3984 sum.

2521 4040 2756 4096 CAPUT
2793 4043 2882 4100 Vl.

1951 4149 2112 4207 Tunc
2135 4169 2339 4210 omnes
2369 4157 2615 4226 apostoli
2637 4161 2957 4228 gaudentes
2990 4181 3165 4236 super
3196 4166 3523 4224 humilitate

1883 4240 2911 4308 Pauli,unanimiterconsummaveru
2924 4260 2986 4310 nt
3002 4258 3317 4314 orationem
3333 4276 3496 4316 suam
3509 4304 3521 4317 .

1880 4329 2089 4384 Etcum
2110 4331 2280 4388 finem
2304 4336 3278 4407 orationistecissent,etdixissent.
3315 4351 3518 4415 Amen,

1877 4433 2008 4475 ecce
2040 4421 2234 4475 subito
2255 4424 2408 4477 venit
2437 4426 2502 4479 ad
2539 4443 2635 4482 eos
2651 4427 2766 4483 Deo
2789 4431 3003 4502 dignus
3023 4435 3318 4504 apostolus
3346 4438 3519 4493 Joan-

1883 4523 2006 4574 nes,
2039 4515 2096 4562 ενι
2127 4509 2502 4569 indicaviteis
2525 4518 2722 4571 omnia
2753 4518 2894 4573 haec.
2924 4523 3180 4592 ingressi
3213 4539 3348 4594 ergo
3380 4542 3519 4596 apo-

1881 4595 2011 4651 stoli
2050 4599 2313 4664 domum,
2361 4602 2711 4660 invenerunt
2765 4609 3002 4663 Matrem
3057 4609 3288 4666 Domini
3340 4617 3521 4670 nostri

1881 4685 2143 4751 Mariam,
2184 4692 2239 4741 et
2269 4689 2671 4747 salutaverunt
2692 4710 2818 4750 eam
2863 4697 3161 4754 dicentes:
3211 4700 3520 4760 Benedicta

1880 4778 1941 4827 tu
1992 4791 2024 4827 a
2061 4776 2322 4843 Domino,
2354 4779 2454 4848 qui
2504 4781 2636 4837 fecit
2665 4783 2875 4839 cmlum
2930 4791 2987 4841 et
3033 4791 3267 4844 terram.
3301 4789 3520 4852 Quibus

1876 4861 1978 4916 illa
2007 4864 2126 4919 ait:
2185 4865 2292 4920 Pax
2328 4868 2625 4925 vobiscum
2659 4873 2756 4938 sit,
2819 4874 3024 4930 fratres
3064 4876 3227 4932 electi
3261 4895 3294 4932 a
3321 4879 3518 4936 Domi-

1875 4968 1948 5007 no
1972 4970 1986 5021 ;
2011 4957 2066 5008 et
2097 4954 2474 5028 inlerrogavit
2508 4976 2608 5015 eos
2640 4962 2837 5018 dicens
2865 4980 2876 5017 :
2929 4965 3226 5028 Quomodo
3272 4968 3386 5024 huc
3430 4987 3518 5026 ve-

1873 5041 2043 5096 nistis
2068 5042 2095 5096 ‘l
2120 5043 2224 5110 Qui
2258 5044 2413 5102 illico
2445 5057 2824 5106 narraverunt
2874 5053 2946 5120 ei,
3009 5057 3300 5126 quomodo
3342 5075 3521 5115 unus-

1871 5130 2119 5200 quisque
2142 5147 2209 5186 ex
2242 5132 2387 5204 ipsis
2419 5153 2450 5191 a
2479 5137 2694 5205 Spiritu
2741 5139 2839 5195 Dei
2871 5141 3126 5198 elevatus
3169 5145 3226 5199 in
3263 5147 3440 5218 nube,
3461 5153 3518 5204 et

1869 5219 2168 5287 depositus
2201 5222 2414 5278 ibidem
2465 5227 2856 5284 advenissent.
2901 5230 3124 5292 Quibus
3162 5233 3291 5303 ipsa
3320 5237 3505 5293 dixit:

1867 5306 2148 5366 Dominus
2180 5328 2278 5367 vos
2309 5313 2424 5368 huc
2474 5317 2714 5373 adduxit
2745 5318 2803 5372 in
2862 5319 3141 5376 solatium
3200 5323 3504 5382 ferendum

1866 5399 2178 5470 angustiis,
2213 5419 2336 5472 qua:
2368 5411 2624 5462 venturae
2655 5413 2794 5463 sunt
2835 5409 3000 5464 mihi.
3053 5411 3218 5469 Nunc
3247 5431 3380 5487 ergo
3412 5419 3508 5474 de-

1867 5503 2066 5557 precor
2096 5506 2219 5559 vos,
2255 5497 2317 5547 ut
2346 5494 2471 5549 sine
2507 5497 2936 5554 intermissione
2967 5517 3168 5557 omnes
3221 5507 3511 5564 unanimi-

1865 5580 1952 5630 ter
1983 5577 2307 5649 vigilemus,
2332 5601 2516 5654 usque
2549 5587 2602 5640 in
2628 5585 2784 5642 illam
2807 5588 3032 5658 horam,
3063 5608 3180 5662 qua
3227 5593 3508 5653 Dominus

1863 5671 2143 5724 venturus
2174 5675 2284 5739 est,
2317 5677 2370 5726 et
2392 5689 2496 5744 ego
2523 5676 2594 5730 de
2610 5691 2849 5747 corpore
2881 5677 2988 5733 hoc
3021 5695 3152 5735 sum
3187 5698 3504 5743 recessura.
