4000 6220
1511 343 1574 402 S.
1623 335 1923 400 MELITO
1968 331 2333 398 SARDIUM
2377 323 2824 389 EPISGOPUS.
3652 323 3770 384 1235

2138 471 2190 536 Α
2224 464 2439 533 Mariis,
2471 467 2529 518 et
2559 456 2825 516 laverunt
2853 456 3000 511 illud
3029 456 3298 510 funerum
3357 468 3526 510 more.
3576 456 3775 528 Cumque

459 358 615 420 1235

1095 477 1330 536 CAPUT
1364 475 1490 531 VII.

539 605 805 668 Cumque
823 589 1250 654 consedissent,
1275 591 1333 641 et
1355 582 1723 640 consolantes
1745 596 1894 645 eam,
1919 575 2112 634 triduo

470 696 535 748 in
569 688 669 744 Dei
701 667 978 740 laudibus
1011 675 1424 748 perstitissent,
1481 688 1610 728 ecce
1641 669 1734 725 die
1763 669 1935 725 tertia
1965 667 2119 722 circa

471 781 670 834 horam
705 772 938 829 tertiam
956 766 1524 836 diei,superomnes,
1550 760 1648 832 qui
1679 762 1842 815 erant
1863 757 1921 812 in
1947 757 2119 812 domo

468 865 570 922 illa
601 866 838 932 repente
870 873 1045 929 SOpO!‘
1076 853 1265 921 irruit,
1299 855 1355 908 et
1378 849 1576 905 nullus
1610 847 1848 902 omnino
1878 845 2120 916 vigilare

472 952 686 1027 potuit,
720 947 835 1004 nisi
867 945 974 1002 soli
1007 941 1272 1014 apostoli,
1303 945 1360 996 et
1388 946 1506 994 tres
1559 936 1966 992 tantummodo
1997 935 2120 989 vir-

474 1043 811 1114 gines,qua3
843 1051 1017 1090 sacrae
1073 1030 1296 1102 Virgini
1357 1027 1601 1084 comites
1641 1029 1824 1081 erant.
1887 1028 1952 1077 Et
1991 1039 2124 1078 ecce

479 1111 672 1185 subito
704 1125 935 1181 advenit
966 1121 1250 1177 Dominus
1272 1119 1442 1174 Jesus
1468 1133 1594 1171 cum
1630 1130 1843 1185 magna
1865 1111 2128 1167 multitu-

480 1219 614 1274 dine
628 1216 992 1286 angelorum,
1013 1220 1064 1265 et
1089 1209 1366 1278 splendor
1399 1221 1646 1276 magnus
1668 1202 1933 1258 inlocum
1960 1201 2126 1256 illum

482 1305 805 1372 descendit,
849 1311 902 1356 et
933 1303 1100 1355 erant
1153 1297 1340 1368 angeli
1402 1296 1683 1366 hymnum
1739 1293 2016 1357 dicentes,
2075 1295 2130 1345 et

485 1393 884 1453 collaudantes
915 1388 1249 1445 Dominum.
1276 1390 1436 1439 Tunc
1466 1383 1726 1438 Salvator
1770 1381 2000 1437 locutus
2045 1382 2133 1435 est

486 1485 685 1540 dicens
713 1498 724 1536 :
753 1480 908 1549 Veni,
942 1478 1124 1533 electa
1156 1491 1304 1543 mea,
1340 1472 1766 1545 pretiosissima
1795 1469 2131 1542 margarita,

485 1575 641 1629 intra
669 1570 728 1624 in
762 1565 1193 1639 receptaculum
1224 1563 1356 1618 vitae
1387 1568 1631 1617 azternae.

1112 1701 1342 1756 CAPUT
1384 1699 1526 1754 VIII.

2222 554 2520 611 exuissent
2549 550 2710 604 illam
2726 547 2990 603 vestibus
3021 545 3179 600 suis:
3215 560 3440 599 sacrum
3471 561 3650 616 corpus
3672 546 3775 602 illud

2223 651 2385 700 tanta
2413 640 2675 696 claritate
2706 633 3090 706 respleuduit,
3125 645 3188 688 ut
3211 634 3366 705 tangi
3398 633 3606 704 quidem
3632 643 3777 704 posset

2226 750 2330 807 pro
2362 727 2852 800 obsequio,videri
2884 732 3078 780 autem
3109 723 3330 794 species
3361 739 3468 792 pra:
3512 721 3666 777 nimia
3687 723 3780 780 lucc

2227 824 2593 886 coruscante,
2626 834 2738 872 non
2772 819 2970 887 posset
2995 819 3084 880 ;et
3113 812 3387 882 splendor
3436 813 3669 882 apparuit
3689 830 3779 865 ma-

2229 930 2401 984 gnus,
2433 915 2488 966 et
2519 908 2662 964 nihil
2688 906 3071 969 sentiebatur,
3124 903 3260 956 dum
3322 899 3592 954 lavaretur
3627 917 3784 970 corpus

2230 999 2708 1062 mundissimum,
2741 1000 2797 1049 et
2839 993 2996 1048 nullo
3044 990 3285 1045 horrore
3332 989 3512 1044 sordis
3552 990 3786 1045 infectum.

2231 1085 2824 1158 Cumquevestissent
2849 1097 2973 1136 eam
3011 1079 3205 1134 linteis
3238 1083 3294 1132 et
3338 1077 3665 1131 indumentis
3682 1093 3787 1130 mor-

2233 1178 2474 1240 talibus,
2510 1173 2788 1246 paulatim
2817 1171 2918 1224 lux
2956 1169 3057 1223 illa
3101 1167 3359 1223 evanuit.
3419 1167 3480 1218 Et
3512 1169 3617 1220 erat
3660 1165 3789 1219 facies

2233 1269 2415 1322 beatae
2444 1262 2752 1319 Genitricis
2784 1258 3092 1314 DeiMarim
3124 1256 3338 1311 similis
3371 1254 3594 1308 ﬂoribus
3626 1253 3729 1319 lilii,
3754 1259 3792 1307 et

2236 1357 2377 1412 odor
2406 1353 2712 1410 suavitatis
2736 1365 2960 1421 magnae
2993 1346 3396 1418 egrediebatur
3425 1361 3489 1399 ex
3518 1343 3668 1412 ea,ita
3687 1348 3730 1396 ut
3757 1343 3791 1396 ei

2237 1445 2447 1504 similis
2479 1442 2732 1499 suavitas
2753 1437 3000 1494 inveniri
3023 1435 3186 1490 nulla
3209 1442 3420 1506 posset.

2875 1543 3105 1600 CAPUT
3142 1542 3236 1596 XI.

2311 1661 2476 1715 Tunc
2503 1649 3604 1727 igitursanctumcorpusimposuerunt
3626 1645 3796 1708 feretro,

2245 1752 2632 1818 dixeruntque
2655 1746 2721 1800 ad
2778 1745 3025 1798 invicem
3073 1739 3366 1807 apostoli:
3418 1738 3550 1802 Quis
3611 1735 3797 1805 palmam

560 1817 724 1870 Tunc
757 1814 938 1868 Maria
971 1812 1306 1905 P’?.stfa"“.
1322 1824 1382 1862 se
1416 1824 1477 1905 Ψ.
1510 1812 1858 1905 Pawmenlo’
1885 1805 2134 1905 “9”?”
2167 1842 2212 1905 Β
2243 1843 2392 1896 banc
2417 1805 2553 1894 ante:
2575 1840 2849 1890 feretrum
2883 1833 3012 1903 ejus
3074 1827 3375 1901 portabit?
3431 1829 3582 1881 Tunc
3612 1825 3798 1880 Joannes

487 1906 821 1969 Dominum,
870 1917 997 1973 qua
1029 1898 1170 1954 dixit
1207 1915 1219 1952 :
1273 1898 1644 1951 Benedictum
1701 1911 1911 1949 nomen
1940 1893 2134 1965 glorias

485 2001 620 2060 ture,
649 1992 889 2048 Domine
915 1997 1068 2046 Deus
1101 2005 1285 2051 meus,
1339 1987 1439 2058 qui
1484 1987 1759 2057 dignatus
1802 2001 1860 2039 es
1906 2000 1996 2038 me
2027 1983 2137 2037 hu-

487 2083 794 2140 millimam
830 2080 1102 2137 ancillam
1135 2085 1296 2133 tuam
1325 2077 1560 2148 eligere,
1616 2081 1672 2130 et
1718 2091 1998 2130 arcanum
2052 2072 2138 2128 tui

495 2171 759 2244 mysterii
806 2168 953 2224 mihi
1014 2167 1446 2224 commendare.
1520 2166 1741 2221 Memor
1786 2163 1962 2235 igitur
2016 2167 2139 2218 esto

493 2261 629 2316 mei.
666 2265 780 2315 Rex
810 2258 1027 2331 glorias.
1062 2258 1148 2311 Tu
1182 2255 1336 2311 enim
1369 2254 1483 2310 scis
1544 2254 1680 2325 quia
1723 2254 1782 2308 in
1815 2257 1935 2308 toto
1969 2253 2142 2307 corde

497 2366 625 2404 meo
659 2348 832 2403 dilexi
885 2351 960 2414 te,
1018 2351 1073 2402 et
1104 2344 1390 2400 custodivi
1435 2344 1778 2399 thesaurum
1826 2359 1858 2396 a
1899 2347 1955 2397 te
1996 2340 2140 2396 mihi

496 2438 802 2495 creditum.
855 2435 1096 2506 Suscipe
1139 2435 1335 2504 itaque
1385 2450 1499 2501 me,
1553 2433 1812 2498 Domine,
1869 2430 2140 2486 ancillam

495 2535 681 2592 tuam,
711 2530 768 2582 et
797 2525 982 2580 libera
1013 2539 1104 2578 me
1127 2540 1159 2578 a
1187 2527 1468 2594 potestate
1492 2521 1884 2586 tenebrarum,
1923 2523 1986 2573 ut
2017 2518 2145 2574 nul-

495 2617 590 2673 lus
612 2617 836 2672 Satanas
867 2614 1123 2685 impetus
1153 2616 1416 2668 occurrat
1470 2610 1634 2678 mihi,
1670 2626 1772 2666 nec
1805 2609 2028 2664 videam
2070 2612 2148 2663 te-

498 2713 622 2763 tros
652 2706 896 2777 spiritus
927 2707 1324 2760 occursantes.
1365 2701 1468 2756 Cui
1497 2700 1760 2756 Salvator
1801 2699 2102 2769 respondit
2128 2722 2143 2755 :

494 2800 639 2852 Cum
673 2811 781 2868 ego
806 2795 1025 2849 missus
1060 2813 1088 2847 a
1112 2793 1278 2848 Patre
1311 2808 1412 2864 pro
1446 2792 1632 2846 salute
1666 2789 1867 2844 mundi
1902 2787 2145 2843 fuissem

499 2901 826 2956 suspensus
858 2884 916 2938 in
949 2899 1139 2949 cruce,
1191 2882 1262 2936 ad
1297 2898 1390 2936 me
1450 2881 1719 2953 princeps
1768 2879 2143 2934 tenebrarum

502 2976 677 3044 venit,
702 2974 805 3029 sed
837 2975 977 3028 dum
1011 2972 1240 3026 nullum
1275 2971 1364 3026 sui
1400 2971 1458 3025 in
1493 2986 1581 3025 me
1612 2969 1803 3040 operis
1833 2967 2145 3037 vestigium

493 3063 753 3118 invenire
788 3059 1108 3132 praevaluit,
1142 3061 1330 3115 victus
1361 3065 1417 3114 et
1437 3059 1808 3114 conculcatus
1839 3057 2143 3112 abscessit.

493 3151 648 3218 Vidi,
681 3155 736 3204 et
757 3153 819 3205 tu
850 3165 987 3220 ergo
1013 3149 1239 3204 videbis
1265 3165 1398 3203 eum
1425 3148 1657 3217 quidem
1691 3147 1985 3202 communi
2022 3146 2148 3217 lege

502 3238 744 3296 humani
777 3237 1028 3309 generis,
1073 3253 1174 3309 per
1216 3253 1389 3308 quam
1437 3236 1664 3291 sortiris
1713 3235 1889 3289 ﬁnem
1924 3235 2148 3301 mortis,

506 3344 713 3384 nocere
742 3332 943 3383 autem
976 3342 1094 3383 non
1122 3327 1334 3398 poterit
1363 3327 1492 3393 tibi,
1527 3327 1664 3398 quia
1690 3325 1836 3382 nihil
1867 3326 1926 3381 in
1960 3330 2015 3382 te
2045 3325 2156 3381 ha-

507 3418 624 3483 bet,
658 3423 714 3472 et
745 3417 884 3488 quia
929 3421 1126 3472 tecum
1159 3432 1313 3484 sum,
1347 3421 1412 3471 ut
1443 3431 1638 3471 eruam
1672 3423 1746 3472 te.
1807 3415 1945 3471 Veni
1976 3415 2157 3486 igitur

502 3514 628 3582 jam
663 3525 889 3576 secura,
923 3510 1061 3580 quia
1086 3511 1382 3580 exspectat
1403 3510 1458 3561 te
1488 3504 1739 3561 coalestis
1771 3505 1898 3560 vitae
1921 3504 2151 3571 militia,

511 3603 575 3654 ut
599 3604 653 3653 te
674 3597 1040 3654 introducam
1067 3597 1127 3651 in
1149 3593 1406 3668 paradisi
1431 3594 1664 3666 gaudia.
1692 3598 1763 3649 Et
1786 3593 1906 3648 haec
1929 3592 2154 3648 dicente

509 3688 780 3756 Domino,
813 3703 1133 3758 exsurgens
1158 3684 1500 3740 beatissima
1529 3682 1701 3754 Virgo
1733 3683 1805 3738 de
1826 3683 2155 3754 pavimento

508 3778 779 3835 accubuit
805 3793 980 3849 super
1010 3776 1225 3832 lectum
1258 3791 1458 3843 suum,
1489 3777 1546 3830 et
1575 3773 1790 3846 gratias
1835 3789 2010 3844 agens
2043 3773 2156 3828 Do-

511 3867 666 3923 mino
697 3867 834 3937 Deo,
887 3866 1079 3922 emisit
1109 3865 1403 3938 spiritum.
1450 3863 1736 3919 Viderunt
1780 3868 1974 3918 autem
2027 3879 2159 3934 apo-

510 3956 643 4012 stoli
679 3959 908 4012 tantum
946 3954 1093 4010 lucis
1124 3957 1458 4019 candorem,
1492 3959 1556 4007 ut
1599 3951 1764 4008 nulla
1819 3951 2153 4007 mortalium

513 4046 716 4116 lingua
740 4045 915 4115 digne
959 4044 1143 4114 possit
1172 4043 1355 4098 eli‘ari.
1397 4041 1679 4097 Vincebat
1735 4041 1888 4096 enim
1925 4057 2156 4096 omnem

511 4133 820 4188 candorem
845 4132 1020 4199 nivis,
1052 4136 1108 4187 et
1154 4131 1410 4188 universi
1448 4130 1687 4200 metalli,
1720 4135 1776 4187 et
1805 4131 2030 4201 argenti
2062 4147 2155 4184 ra-

512 4221 728 4292 diantis
757 4237 968 4293 magna
997 4221 1280 4276 claritate.

1144 4326 1374 4383 CAPUT
1413 4328 1514 4382 IX.

585 4438 749 4493 Tunc
777 4434 1035 4492 Salvator
1062 4435 1298 4491 locutus
1318 4438 1427 4505 est,
1460 4434 1699 4491 dicens:
1734 4434 1936 4507 Surge,
1973 4435 2156 4502 Petre,

514 4531 576 4583 tu
601 4530 657 4582 et
678 4525 887 4597 reliqui
919 4524 1190 4597 apostoli,
1213 4529 1271 4580 et
1299 4541 1511 4597 corpus
1542 4524 1733 4580 Marias
1763 4523 1985 4578 dilectae
2019 4540 2158 4580 mea
2190 4543 2236 4607 Β

515 4616 783 4686 accipite,
817 4620 875 4670 et
902 4615 1120 4670 deferte
1149 4614 1293 4669 illud
1326 4615 1385 4669 in
1426 4615 1723 4669 dexteram
1765 4617 1988 4686 partem
2021 4612 2157 4668 civi-

515 4703 655 4758 tatis
686 4704 756 4757 ad
789 4703 1092 4773 orientem,
1125 4706 1182 4758 et
1210 4701 1516 4757 invenietis
1564 4706 2014 4757 monumentum
2056 4716 2160 4756 no-

517 4808 680 4860 vum,
702 4793 761 4847 in
777 4809 890 4864 quo
921 4799 1201 4864 ponentes
1218 4807 1367 4862 eam,
1389 4796 1717 4863 exspectate
1729 4793 1912 4848 donec
1931 4790 2158 4847 veniam

519 4882 594 4939 ad
623 4899 743 4939 vos.
777 4883 847 4938 Et
877 4881 996 4937 haec
1027 4882 1224 4937 dicens
1283 4882 1566 4936 Dominus
1617 4882 1855 4936 tradidit
1900 4881 2159 4936 animam

521 4976 737 5028 sanctas
767 4971 970 5027 matris
1000 4975 1210 5026 nostrae
1236 4970 1447 5038 Maria,
1500 4970 1765 5027 Micbaeli
1810 4969 2160 5042 arcbangelo

519 5079 648 5129 suo,
681 5061 783 5133 qui
808 5067 897 5116 est
913 5060 1256 5133 praepositus
1281 5060 1560 5132 paradisi,
1583 5066 1639 5116 et
1669 5061 1940 5132 princeps
1969 5059 2158 5132 gentis

517 5153 895 5209 Ilebreorum
922 5166 935 5205 :
968 5154 1026 5205 et
1055 5149 1283 5206 Gabriel
1325 5148 1710 5221 archangelus
1746 5150 1870 5205 ibat
1905 5166 2038 5204 cum
2071 5165 2158 5205 ea.

515 5241 806 5298 Dominus
838 5243 1032 5296 autem
1080 5237 1342 5294 Salvator
1370 5242 1569 5294 noster
1625 5237 1825 5294 statim
1856 5237 1916 5293 in
1951 5238 2162 5296 coelum

519 5347 654 5388 cum
691 5329 918 5402 angelis
953 5332 1218 5401 receptus
1249 5334 1356 5384 est.

1181 5434 1413 5492 CAPUT
1442 5434 1506 5491 X.

593 5549 737 5602 Tres
768 5546 963 5602 antem
996 5544 1251 5616 virgines
1300 5561 1427 5616 quas
1468 5544 1684 5601 ibidem
1715 5548 1902 5617 erant,
1935 5549 1993 5602 et
2021 5545 2164 5619 vigi-

522 5634 761 5703 labant;
795 5639 1182 5704 eusceperunt
1235 5650 1448 5705 corpus
1507 5634 1860 5692 beatissimus
1905 5636 2163 5708 parentis

2247 1931 2417 1988 aitad
2451 1929 2678 1983 Petrum
2704 1940 2718 1980 :
2749 1929 2832 1978 Tu
2858 1923 2956 1994 qui
2989 1921 3268 1994 praecedis
3303 1935 3408 1974 nos
3435 1919 3492 1972 in
3523 1915 3798 1988 apostolatu.

2249 2021 2422 2076 debes
2457 2017 2708 2089 palmam
2744 2014 2894 2067 hanc
2927 2019 3057 2066 ante
3084 2011 3364 2065 feretrum
3393 2003 3803 2062 meritoferre.Cui

2249 2111 2452 2165 Petrus
2483 2104 2785 2177 respondit
2819 2120 2832 2158 :
2867 2103 2954 2157 Tu
2985 2100 3147 2156 solus
3176 2115 3242 2154 ex
3278 2097 3447 2153 nobis
3478 2096 3626 2166 virgo
3651 2110 3698 2148 es
3727 2094 3807 2147 ele-

2249 2205 2379 2253 ctus
2403 2213 2435 2251 a
2465 2193 2710 2250 Domino
2743 2208 2756 2246 :
2791 2201 2846 2246 et.
2892 2195 3112 2244 tantam
3175 2188 3427 2260 gratiam
3484 2183 3728 2247 invenisti,
3764 2184 3807 2233 ut

2250 2303 2424 2356 super
2453 2289 2654 2356 pectus
2679 2284 2810 2352 ejus
2863 2278 3252 2335 recumberes.
3287 2277 3528 2346 Insuper
3555 2275 3674 2328 dum
3719 2271 3809 2340 ipse

2252 2393 2353 2450 pro
2387 2373 2574 2429 salute
2608 2380 2797 2427 nostra
2829 2369 2886 2424 in
2921 2367 3108 2424 crucis
3137 2367 3342 2437 stipite
3385 2363 3658 2436 penderet,
3705 2360 3811 2412 hanc

2253 2465 2357 2520 tibi
2388 2479 2485 2518 ore
2517 2461 2749 2533 pr0prio
2808 2456 3257 2513 commendavit.
3313 2454 3401 2508 Tu
3450 2452 3610 2522 igitur
3651 2458 3812 2520 portare

2254 2556 2431 2611 debes
2463 2552 2613 2608 hanc
2647 2549 2925 2622 palmam,
2959 2551 3132 2616 etego
3164 2543 3485 2614 suscipiam
3506 2542 3567 2595 ad
3592 2538 3811 2594 sustinen-

2254 2645 2396 2699 dum
2429 2644 2867 2699 sacrosanctum
2903 2636 3012 2690 hoc
3035 2643 3089 2690 et
3116 2632 3449 2688 venerabile
3477 2645 3662 2701 corpus
3687 2639 3814 2695 usque

2256 2735 2324 2789 ad
2351 2734 2541 2788 locum
2574 2726 2960 2785 monumenti.
2991 2723 3092 2780 Cui
3125 2721 3345 2778 Paulus
3376 2721 3493 2777 ait:
3527 2721 3587 2774 Et
3626 2733 3709 2790 ego
3747 2715 3813 2784 qui

2253 2823 2453 2896 junior
2497 2837 2629 2876 sum
2686 2817 2949 2873 omnium
3009 2817 3292 2882 vestrum,
3357 2810 3584 2882 portabo
3661 2812 3813 2861 tecum~

2257 2919 2515 2984 Cumque
2549 2906 2987 2966 consensissent
3035 2921 3252 2960 omnes.
3325 2908 3522 2958 Petrus
3600 2898 3816 2953 cleransi

2258 2982 2444 3072 capite
2503 2999 2778 3052 feretrum
2836 2992 3013 3062 cmpit
3059 2991 3327 3060 psallere,
3384 2994 3439 3045 et
3489 2982 3816 3044 dicere:E.riit

2259 3090 2432 3146 Israel
2461 3088 2526 3145 de
2554 3089 2802 3157 Egypto,
2835 3081 3103 3137 Alleluia.
3137 3081 3480 3136 Sustinebat
3535 3082 3700 3132 autem
3726 3086 3815 3126 cum

2179 3195 2222 3261 ί]
2261 3197 2326 3238 eo
2361 3179 2595 3248 Paulus,
2629 3192 2859 3233 sacrum
2893 3182 3067 3234 beata;
3127 3192 3364 3247 semper
3417 3167 3640 3241 virginis
3687 3159 3816 3261 Maris

2262 3287 2497 3342 corpus,
2528 3245 2589 3324 et.
2629 3269 2890 3324 Joannes
2947 3273 3082 3323 ante
3113 3245 3393 3322 feretrum
3423 3255 3720 3333 praeferebat
3743 3245 3820 3320 pal-

2263 3377 2414 3418 mam
2447 3359 2708 3416 luminis.
2739 3359 2936 3414 Ceteri
2971 3374 3104 3414 vero
3135 3353 3388 3428 apostoli
3423 3346 3709 3424 psallebant
3729 3351 3818 3393 voce

2261 3466 2633 3508 suavxsmma.

2863 3556 3097 3614 CAPUT
3171 3553 3299 3608 XII.

2330 3675 2399 3728 Bt
2433 3686 2561 3728 ecce
2583 3685 2799 3725 novum
2833 3667 3049 3723 factum
3078 3668 3167 3718 est
3200 3657 3567 3716 miraculum.
3619 3641 3819 3720 Apparuit

2263 3761 2418 3816 enim
2451 3777 2664 3816 corona
2700 3757 2874 3813 nubis
2918 3770 3094 3826 super
3147 3753 3428 3807 feretrum
3463 3758 3654 3816 magna
3691 3732 3817 3826 valde,

2262 3853 2415 3906 sicut
2435 3864 2715 3922 apparere
2737 3849 2884 3903 solet
2911 3824 3161 3915 magnus
3193 3839 3456 3896 circulus
3495 3837 3648 3922 juxta
3672 3824 3812 3922 spicu-

2263 3942 2465 3996 dorem
2499 3942 2669 3995 Iunis.
2701 3938 2770 3992 Et
2792 3914 3133 4006 angelorum
3165 3929 3455 3986 exercitus
3487 3920 3677 3991 eratin
3699 3914 3816 4006 nubi:

2263 4027 2695 4098 bus,canticum
2728 4021 3032 4080 suavitatis
3073 4016 3558 4082 emittentium,et
3587 4001 3818 4098 resonabat

2263 4125 2421 4176 terra
2450 4118 2642 4175 sonitu
2665 4114 2991 4172 dulcedinis
3024 4125 3269 4181 magnae.
3294 4107 3461 4162 Tunc
3521 4108 3746 4172 egressus
3776 4087 3819 4140 de

2265 4209 2495 4265 civitate
2522 4206 2774 4279 populus
2806 4205 2922 4258 fere
2954 4198 3292 4272 quindecim
3332 4194 3514 4250 millia
3566 4185 3817 4245 hominum.

2265 4298 2649 4363 mirabantur,
2681 4293 2938 4349 dicentes
2971 4308 2989 4346 :
3019 4289 3158 4353 Quis
3185 4291 3274 4342 est
3298 4285 3527 4342 sonitus
3549 4282 3693 4334 tanta
3730 4282 3818 4363 sut'

2265 4387 2504 4447 vitatis?
2534 4361 2695 4442 Tunc
2727 4383 2884 4440 stetit
2914 4397 3089 4449 unus,
3127 4379 3229 4450 qui
3277 4377 3493 4432 diceret
3534 4371 3664 4427 illis:
3698 4361 3819 4418 Maria

2266 4481 2447 4535 Mater
2477 4478 2616 4533 Jesu
2651 4474 2789 4529 exiit
2808 4472 2976 4527 modo
3010 4471 3079 4523 de
3111 4483 3371 4540 corpore,
3397 4469 3451 4520 et
3474 4456 3707 4532 discipuli
3729 4454 3816 4507 lesu

2269 4570 2424 4624 circa
2441 4582 2570 4622 eam
2599 4565 2804 4620 laudes
2836 4562 3058 4616 dicunt.
3100 4559 3166 4613 Et
3214 4556 3584 4628 respicientes
3626 4540 3817 4600 viderunt

2269 4659 2611 4714 coronatum
2639 4651 2831 4708 feretri
2855 4647 3130 4704 lectulum
3166 4662 3382 4718 magna
3439 4639 3629 4716 gloria.
3653 4639 3696 4691 et
3731 4642 3816 4699 3P0‘

2269 4747 2448 4803 stolos
2478 4746 2777 4800 cantantes
2806 4755 2941 4796 voce
2973 4753 3204 4809 magna.
3237 4735 3301 4790 Et
3332 4749 3463 4790 ecce
3489 4746 3624 4786 unus
3649 4742 3703 4780 ex
3726 4718 3816 4809 illis,

2268 4835 2369 4908 qui
2390 4837 2514 4890 erat
2543 4832 2816 4905 princeps
2847 4808 3216 4883 sacerdotum
3247 4823 3572 4880 Judeorum
3598 4819 3648 4871 in
3681 4808 3816 4866 ordine

2269 4903 2374 4981 suo
2405 4903 2662 4994 repletus
2693 4925 2780 4974 est
2813 4919 3006 4972 furore
3032 4921 3087 4971 et
3119 4916 3224 4983 ira,
3257 4920 3313 4970 et
3342 4913 3485 4969 dixit
3515 4911 3579 4965 ad
3609 4903 3813 4971 reliquus:

2271 5015 2410 5070 Ecce
2441 5008 2885 5068 tabernaculum
2920 5006 3080 5061 illius
3109 5005 3210 5076 qui
3243 5022 3349 5060 nos
3381 5001 3618 5059 turbavit
3651 4995 3814 5076 statuae

2269 5119 2454 5175 genus
2486 5104 2778 5167 nostrum,
2819 5095 3050 5167 qualem
3080 5075 3327 5166 gloriam
3383 5109 3534 5149 nunc
3554 5075 3813 5175 accipiliﬁl

2270 5164 2554 5249 accedens
2611 5187 2793 5244 voluit
2821 5164 3418 5252 evertere—feretrum,
3465 5189 3518 5238 et
3565 5188 3737 5248 corpus
3772 5164 3811 5220 Id

2269 5287 2481 5339 terram
2513 5278 2782 5348 dejicere.
2820 5279 2885 5329 Et
2916 5273 3112 5330 statim
3143 5277 3421 5330 aruerunt
3449 5284 3640 5326 manus
3687 5262 3815 5331 ejust

2272 5371 2502 5438 cubitis,
2537 5373 2593 5424 et
2621 5365 2992 5422 adhaeserunt
3021 5363 3257 5420 lectulo.
3290 5367 3356 5417 Et
3385 5356 3708 5416 elevantibus
3731 5358 3817 5415 apo-

2273 5459 2442 5516 stolis
2473 5458 2774 5524 feretrum,
2807 5470 2943 5525 pars
2965 5452 3093 5524 ejus
3125 5453 3432 5525 pendebat,
3459 5454 3512 5506 et
3550 5459 3668 5518 pars
3693 5440 3812 5528 hars-

2275 5550 2371 5606 bat
2390 5550 2462 5604 ad
2495 5544 2691 5602 feretri
2719 5541 3022 5613 lectulum,
3077 5546 3135 5598 ct
3192 5540 3563 5612 torquebatur
3604 5525 3812 5599 supplicio

2273 5636 2621 5707 vehementi,
2655 5632 3098 5692 ambulantibus
3130 5631 3484 5705 apostolis,et
3509 5614 3812 5699 psallentibus
