4000 6220
202 307 368 366 1937

1727 307 2049 368 SPURIA.

3456 311 3611 371 1238

205 441 480 496 Domino:
503 459 530 488 κ
551 439 744 509 Angeli
765 454 890 494 vero
910 439 1184 510 quierant
1211 437 1274 494 in
1302 440 1446 495 nube
1469 445 1852 510 percusserunt
1880 444 1934 510 Α
1965 454 2117 495 mam
2155 453 2332 512 super
2361 441 2559 494 oculos
2592 454 2816 504 eorum,
2845 447 3185 512 receperunt
3223 443 3435 499 visum.
3463 444 3604 508 Qui-

206 533 472 604 p0pu1um
500 532 764 588 cessitate.

824 634 1054 691 CAPUT
1095 635 1239 691 XIII.

280 746 444 799 Tunc
468 743 739 815 princeps
763 741 859 797 ille
881 740 1172 798 clamabat
1202 742 1402 798 dicens
1436 759 1448 798 :
1478 743 1760 814 Deprecor
1779 747 1856 807 te,

209 835 419 890 dilecte
452 835 567 888 Deo
591 836 776 899 Petre,
829 844 900 885 ne
932 845 1023 886 me
1054 831 1342 903 despicias
1376 833 1435 887 in
1469 837 1622 887 tanta
1657 849 1858 888 neces-

209 929 406 993 sitate,
438 927 577 997 quia
608 925 913 980 tormentis
934 926 1164 995 magnis
1188 924 1416 980 crucior
1432 925 1615 981 valde.
1640 925 1862 980 Memor

209 1022 336 1072 esto
356 1017 509 1087 quod
534 1015 769 1086 quando
792 1015 849 1068 in
876 1015 1144 1084 praetorio
1185 1013 1398 1070 ancilla
1429 1015 1668 1070 ostiaria
1699 1019 1753 1070 te
1777 1030 1857 1070 ro-

211 1104 501 1175 cognovit,
553 1108 609 1158 et
649 1102 793 1157 dixit
839 1103 1082 1171 caeteris,
1116 1101 1699 1158 utcalumniarentur
1727 1101 1858 1169 tibi,

212 1204 350 1249 tunc
383 1209 488 1263 ego
511 1191 743 1246 locutus
764 1208 896 1246 sum
922 1207 1024 1261 pro
1056 1196 1112 1246 te
1133 1191 1480 1248 bona.Tunc
1499 1193 1861 1264 respondens

207 1287 416 1340 Petrus
441 1283 521 1337 ait
553 1297 566 1336 :
603 1283 723 1335 Non
747 1285 836 1335 est
868 1297 1063 1335 meum
1095 1279 1362 1335 auxiliari
1398 1280 1502 1334 tibi
1529 1294 1544 1346 ;
1578 1281 1628 1334 si
1664 1284 1860 1335 autem

210 1370 530 1428 credideris
553 1374 672 1424 toto
689 1369 862 1424 corde
893 1369 951 1424 in
975 1369 1286 1423 Dominum
1313 1368 1515 1423 Jesum
1538 1367 1860 1438 Christum,

213 1478 391 1533 quem
425 1461 482 1514 in
515 1475 620 1514 suo
651 1463 852 1513 sancto
887 1463 1049 1512 utero
1080 1457 1200 1512 haec
1233 1457 1325 1512 cui
1357 1457 1748 1514 calumniatus
1774 1475 1862 1528 es,

210 1549 390 1620 Virgo
415 1547 683 1620 portavit,
717 1551 774 1601 et
823 1551 952 1615 post
1000 1552 1232 1617 partum
1295 1546 1458 1618 virgo
1513 1549 1858 1619 permansit,

213 1638 524 1695 clementia
557 1635 787 1692 Domini
821 1639 877 1690 et
905 1635 1067 1705 larga
1115 1635 1242 1705 ejus
1283 1635 1486 1705 pietas,
1519 1654 1645 1707 quae
1677 1637 1861 1693 salvat

211 1727 507 1796 indignos,
543 1725 708 1780 dabit
738 1725 843 1780 tibi
862 1723 1228 1779 salutem.Ad
1256 1727 1376 1781 haec
1401 1725 1496 1780 ille
1511 1727 1814 1798 respondit
1841 1744 1854 1782 :

206 1815 486 1887 Nunquid
522 1831 636 1869 non
670 1813 966 1868 credimus
996 1812 1022 1866 ?
1053 1814 1156 1868 sed
1207 1814 1346 1884 quid
1381 1814 1684 1881 faciemus,
1719 1815 1856 1886 quia
1886 1802 1932 1866 B

208 1905 490 1961 inimicus
513 1901 756 1957 humani
786 1902 1015 1974 generis
1039 1903 1342 1958 excmcavit
1371 1903 1545 1959 corda
1570 1909 1857 1967 nostra,et

209 1993 478 2051 confusio
508 1993 735 2064 operuit
774 1990 997 2046 vultum
1032 2000 1318 2060 nostrum,
1360 2009 1430 2047 ne
1474 1993 1857 2048 conﬁteamur

212 2082 510 2156 magnalia
527 2081 641 2148 Dei,
668 2081 918 2136 maxime
939 2098 1073 2136 cum
1099 2080 1210 2152 ipsi
1230 2081 1636 2139 malediximus
1657 2089 1859 2138 contra

210 2173 513 2231 Christum
566 2171 760 2242 palam
815 2169 1180 2227 clamantes:
1238 2171 1476 2240 Sanguis
1531 2173 1650 2240 eius
1696 2187 1860 2242 super

212 2279 334 2328 nos,
364 2270 415 2318 et
441 2277 603 2332 super
631 2261 777 2329 ﬁlios
797 2262 1006 2314 nostra:
1035 2262 1110 2330 (α)
1143 2259 1350 2315 ?Tunc
1373 2262 1668 2317 Petrusait
1693 2279 1705 2315 :
1732 2261 1859 2316 Haec

214 2350 550 2408 maledictio
581 2349 654 2404 iis
684 2348 825 2405 solis
857 2350 1107 2415 nocebit,
1141 2349 1240 2422 qui
1286 2349 1552 2406 inﬁdeles
1596 2367 1862 2422 perman-

215 2446 422 2502 serint.
456 2441 940 2498 Convertentibus
973 2449 1165 2497 autem
1201 2459 1262 2498 se
1294 2443 1363 2497 ad
1396 2443 1600 2511 Deum,
1637 2443 1861 2500 miseri-

213 2536 418 2593 cordia
447 2551 562 2590 non
597 2539 862 2604 negatur.
896 2533 965 2587 Et
989 2531 1088 2587 ille
1118 2531 1200 2588 ait
1236 2549 1249 2588 :
1285 2533 1495 2588 Omnia
1543 2534 1712 2590 credo
1735 2551 1862 2605 qua

213 2625 386 2693 dicis,
415 2628 644 2681 tantum
675 2638 879 2694 precor
907 2621 1120 2676 misere
1151 2637 1224 2677 ne
1256 2623 1490 2679 moriar.

818 2729 1056 2787 CAPUT
1097 2730 1250 2788 XIV.

285 2841 452 2895 Tunc
484 2841 690 2894 Petrus
736 2835 872 2891 fecit
919 2841 1068 2890 stare
1098 2835 1404 2902 lectulum,
1437 2839 1494 2891 et
1520 2835 1602 2891 ait
1631 2835 1714 2890 illi
1751 2851 1765 2890 :
1799 2837 1859 2892 Si

215 2927 536 2986 credideris
568 2930 686 2982 toto
718 2925 892 2982 corde
922 2925 979 2979 in
1016 2924 1324 2979 Dominum
1345 2925 1542 2980 Jesum
1563 2925 1858 2981 Christum

213 3020 516 3076 solventur
547 3035 580 3072 a
612 3016 819 3072 feretro
851 3031 1058 3070 manus
1116 3018 1251 3070 tuae.
1293 3015 1362 3069 Et
1409 3032 1539 3070 cum
1575 3015 1814 3071 dixisset
1845 3033 1859 3072 :

210 3110 334 3165 Hoc
364 3108 556 3173 credo,
591 3107 788 3161 statim
813 3105 1014 3160 soluta:
1037 3109 1174 3160 sunt
1194 3121 1402 3159 manus
1425 3106 1550 3175 ejus
1573 3122 1605 3160 a
1629 3106 1858 3174 feretro,

1965 545 2199 599 cunque
2227 534 2454 584 tantum
2486 545 2555 584 ex
2583 529 2667 584 eis
2699 534 3109 600 permanentes
3143 531 3200 585 in
3234 532 3448 588 duritia
3487 551 3608 590 cor-

1966 617 2076 683 dis,
2109 616 2241 672 caci
2275 619 2492 672 mortui
2526 623 2687 673 sunt.
2722 618 2788 672 Et
2817 634 3091 688 egressus
3127 619 3391 690 princeps
3414 639 3604 676 sacer-

1967 708 2168 762 dotum
2197 709 2264 762 ad
2280 706 2592 778 apostolos,
2616 708 2821 763 retulit
2842 708 3118 779 palmam,
3143 710 3398 764 referens
3419 711 3612 766 omnia

1967 813 2093 870 qua)
2125 798 2363 853 fuerunt
2393 797 2562 854 facta.

2589 905 2821 961 CAPUT
2846 905 2989 961 XVI.

2037 1013 2281 1069 Mariam
2314 1016 2509 1068 autem
2534 1016 2828 1084 portantes
2858 1014 3104 1085 apostoli
3138 1022 3518 1085 pervenerunt
3542 1017 3609 1070 ad

1964 1099 2159 1158 locum
2181 1101 2350 1158 vallis
2365 1102 2672 1173 Josaphat,
2698 1119 2869 1174 quem
2905 1104 3238 1159 ostenderat
3270 1103 3388 1158 illis
3414 1104 3613 1158 Domi—

1966 1210 2099 1250 nus.
2133 1193 2200 1248 Et
2255 1197 2577 1264 posuerunt
2633 1208 2760 1246 eam
2816 1192 2874 1246 in
2931 1198 3310 1248 monumento
3352 1209 3520 1258 novo,
3555 1199 3612 1249 et

1966 1281 2679 1353 clauseruntsepulcrum.
2707 1282 2821 1353 Ipsi
2843 1298 2976 1337 vero
3009 1282 3372 1338 sederuntad
3395 1283 3610 1340 ostium

1969 1372 2357 1439 monumenti,
2419 1371 2572 1426 sicut
2625 1372 3003 1426 mandaverat
3058 1372 3141 1426 eis
3189 1372 3494 1426 Dominus.
3546 1374 3614 1428 Et

1967 1477 2096 1517 ecce
2129 1460 2325 1516 subito
2353 1460 2590 1516 advenit
2628 1460 2910 1515 Dominus
2933 1461 3098 1516 Jesus
3121 1478 3250 1516 cum
3274 1461 3610 1517 innumera-

1968 1549 2068 1606 bili
2099 1549 2350 1606 exercitu
2382 1547 2721 1618 angelorum
2748 1565 2972 1620 magna
3004 1547 3289 1605 claritatis
3317 1551 3481 1606 radio
3512 1567 3610 1606 co-

1970 1645 2262 1708 ruscante,
2295 1642 2350 1692 et
2371 1639 2514 1692 dixit
2545 1637 2820 1708 apostolis
2852 1654 2864 1693 :
2902 1641 3015 1694 Pax
3068 1638 3385 1694 vobiscum.
3423 1643 3496 1694 At
3527 1639 3608 1694 illi

1969 1729 2387 1801 respondentes
2417 1726 2730 1782 dixerunt:
2765 1727 2884 1781 Fiat
2915 1729 3306 1783 misericordia
3341 1734 3460 1795 tua,
3494 1729 3608 1784 Do-

1966 1819 2142 1883 mine,
2175 1833 2354 1888 super
2375 1833 2502 1884 nos,
2529 1817 3026 1887 quemadmodum
3061 1817 3422 1887 speravimus
3448 1817 3504 1869 in
3531 1821 3605 1874 te.

1965 1910 2128 1964 Tunc
2160 1907 2426 1962 SalvatOr
2449 1906 2684 1962 locutus
2730 1912 2818 1960 est
2857 1908 2963 1971 eis,
2996 1908 3196 1961 dicens
3232 1923 3244 1961 :
3273 1913 3603 1976 Antequam

1965 1997 2340 2054 ascenderem
2377 1997 2442 2049 ad
2476 1994 2703 2049 Patrem
2731 2011 2947 2061 meum,
2980 1995 3418 2066 pollicitussum
3443 1996 3607 2052 vobis

1967 2089 2186 2154 dicens,
2221 2085 2375 2158 quod
2410 2101 2512 2140 vos
2543 2085 2640 2155 qui
2674 2084 2853 2140 secuti
2886 2084 3024 2139 estis
3058 2103 3168 2151 me,
3208 2086 3263 2140 in
3301 2102 3602 2155 regenera-

1967 2179 2126 2233 tione
2143 2191 2276 2230 cum
2301 2174 2516 2229 sederit
2543 2174 2725 2229 Filius
2747 2173 3004 2228 hominis
3036 2174 3092 2228 in
3125 2176 3260 2230 sede
3283 2174 3608 2241 maiestatis

1970 2281 2110 2330 suae,
2144 2263 2422 2320 sedebitis
2453 2269 2510 2318 et
2541 2277 2638 2316 vos
2669 2278 2848 2334 uper
2875 2263 3115 2318 thronos
3156 2263 3484 2329 duodecim,
3516 2265 3608 2332 ju-

1971 2355 2232 2410 dicantes
2265 2352 2568 2406 duodecim
2603 2351 2788 2404 tribus
2825 2351 3019 2408 Israel.
3057 2352 3209 2406 Hanc
3241 2367 3376 2421 ergo
3422 2369 3488 2406 ex
3516 2352 3616 2406 tri-

1971 2445 2164 2499 bubus
2198 2441 2374 2498 Israel
2396 2439 2569 2511 elegit
2592 2440 2783 2509 jussio
2817 2439 3000 2495 Patris
3032 2441 3167 2504 mei,
3191 2448 3254 2494 ut
3287 2440 3612 2495 habitarem

1969 2533 2029 2588 in
2070 2550 2157 2601 ea,
2193 2531 2329 2602 quid
2362 2546 2495 2600 ergo
2525 2528 2701 2584 vultis
2735 2534 2798 2583 ut
2831 2530 3035 2584 faciam
3073 2533 3122 2584 ei
3150 2533 3171 2584 Ρ
3197 2530 3362 2584 Tunc
3386 2533 3614 2593 Petrus,

1971 2627 2024 2678 et
2047 2621 2147 2678 alii
2177 2620 2425 2693 apostoli
2456 2619 2763 2674 dixerunt:
2789 2617 3051 2687 Domine,
3085 2617 3430 2689 pra-elegisti
3465 2616 3615 2670 hanc

1971 2710 2242 2768 ancillam
2274 2714 2438 2764 tuam
2484 2707 2608 2762 fieri
2649 2705 3093 2762 immaculatum
3127 2707 3232 2761 tibi
3265 2704 3614 2773 thalamum,

1971 2807 2024 2858 et
2058 2817 2162 2856 nos
2193 2798 2455 2856 servulos
2484 2802 2618 2852 tuos
2641 2797 2696 2850 in
2733 2795 3123 2851 ministerium
3165 2799 3355 2849 tuum.
3407 2793 3615 2847 Omnia

1971 2895 2104 2948 ante
2133 2887 2345 2944 saecula
2368 2885 2705 2959 praescivisti
2725 2900 2859 2940 cum
2879 2885 3127 2950 Patre,et
3150 2883 3369 2955 Spiritu
3389 2887 3614 2950 sancto,

1971 2996 2102 3035 cum
2137 2978 2354 3049 quibus
2385 2975 2490 3031 tibi
2525 2979 2614 3030 est
2646 2990 2762 3028 una
2791 2973 2999 3040 deitas,
3035 2971 3273 3043 aqualis
3305 2982 3358 3027 et
3388 2970 3619 3026 inﬁnita

1972 3073 2250 3142 potestas.
2279 3065 2369 3121 Sic
2409 3081 2541 3136 ergo
2579 3063 2766 3118 visum
2812 3062 2981 3118 nobis
3015 3063 3200 3117 fuerat
3232 3060 3468 3117 famulis
3500 3059 3620 3114 tuis

209 3151 473 3266 avccspit
504 3151 662 3251 siare
691 3194 941 3265 pedibus
971 3194 1118 3260 suis,
1145 3194 1248 3249 sed
1281 3151 1860 3265 erantdbrachiaejud
1890 3171 1936 3235 ο
1976 3160 2164 3258 θίίδω,
2188 3162 2412 3266 ruitur,“
2445 3171 2572 3266 8388
2604 3171 2618 3222 δ
2654 3158 2717 3208 ιη
2748 3157 2902 3266 εἶξαι
2932 3157 3018 3217 tu’
3049 3152 3278 3266 Ῡῗῖιῗω
3303 3154 3622 3266 ωοῖίεξζῗξ

215 3286 401 3354 arida,
461 3290 519 3341 et
573 3301 687 3340 non
749 3282 1018 3338 discessit
1066 3282 1136 3337 ab
1187 3298 1252 3338 eo
1285 3282 1664 3354 supplicium.
1698 3285 1865 3341 Tunc

212 3380 424 3431 Petrus
483 3373 564 3429 ait
613 3372 695 3427 illi
750 3389 764 3428 :
825 3372 1045 3427 Accede
1102 3373 1173 3426 ad
1235 3388 1468 3444 corpus,
1511 3378 1569 3427 et
1599 3373 1864 3430 osculare

215 3464 500 3520 lectulum
531 3477 780 3534 quoque,
814 3466 871 3516 et
899 3462 992 3516 dic
1026 3477 1038 3515 :
1074 3460 1258 3516 Credo
1279 3461 1338 3516 in
1372 3461 1643 3530 Deum,et
1673 3463 1732 3517 in
1762 3463 1866 3518 Dei

216 3553 636 3622 Filium,quem
671 3550 779 3606 ista
805 3550 1261 3620 portavitJesum
1281 3549 1664 3618 Christum,et
1693 3552 1865 3606 credo

217 3641 420 3698 omnia
436 3638 1042 3712 quaecunquelocutus
1055 3643 1144 3693 est
1167 3637 1308 3692 mihi
1333 3641 1542 3694 Petrus
1565 3640 1868 3710 apostolus

219 3731 345 3786 Dei.
379 3729 444 3784 Et
466 3727 771 3795 accedens,
803 3726 1101 3782 osculatus
1127 3730 1215 3781 est
1245 3725 1550 3794 lectulum,
1586 3730 1640 3782 et
1671 3728 1866 3782 statim

223 3819 417 3875 omnis
441 3817 605 3872 dolor
625 3817 908 3872 abscessit
941 3815 1012 3870 ab
1044 3831 1132 3883 eo,
1158 3820 1214 3871 et
1245 3820 1459 3870 sanata:
1493 3826 1627 3872 sunt
1661 3833 1870 3873 manus

222 3909 540 3979 ejus.Tunc
571 3908 745 3978 cmpit
776 3907 1014 3962 laudare
1045 3911 1102 3961 et
1143 3905 1486 3962 benedicere
1521 3905 1704 3962 Deum
1754 3906 1868 3963 Iar-

225 4001 374 4070 giter
409 4015 422 4065 ;
453 4003 509 4053 et
537 3998 607 4052 de
635 3998 799 4052 libris
834 3999 1009 4068 Moysi
1041 3996 1445 4053 testimonium
1478 3998 1717 4051 reddere
1744 3996 1870 4052 lau-

227 4089 403 4144 dibus
425 4087 636 4142 Christi
661 4103 674 4141 :
697 4087 779 4142 ita
802 4096 859 4142 ut
887 4087 1061 4142 etiam
1086 4087 1197 4158 ipsi
1221 4085 1469 4158 apostoli
1492 4087 1870 4154 mirarentur,

222 4185 279 4232 et
293 4177 497 4233 ﬂerent
511 4194 624 4248 prae
639 4176 850 4248 gaudio
865 4175 1167 4231 laudantes
1180 4177 1294 4232 sub
1309 4176 1408 4230 illa
1424 4193 1626 4232 nomen
1637 4177 1869 4234 Domini.

847 4283 1094 4340 CAPUT
1133 4285 1248 4343 XV.

304 4391 508 4448 Petrus
539 4407 671 4447 vero
699 4391 846 4446 dixit
876 4392 945 4446 ad
980 4408 1114 4446 eum
1149 4409 1162 4446 :
1196 4394 1407 4464 Accipe
1438 4394 1695 4465 palmam
1720 4395 1872 4452 hanc

229 4483 299 4537 de
333 4498 510 4536 manu
545 4481 740 4536 fratris
773 4482 950 4536 nostri
973 4480 1220 4537 Joannis
1256 4500 1268 4537 :
1305 4492 1355 4537 et
1381 4483 1714 4556 ingrediens
1737 4486 1872 4540 civi-

225 4575 405 4626 tatem
455 4570 706 4626 invenies
752 4569 1034 4642 populum
1068 4571 1317 4628 multum
1345 4579 1643 4639 caecatum,
1677 4579 1734 4630 et
1765 4593 1868 4632 an-

231 4659 442 4714 nuntia
473 4660 559 4715 eis
593 4659 886 4731 magnalia
918 4661 1037 4727 Dei,
1071 4667 1127 4716 et
1158 4663 1494 4734 quicunque
1524 4664 1879 4720 crediderint

224 4749 286 4804 in
320 4749 629 4804 Dominum
684 4749 886 4804 Jesum
949 4749 1270 4818 Christum,
1315 4751 1586 4824 impones
1621 4753 1875 4825 palmam

228 4840 379 4894 hanc
412 4855 590 4910 super
619 4838 819 4893 oculos
848 4854 1072 4905 eorum,
1125 4845 1180 4894 et
1227 4840 1512 4896 videbunt
1566 4843 1697 4897 caeci
1729 4859 1742 4896 :
1777 4843 1877 4913 qui

229 4934 426 4984 autem
451 4945 566 4983 non
589 4927 1395 4998 crediderint,permanebunt
1417 4931 1572 4986 caeci.
1599 4931 1707 4995 Qui
1741 4948 1876 4987 cum

232 5017 469 5072 fecisset
500 5015 602 5084 ita,
634 5015 856 5070 invenit
885 5013 1164 5086 populum
1194 5017 1440 5072 multum
1475 5019 1874 5091 plangentem,

229 5111 290 5162 et
321 5105 612 5160 dicentem
644 5121 657 5160 :
710 5104 807 5160 Vas
857 5105 1046 5173 nobis,
1079 5106 1211 5175 quia
1243 5107 1470 5163 similes
1502 5109 1635 5164 facti
1669 5126 1877 5166 sumus

234 5195 553 5252 Sodomitis
569 5193 822 5249 caecitate
839 5195 1132 5264 percussis
1148 5193 1161 5249 l
1182 5195 1272 5249 Nil
1297 5202 1557 5266 superest
1570 5199 1692 5267 jam
1709 5198 1878 5254 nobis

230 5285 344 5340 nisi
375 5289 435 5338 ut
469 5283 946 5352 pereamus.Cum
979 5289 1176 5339 autem
1201 5285 1508 5340 audissent
1531 5287 1702 5342 verba
1717 5288 1874 5358 prin-

228 5376 379 5447 cipis
433 5373 750 5444 loquentis,
800 5374 899 5444 qui
950 5391 1131 5430 sanus
1178 5376 1383 5444 fuerat,
1415 5377 1789 5433 crediderunt
1818 5378 1876 5432 in

233 5465 546 5521 Dominum
581 5468 784 5520 Jesum
817 5465 1109 5521 Christum
1147 5485 1161 5535 ;
1196 5471 1253 5520 et
1290 5466 1626 5538 imponente
1665 5483 1728 5522 eo
1761 5467 1880 5539 pal-

307 5593 388 5665 (α)
412 5592 613 5648 Matth.
646 5609 819 5660 xxvu,
841 5593 932 5650 25.

1973 3267 2121 3324 gnas
2152 3248 2207 3303 in
2233 3247 2439 3319 gloria,
2467 3245 2547 3300 ita
2570 3242 2926 3299 recuscitans
2952 3243 3155 3295 matris
3181 3239 3624 3308 corpusculum,

1973 3347 2037 3396 tu
2069 3344 2261 3395 tecum
2294 3339 2538 3391 duceres
2569 3349 2694 3389 eam
2723 3333 2916 3387 latam
2949 3333 3008 3387 in
3033 3332 3266 3387 caelum.

2583 3440 2808 3496 CAPUT
2850 3439 3020 3496 XVII.

2046 3559 2206 3608 Tunc
2235 3551 2494 3606 Salvator
2524 3549 2606 3604 ait
2637 3563 2651 3602 :
2687 3548 2813 3602 Fiat
2863 3547 3186 3602 secundum
3233 3547 3474 3601 verbum
3524 3563 3624 3602 ve-

1977 3648 2188 3708 strum,
2223 3646 2279 3696 et
2311 3638 2581 3711 praecepit
2611 3635 2856 3690 Michael
2888 3634 3332 3705 archangelo,ut
3362 3635 3620 3689 animam

1978 3735 2191 3788 sanctae
2224 3727 2417 3783 Mariis
2450 3726 2718 3780 deferret.
2755 3725 2823 3777 Et
2855 3739 2984 3777 ecce
3018 3727 3249 3793 repente
3285 3722 3512 3777 Gabriel
3537 3740 3625 3777 ar-

1979 3819 2298 3890 changelus
2331 3814 2568 3871 revolvit
2597 3811 2852 3883 lapidem
2889 3811 2959 3866 ab
2985 3811 3132 3865 ostio
3162 3811 3547 3878 monumenti,
3568 3817 3625 3867 et

1979 3911 2058 3967 ait
2092 3907 2372 3965 Dominus
2408 3905 2650 3972 :Surge,
2679 3901 2868 3955 amica
2900 3916 3044 3963 mea,
3072 3904 3128 3955 et
3160 3901 3423 3971 proxima
3448 3917 3575 3955 mea
3610 3919 3622 3968 ;

1980 4016 2108 4072 qua
2141 4014 2255 4052 non
2288 3992 2526 4050 sensisti
2556 3989 2990 4061 corruptionem
3015 4005 3118 4060 per
3136 3988 3243 4042 viri
3268 3993 3624 4055 contactum,

1981 4107 2096 4146 non
2130 4086 2368 4160 patieris
2400 4081 2813 4138 resolutionem
2846 4079 3108 4149 corporis
3142 4080 3202 4134 in
3234 4079 3526 4150 sepulcro.
3566 4080 3630 4133 Et

1980 4178 2179 4235 statim
2213 4172 2464 4232 surrexit
2518 4171 2699 4227 Maria
2753 4171 2823 4224 de
2879 4169 3134 4239 tumulo,
3167 4175 3219 4223 et
3249 4167 3632 4224 benedicebat

1981 4268 2320 4334 Dominum,
2353 4273 2407 4320 et
2439 4259 2745 4335 provoluta
2773 4259 2844 4313 ad
2871 4259 3044 4328 pedes
3076 4258 3326 4324 Domini,
3352 4257 3633 4313 adorabat

1981 4373 2139 4422 eum,
2164 4356 2364 4411 dicens
2400 4369 2412 4406 :
2448 4351 2572 4407 Non
2605 4365 2711 4420 ego
2741 4347 2847 4404 tibi
2877 4347 3200 4418 condignas
3243 4349 3458 4416 gratias
3494 4363 3625 4415 pos-

1991 4463 2124 4502 sum
2168 4441 2502 4516 rependere,
2551 4439 2811 4504 Domine,
2871 4453 2974 4508 pro
3019 4435 3301 4507 impensis
3332 4435 3629 4489 beneﬁciis

1904 4533 1958 4598 Ι)
1990 4536 2129 4600 tuis,
2190 4551 2318 4606 quae
2369 4531 2513 4586 mihi
2565 4528 2786 4585 ancilla)
2809 4531 2920 4581 tua:
2955 4526 3214 4581 conferre
3245 4525 3520 4594 dignatus
3543 4541 3624 4579 es.

1991 4627 2078 4682 Sit
2108 4639 2318 4680 nomen
2346 4627 2536 4683 tuum,
2588 4619 2934 4687 Redemptor
2983 4613 3211 4681 mundi,
3244 4614 3394 4667 Deus
3429 4613 3625 4684 Israel,

1989 4715 2360 4772 benedictum
2392 4712 2450 4766 in
2474 4709 2701 4766 saecula.

2566 4816 2802 4872 CAPUT
2843 4813 3046 4869 XVIII.

2062 4932 2130 4986 Et
2173 4929 2471 4986 osculatus
2520 4940 2647 4979 eam
2694 4922 2978 4978 Dominus
3011 4916 3273 4983 recessit,
3314 4921 3369 4971 et
3401 4916 3635 4972 tradidit

1992 5037 2119 5077 eam
2180 5016 2424 5088 angelis,
2477 5019 2541 5068 ut
2582 5013 2871 5067 deferrent
2916 5024 3044 5063 eam
3079 5008 3136 5062 in
3173 5006 3534 5078 paradisum.
3568 5006 3638 5060 Et

1993 5109 2074 5166 ait
2103 5105 2384 5179 apostolis
2417 5120 2430 5159 :
2457 5100 2722 5158 Accedite
2750 5100 2820 5154 ad
2848 5101 3031 5153 me.Et
3063 5112 3195 5151 cum
3229 5095 3638 5165 accessissent,

1993 5197 2288 5255 osculatus
2315 5199 2403 5250 est
2431 5208 2552 5260 eos,
2587 5194 2644 5246 et
2674 5190 2756 5244 ait
2787 5205 2799 5244 :
2834 5191 2952 5242 Pax
2981 5185 3146 5240 vobis
3181 5202 3194 5251 ;
3220 5183 3498 5254 quoniam
3533 5199 3637 5254 ego

1993 5303 2225 5357 semper
2254 5284 2554 5339 vobiscum
2583 5295 2714 5334 sum
2749 5293 2932 5347 usque
2957 5277 3025 5330 ad
3063 5273 3635 5329 consummationem

1991 5375 2208 5434 smeuli.
2245 5375 2310 5428 Et
2351 5372 2546 5427 statim
2591 5385 2725 5424 cum
2766 5367 2889 5422 haec
2920 5365 3161 5420 dixisset
3193 5361 3494 5425 Dominus,
3527 5359 3635 5415 ele-

1988 5472 2159 5522 vatus
2207 5463 2265 5517 in
2311 5463 2488 5529 nube,
2535 5462 2802 5530 receptus
2845 5459 2931 5511 est
2980 5455 3037 5508 in
3091 5451 3323 5519 cmlum,
3355 5459 3406 5506 et
3437 5449 3631 5521 angeli
