4000 6220
438 279 594 342 1239
1489 277 1554 336 S.
1602 273 1903 336 MBLITO
1945 275 2302 336 SABDIUM
2347 273 2799 336 EPISCOPUS.
3633 289 3748 349 mo

439 428 574 469 cum
601 427 690 481 eo,
733 411 1057 467 deterentes
1117 407 1518 464 beatissimam
1589 407 1682 462 Dei
1729 405 2078 462 Genitricem
2110 411 2161 473 Α
2195 406 2295 474 lia,
2329 410 2385 460 et
2410 406 2715 462 laudantes
2749 406 3060 463 Dominum
3102 413 3364 466 nostrum
3399 415 3578 470 Iesum
3619 418 3743 477 Chri.

439 504 676 557 Mariam
711 501 770 554 in
803 498 1136 570 paradisum
1168 495 1291 551 Dei.
1322 495 1574 567 Apostoli
1607 501 1798 551 autem
1830 494 2088 567 suscepti
2199 501 2380 560 stum,
2435 497 2537 567 qui
2587 496 2730 552 vivit
2783 501 2841 553 et
2899 501 3104 568 regnat
3152 514 3283 554 cum
3337 503 3487 556 Patre
3514 509 3565 558 et
3587 509 3750 578 Spiritu

441 596 576 647 sunt
637 606 669 644 a
721 587 996 656 nubibus,
1058 591 1116 641 et
1173 585 1388 640 reversi
1422 591 1559 640 sunt
1591 583 1997 655 unusquisque
2029 584 2086 639 in
2199 592 2421 653 sancto,
2479 585 2538 640 in
2593 584 2811 642 unitate
2869 591 3125 658 perfecta
3174 592 3228 642 et
3271 587 3328 642 in
3369 607 3476 646 una
3503 593 3755 654 divinitatis

442 685 657 734 sortem
684 676 1117 748 praedicationis
1145 693 1285 743 suis,
1318 679 1620 730 narrantes
1643 674 1836 730 divina
1860 691 2090 744 magna-
2201 673 2529 729 substantia
2565 673 2624 728 in
2656 675 2866 731 saecula
2895 679 3264 732 saeculorum.
3289 679 3481 734 Amen.

1255 987 2004 1110 MILETI
2089 978 3034 1114 EPISCOPI

1976 1213 2349 1306 LIBER

1001 1385 1104 1444 DE
1151 1385 1477 1448 ACTIBUS
1521 1382 1855 1445 JOANNIS
1899 1383 2282 1446 APOSTOLI
2337 1383 2386 1442 A
2447 1383 2725 1446 LEUCIO
2797 1381 3292 1444 CONSCRIPTIS

891 1516 1264 1587 (Bibliotheca
1289 1517 1788 1583 Anecdotorum,...
1821 1518 2006 1574 edidit
2035 1517 2232 1574 Gotth.
2265 1521 2466 1583 limus,
2502 1517 2728 1587 Lipsiae,
2758 1515 3003 1586 Weigel,
3037 1515 3196 1584 1818,
3233 1515 3410 1585 in-B.)

1889 1669 2464 1766 MONITUM

522 1872 707 1941 Opus,
741 1872 896 1944 quod
930 1872 1220 1944 sequitur,
1253 1871 1535 1942 exscripsi
1575 1888 1643 1928 ex
1689 1872 1956 1927 Vitarum
2007 1875 2344 1944 sanctorum
2395 1869 2759 1944 collectione,
2808 1889 2936 1944 quis
2977 1870 3275 1944 invenitur
3308 1871 3369 1926 in
3399 1870 3581 1926 codice
3611 1871 3777 1928 28111-

452 1942 794 1999 eobacensis
825 1942 1214 2010 bibliothecae,
1245 1945 1412 2014 cujus
1443 1960 1618 2013 supra
1650 1962 1684 1999 a
1713 1959 1805 1999 me
1827 1944 1952 2013 jam
1988 1943 2205 1999 mentio
2237 1944 2387 1998 facta
2415 1947 2524 1999 est.
2559 1943 2729 1998 Liber
2757 1943 2970 1999 saeculo
3011 1942 3362 1998 duodecimo
3388 1959 3515 1999 cum
3545 1943 3780 2014 diligentia

454 2030 521 2068 ex
553 2016 748 2069 codice
777 2016 1093 2070 vetustiore
1124 2017 1454 2086 exscriptus
1485 2019 1591 2070 est.
1623 2014 1856 2071 Necnon
1905 2015 2059 2069 idem
2107 2031 2256 2086 opus
2313 2016 2370 2069 in
2412 2014 2707 2086 undecimi
2739 2020 2841 2068 aut
2873 2015 3201 2086 duodecimi
3222 2014 3438 2086 saeculi
3470 2014 3602 2068 libro
3629 2033 3779 2069 manu-

455 2086 673 2155 scripto
706 2086 989 2141 Vaticana:
1021 2087 1266 2143 inveniri
1299 2085 1530 2141 videtur
1563 2093 1756 2151 ;certe
1787 2087 1845 2140 in
1881 2085 2240 2150 Isidorianis,
2274 2103 2401 2156 quae
2436 2085 2760 2141 Arevallius
2794 2086 3002 2141 Isidori
3037 2085 3406 2156 Hispalensis
3441 2102 3653 2156 operum
3696 2087 3783 2141 edi-

457 2157 601 2210 tioni
637 2159 914 2228 praemisit
947 2157 1106 2227 (Isid.
1138 2159 1268 2227 Opp.
1304 2158 1468 2212 Rom.
1519 2158 1673 2212 1797.
1721 2163 1864 2213 tom.
1917 2157 1990 2223 ll,
2042 2175 2097 2228 p.
2144 2156 2293 2229 255),
2347 2158 2688 2212 adnotatum
2733 2163 2841 2222 est,
2894 2157 2955 2212 in
2987 2159 3285 2212 Vaticanus
3318 2157 3512 2213 codice
3541 2158 3656 2211 1267
3681 2174 3787 2228 opus

455 2245 583 2283 esse
616 2229 1187 2299 inscriptumzlncipit
1225 2231 1490 2299 Prologus
1519 2230 1592 2284 de
1614 2231 1791 2284 vitaet
1820 2231 2194 2293 assumptione
2215 2231 2362 2284 beati
2387 2229 2814 2298 Joannis,qnod
2847 2231 2960 2285 fere
2992 2246 3025 2284 a
3047 2229 3342 2284 similibus
3395 2229 3577 2284 verbis
3615 2231 3788 2297 incipit,

462 2303 634 2372 atque
664 2298 832 2363 illud,
865 2301 1016 2372 quod
1049 2298 1201 2372 infra
1243 2298 1528 2372 publicavi
1562 2316 1576 2367 ;
1608 2301 1917 2372 verborum
1940 2301 2094 2355 enim
2130 2300 2364 2355 initium
2405 2305 2494 2372 est
2529 2317 2540 2354 :
2574 2323 2600 2350 «
2638 2301 2829 2372 Melito
2867 2317 3069 2356 servus
3117 2300 3340 2356 Christi
3388 2301 3668 2372 episcopus
3692 2301 3788 2372 Lao-

462 2371 637 2442 diceae
668 2371 954 2426 universis
976 2370 1264 2442 episcopis
1282 2371 1701 2426 catholicorum
1726 2372 1783 2425 in
1803 2371 2050 2426 Domino
2082 2380 2357 2427 aeternam
2391 2371 2661 2427 salutem.
2695 2371 2835 2427 Nolo
2865 2372 3290 2428 fraternitatem
3325 2370 3694 2427 vestrnm’esse
3711 2371 3790 2425 sol-

461 2441 703 2506 licitam,
739 2464 767 2491 »
800 2450 910 2497 etc.
947 2441 1199 2515 Denique
1230 2443 1382 2499 idem
1416 2459 1563 2514 Opus
1586 2446 1644 2497 in
1669 2445 1864 2515 codice
1889 2443 2252 2499 bibliotheca:
2275 2443 2799 2515 CapituliToletani
2824 2445 3038 2513 pariter
3060 2443 3372 2498 undecimo
3396 2443 3591 2499 saeculo
3612 2445 3792 2514 scripto,

463 2515 562 2584 qui
595 2515 775 2587 codex
801 2519 1040 2587 vocatur
1070 2514 1516 2587 Smaragdinus,
1549 2515 1763 2581 inveni,
1791 2514 1850 2568 in
1873 2530 2010 2584 quo,
2044 2515 2157 2570 nisi
2189 2514 2376 2580 fallor,
2409 2517 2518 2583 caj.
2555 2517 2641 2579 10,
2678 2533 2763 2569 nr.
2797 2515 2886 2580 25,
2924 2520 3179 2570 notatur.
3204 2516 3265 2569 In
3293 2516 3408 2587 alia
3427 2521 3605 2570 autem
3623 2521 3794 2568 sancto-

461 2601 594 2640 rum
627 2585 890 2641 Vitarum
925 2585 1264 2642 collectione
1287 2585 1440 2657 opus
1473 2587 2300 2657 duodecimamrnarrationem
2333 2588 2510 2640 efficit
2540 2587 2880 2655 inscriptam
2917 2605 2930 2642 :
2963 2589 3227 2642 Dormitio
3250 2585 3346 2643 vel
3366 2589 3642 2654 assumptio
3658 2588 3794 2639 sancti

461 2657 690 2711 Joannis
746 2657 985 2728 apostoli
1031 2665 1089 2730 et
1127 2661 1498 2730 evangelistae,
1543 2659 1639 2729 qui
1686 2656 2008 2730 incivitate
2051 2657 2256 2727 Epheso
2303 2659 2358 2712 in
2407 2660 2621 2725 foveam
2655 2674 2820 2730 quam
2867 2659 2976 2713 sibi
3019 2661 3366 2728 praeparavit
3416 2675 3466 2713 iv
3496 2656 3604 2730 Kal.
3642 2658 3793 2712 Janua-

464 2729 596 2782 rias.
632 2730 842 2798 Incipit
872 2746 906 2784 θ.
934 2728 1124 2784 verbis
1159 2746 1170 2784 :
1200 2753 1225 2779 ‹‹
1261 2729 1404 2784 Miro
1438 2728 1638 2783 servus
1669 2729 1979 2799 episcopus
2002 2730 2302 2784 Laudociaa
2337 2730 2624 2783 universis
2661 2728 2942 2784 Ecclesiis
2991 2729 3420 2784 catholicorum
3477 2731 3530 2782 in
3565 2729 3660 2783 Deo
3685 2739 3794 2780 eter-

466 2815 596 2854 nam
618 2801 902 2872 salutem.
935 2801 1098 2864 Volo,
1131 2819 1158 2851 ιι
1195 2805 1304 2857 etc.
1341 2801 1638 2855 Lectiones
1667 2801 1950 2864 diversas,
1997 2817 2146 2870 quas
2188 2799 2284 2872 ille
2333 2801 2513 2855 codex
2558 2799 2873 2872 Toletanus
2905 2801 2959 2854 in
2995 2801 3254 2872 prologo,
3291 2803 3395 2872 qui
3440 2801 3652 2863 dicitur,
3677 2799 3793 2854 exhi-

466 2872 584 2943 bet,
615 2871 763 2926 libro
794 2889 826 2925 a
858 2889 948 2926 me
981 2873 1274 2942 publicato
1307 2872 1525 2927 addidi.
1557 2873 1841 2928 Craterum
1877 2873 2009 2943 quis
2043 2873 2137 2927 ille
2168 2871 2381 2938 Melite,
2410 2872 2638 2926 Miletus
2661 2888 2760 2926 seu
2783 2871 2924 2926 Miro
2951 2874 3142 2937 fuerit,
3161 2871 3263 2942 qui
3296 2871 3487 2942 operis
3523 2880 3795 2925 auctortra-

467 2942 646 3016 ditur,
675 2949 731 2997 et
761 2944 913 3016 quod
949 2943 1150 2998 horum
1186 2950 1360 2998 trium
1396 2944 1700 2998 nominum
1734 2942 1927 2998 verum
1963 2943 2056 3016 sit,
2091 2943 2635 3016 equidemidelinire
2685 2961 2798 3016 non
2846 2960 3112 3016 possum.
3147 2945 3397 2999 Leucius
3429 2951 3630 3008 autem,
3657 2959 3708 3016 er
3732 2957 3795 3016 cu-

461 3014 562 3082 jus
594 3029 765 3097 opere
795 3014 1084 3097 epitomen
1114 3015 1722 3097 emendatam‘fecisse
1751 3015 2070 3097 diciturLin
2110 3013 2813 3097 apopryphorumdltteris
2848 3013 3013 3097 'satis
3066 3021 3240 3070 notus
3281 3022 3392 3096 ,ρει
3423 3031 3436 3081 ;
3491 3031 3605 3097 qua;
3655 3013 3729 3094 ille
3751 3014 3797 3066 de

468 3085 748 3157 apostolis
780 3085 1080 3155 scripserit
1111 3086 1169 3139 in
1202 3086 1464 3156 catalogo
1497 3085 1801 3150 librorum,
1835 3085 1936 3157 qui
1971 3085 2592 3141 Hormisdaa’decretali
2625 3086 2782 3140 vetiti
2814 3093 2970 3152 sunt,
3005 3087 3293 3142 recenseri
3332 3103 3500 3142 nemo
3528 3089 3608 3140 est
3633 3085 3796 3155 quine-

469 3156 598 3228 scit.
630 3155 888 3228 Duorum
923 3163 1119 3228 autem
1155 3155 1596 3228 principiOrum,
1626 3157 1758 3211 boni
1790 3155 2040 3223 et‘mali,
2073 3158 2312 3225 crimen,
2344 3160 2493 3227 quod
2521 3157 3004 3214 Leuciidoctrinrs
3027 3158 3085 3214 in
3111 3159 3354 3228 prologo
3377 3164 3636 3227 sequente
3655 3161 3798 3227 aperte

471 3226 765 3300 objicitur,
799 3242 866 3282 eo
898 3227 1088 3300 magis
1145 3228 1289 3282 mihi
1343 3226 1744 3283 observatione
1796 3229 2045 3300 dignum
2103 3226 2372 3292 videtur,
2410 3230 2564 3299 quod
2601 3230 2847 3284 Leucius
2883 3231 3027 3284 libro
3059 3226 3162 3284 suo
3194 3226 3354 3300 apud
3388 3226 3798 3300 Priscillianosin

472 3315 679 3367 magno
714 3299 929 3354 honore
959 3298 1088 3367 fuit,
1121 3303 1177 3354 et
1206 3303 1637 3369 quodammodo
1669 3299 2121 3354 fundamentum
2155 3298 2444 3355 doctrinae
2465 3317 2665 3354 eorum
2699 3302 2910 3364 ell‘ecit,
2943 3301 3023 3356 ita
3056 3305 3119 3354 ut
3150 3298 3496 3356 de'duobus
3546 3298 3798 3368 principiis,

471 3386 598 3442 quis
636 3369 719 3422 illi
752 3375 1104 3442 statuerunt,
1130 3387 1242 3425 non
1275 3372 1373 3438 sit,
1409 3371 1560 3442 quod
1593 3371 1948 3426 dubitemus.
1973 3371 2172 3442 Neque
2198 3372 2439 3442 indigna
2468 3379 2607 3426 sunt
2637 3372 2944 3427 observata
2971 3371 3252 3427 nonnulla
3286 3372 3801 3439 m‘iraculorum,que

471 3441 530 3494 in
561 3457 732 3566 optere
765 3441 1127 3569 dedaptostolo
1161 3441 1494 3512 narrantur,
1531 3443 1817 3514 praecipue
1849 3441 2196 3509 secundum,
2230 3441 2381 3515 quod
2401 3449 2596 3499 contra
2615 3445 2876 3515 quaedam
2901 3460 3114 3516 genera
3134 3444 3611 3500 exercitationum
3633 3443 3800 3514 piarum

471 3527 626 3569 scrin
659 3528 755 3567 um
789 3529 838 3568 γι
887 3530 916 3568 e
947 3529 1034 3568 ur.

470 3527 583 3567 scri
592 3527 755 3584 ptum
789 3527 1034 3569 Videtur.

834 3764 1059 3844 Incipit
1087 3766 1399 3844 Prologus
1430 3766 1632 3827 Mileti
1660 3765 1937 3845 episcopi
1967 3783 2156 3844 super
2188 3771 2378 3826 Actus
2406 3765 2668 3825 Joannis
2698 3765 2967 3844 apostoli
2997 3771 3056 3826 et
3088 3766 3517 3844 evangelista.

547 3899 778 3956 Miletus
811 3915 1013 3955 servus
1053 3899 1272 3955 Christi
1294 3903 1446 3966 Iesu,
1474 3900 1786 3971 episcopus
1817 3900 2125 3966 Laodicia,
2156 3903 2201 3968 Β
2235 3897 2388 3953 malo
2420 3898 2682 3970 principe
2711 3898 3048 3954 substitisse
3073 3897 3117 3963 ⁸,
3139 3915 3276 3953 eum
3301 3903 3530 3954 constet
3550 3895 3733 3952 malum
3751 3892 3804 3946 ni-

477 3987 787 4043 universiis
837 3987 1111 4044 Ecclesiis
1174 3988 1591 4044 catholicorum
1652 3993 1928 4046 aeternam
1956 3989 2117 4045 salu-
2233 3987 2312 4041 hil
2337 4003 2464 4042 esse
2488 3986 2902 4054 substantiale,
2927 3989 3026 4042 sed
3052 3987 3282 4043 actuale
3310 4005 3378 4042 ac
3403 3989 3626 4059 penitus
3645 3983 3805 4038 nullam

477 4084 614 4130 tem.
2231 4091 2360 4130 esse
2389 4081 2710 4130 creaturam
2746 4092 2934 4146 neque
2965 4076 3253 4131 visibilem
3290 4093 3483 4147 neque
3532 4071 3806 4130 invisibile!!!

549 4163 692 4219 Volo
752 4163 1063 4220 sollicitam
1125 4182 1250 4222 esse
1299 4167 1722 4224 fraternitatem
1771 4172 2023 4225 vestram
2052 4171 2122 4225 de
2231 4182 2358 4237 quae
2391 4167 2570 4238 possit
2603 4167 2756 4222 mala
2787 4166 3032 4238 intelligi
3067 4184 3168 4238 per
3198 4173 3496 4222 naturam.
3551 4167 3664 4221 Sive
3699 4161 3806 4216 enim

480 4255 678 4308 Leutio
709 4254 729 4288 ί
759 4257 1037 4325 quodam,
1087 4257 1183 4326 qui
1234 4258 1472 4330 scripsit
1514 4258 1909 4331 apostolorum
1942 4263 2120 4316 Actus
2231 4257 2476 4329 angelus
2507 4258 2697 4314 malus
2722 4258 2843 4313 sive
2866 4257 3040 4313 homo
3067 4257 3257 4313 malus
3281 4275 3314 4312 a
3341 4258 3459 4314 Deo
3482 4258 3653 4312 bonus
3673 4256 3804 4307 factus

476 4343 726 4398 Joannis
757 4343 1123 4415 evangelista:
1155 4354 1207 4400 et
1240 4347 1490 4418 apostoli
1521 4351 1700 4403 sancti
1745 4348 1768 4382 ³
1794 4351 2036 4406 Andreas
2065 4356 2123 4406 et
2231 4349 2446 4413 est,sed
2469 4345 2637 4402 °ideu
2661 4346 3016 4416 malus,quia
3038 4353 3242 4401 contra
3263 4346 3544 4402 creatoris
3565 4344 3806 4400 suivoluu-

477 4434 702 4488 Thomas
725 4434 1014 4505 apostoli;
1042 4436 1140 4506 qui
1163 4436 1232 4491 de
1254 4439 1568 4494 virtutibus
1599 4439 1834 4510 quidem
1859 4456 2004 4508 quas
2022 4458 2123 4512 per
2232 4439 2407 4490 talem
2439 4435 2834 4506 praesumpsit.
2885 4451 3016 4488 nam
3071 4439 3129 4490 et
3181 4434 3374 4506 angeli
3406 4441 3462 4490 et
3488 4435 3716 4489 homines
3734 4428 3801 4500 qui

481 4538 577 4577 eos
612 4525 892 4578 Dominus
925 4525 1060 4579 fecit
1092 4541 1226 4580 vera
1257 4527 1422 4593 dixit,
1456 4528 1529 4582 de
1569 4529 1828 4582 doctrina
1856 4546 1990 4584 vero
2021 4547 2116 4584 eo-
2234 4524 2371 4581 mali
2397 4540 2524 4580 esse
2547 4530 2890 4592 noscuntur,
2913 4525 3122 4596 ajuato
3147 4529 3263 4580 Deo
3287 4523 3801 4580 damnanturJuslus

483 4626 609 4665 rum
648 4611 965 4681 plurimum
999 4614 1020 4648 ³
1057 4615 1332 4669 irentitus
1359 4621 1466 4671 est.
1495 4616 1638 4671 Dixit
1663 4617 1818 4672 enim
1851 4619 2120 4675 docuisse
2231 4622 2424 4672 autem
2457 4617 2611 4672 Deus
2645 4617 2993 4687 injustitiam
3030 4617 3221 4688 punit,
3251 4633 3425 4687 quam
3479 4633 3586 4671 non
3626 4610 3801 4669 orieudo

481 4715 582 4753 eos
614 4701 726 4754 duo
748 4701 1052 4772 principia,
1078 4703 1231 4772 quod
1257 4709 1590 4760 exsecratur
1613 4704 1864 4761 Ecclesia
1884 4707 2120 4774 Christi,
2231 4705 2332 4760 sed
2367 4706 2590 4777 agendo
2614 4705 2880 4761 homines
2904 4707 2987 4760 vel
3011 4705 3203 4777 angeli
3226 4705 3602 4761 “incurrisse
3621 4716 3803 4757 noscun-

480 4795 534 4842 ct
563 4789 584 4822 ‘
614 4805 743 4843 cum
778 4791 900 4859 ipse
930 4798 1170 4846 sanctus
1200 4791 1458 4848 Joannes
1489 4792 1514 4826 ⁵
1536 4795 1592 4848 in
1620 4795 1812 4866 capite
1832 4797 2120 4867 Evangelii
2231 4800 2350 4849 tur.
2382 4794 2678 4850 Prohibita
2707 4794 2862 4850 enim
2891 4811 2924 4848 a
2954 4795 3193 4850 domino
3218 4811 3423 4850 servus
3445 4795 3493 4850 si
3518 4795 3802 4865 perpetrare

481 4878 570 4934 sui
604 4894 786 4932 unum
829 4883 1076 4934 testetur
1101 4880 1455 4952 principium
1488 4880 1530 4949 ⁸,
1554 4881 1613 4936 in
1648 4900 1762 4954 quo
1797 4885 1969 4941 fuerit
1997 4903 2119 4941 ver-
2232 4888 2328 4958 rit,
2359 4898 2410 4942 et
2434 4888 2596 4958 justa
2627 4903 2740 4942 non
2792 4887 3186 4956 fecerit,juste
3208 4888 3565 4959 puniendum
3582 4902 3638 4942 se
3656 4881 3800 4940 esse"

478 4966 616 5020 bum
640 4981 892 5036 semper,
920 4967 1193 5038 perquod
1213 4969 1693 5025 universacreata
1713 4977 1852 5027 sunt
1872 4972 2123 5029 visibilia
2231 4978 2549 5048 cognoscit.
2597 4976 2939 5048 Quicunque
2991 4975 3037 5010 η
3087 4982 3284 5033 autem
3341 4993 3404 5032 se
3446 4993 3545 5048 pro
3586 4991 3679 5030 sua
3705 4985 3804 5042 pre-

476 5060 532 5110 et
559 5055 1157 5124 invisibilia,Leutius
1188 5055 1211 5090 7
1243 5057 1382 5114 dicit
1411 5075 1508 5115 eos
1542 5062 1810 5117 docuisse
1829 5063 1942 5118 duo
1966 5064 2121 5136 prin-
2231 5066 2569 5138 sumptione
2602 5065 3000 5121 bumiliaverit
3025 5069 3082 5121 et
3132 5081 3200 5122 ex
3256 5070 3374 5122 toto
3424 5066 3589 5121 corde
3638 5057 3803 5120 dixerit

477 5145 629 5216 cipia
670 5144 805 5199 boni
863 5147 920 5200 et
970 5144 1131 5211 mali,
1177 5152 1232 5201 et
1280 5145 1433 5202 bona
1487 5163 1519 5203 a
1549 5147 1720 5220 bono,
1754 5149 1907 5206 mala
1939 5166 2121 5208 νει-οδ
2233 5155 2463 5226 peccavi
2495 5153 2624 5220 tibi,
2661 5154 2920 5222 Domine,
2985 5153 3260 5211 miserere
3311 5153 3444 5220 mei,
3492 5143 3804 5209 subvenielei

1825 5274 2064 5333 VARI/E
2105 5280 2522 5338 LECTIONES.

549 5401 567 5477 ξ
598 5397 769 5477 Toted:
805 5397 1036 5453 Leucio.
1117 5397 1137 5432 ³
1171 5397 1345 5477 Toted.
1380 5402 1441 5477 et
1467 5398 1676 5477 sancti.
1753 5401 1776 5435 ³
1808 5402 1980 5461 Toted.
2015 5406 2086 5461 de
2117 5405 2384 5461 doctrina
2414 5421 2542 5459 vero
2574 5403 2756 5477 multa
2802 5403 3085 5477 mentitus
3131 5407 3274 5477 est,_
3318 5404 3368 5477 ‘_
3395 5403 3566 5477 Toted.
3609 5416 3715 5477 anu
3752 5398 3801 5446 εἰσ

481 5471 705 5548 ξῃζείζ.
738 5469 1341 5548 ὖρυηῃλοέᾳρφειοιυε.
1419 5469 1661 5548 διτοζεά.
1716 5489 1843 5548 esse
1897 5477 2268 5548 principium.
2349 5477 2368 5511 "
2427 5476 2598 5531 Toted.
2666 5475 2912 5531 Leucius
2963 5481 3176 5548 autem.
3255 5473 3507 5548 {Tota-(1.
3550 5469 3800 5548 exstitisse.

481 5543 503 5576 θ
537 5541 708 5595 Toled.
734 5546 811 5594 et.
891 5540 936 5618 ‘_°
967 5541 1155 5618 Toled_._
1175 5557 1350 5618 quam
1379 5541 1616 5618 oriendo
1647 5546 1836 5616 angeli
1869 5539 1955 5602 v'el
2019 5539 2303 5614 homines,
2360 5550 2460 5603 sed
2519 5549 2744 5618 agendo
2794 5547 3126 5603 incurrisse.
3211 5549 3252 5582 ¹¹
3289 5545 3463 5602 Toted.
3505 5539 3800 5617 puniendum

484 5627 612 5666 esse
641 5611 1034 5682 cognoscitur.
1112 5612 1156 5646 ¹²
1180 5611 1359 5668 Toted.
1389 5614 1606 5684 quique
1635 5611 1766 5672 cuni
1797 5619 2058 5690 seipsum
2095 5636 2216 5691 pro.
