4000 6220
237 362 388 424 12ι1

1787 356 2096 417 SPURIA.

3491 363 3516 419 1
3530 362 3646 421 242

231 502 421 573 pietas
455 497 719 565 Domini;
754 501 809 552 et
837 495 937 568 qui
971 512 1072 568 per
1121 495 1416 567 justitiam
1469 494 1690 565 judicis
1724 494 1874 562 justi
1905 494 1956 558 Α
1987 494 2121 557 test,
2155 491 2234 545 ita
2262 494 2316 545 et
2347 491 2446 561 qui
2484 507 2598 547 non
2632 491 2971 556 fornicatur,
3000 493 3216 564 autqui
3252 511 3367 550 non
3401 494 3642 564 invidet,

237 589 578 663 puniendus
608 588 908 642 exstiterat
940 602 1040 656 per
1067 583 1528 640 misericordiam
1564 583 1636 639 ad
1696 583 1888 638 indul-

241 679 500 752 gentiam
537 676 920 734 revocabitur.
956 675 1104 746 Ergo
1137 679 1200 729 ut
1257 689 1387 728 vere
1417 679 1473 728 te
1520 677 1882 744 peccatorum

237 768 539 834 ostendas,
573 767 753 823 Deum
785 769 1101 821 creatorem
1123 763 1345 818 honora
1369 780 1383 828 ;
1404 762 1653 817 honorae
1686 767 1882 817 autem

239 857 648 923 Creatorem,si
664 860 718 912 te
751 856 942 911 solum
976 853 1023 889 ¹³
1044 852 1368 924 culpaveris
1383 867 1516 907 cum
1541 850 1881 922 deliqueris,

238 954 296 1002 et
329 962 443 1002 non
475 945 734 1002 ascribas
765 943 1016 1000 Creatori
1061 942 1213 1014 quod
1249 958 1472 1011 peccas,
1506 944 1569 995 ut
1625 955 1694 995 ex
1724 940 1885 996 omni

239 1040 404 1109 parte
438 1040 597 1090 tuam
632 1033 1141 1105 praesumptionem
1165 1047 1400 1102 arguas,
1425 1047 1536 1084 no.1
1565 1030 1652 1085 tui
1683 1046 1884 1100 quera-

240 1128 324 1181 ris
352 1141 528 1197 opera
558 1122 879 1180 conditoris
909 1122 974 1176 “.
1002 1121 1128 1175 Haec
1166 1120 1344 1175 Leutii
1375 1120 1420 1156 ¹⁸
1454 1136 1632 1174 causa
1664 1135 1886 1174 memo-

239 1215 564 1272 raverimus
590 1215 656 1278 “,
687 1212 787 1286 qui
812 1211 1178 1268 mendacium
1201 1209 1244 1244 '7
1274 1209 1568 1278 apostolos
1593 1209 1688 1264 Dei
1721 1225 1886 1264 asse-

241 1305 320 1361 rit
349 1303 638 1369 docuisse,
670 1305 1038 1372 duorumque
1079 1299 1126 1333 ‘3
1183 1300 1606 1354 contrariorum
1657 1297 1883 1369 princi-

240 1395 476 1466 piorum
509 1391 554 1428 ¹⁹
575 1391 832 1447 hominis
863 1389 1154 1446 exstitisse
1183 1390 1488 1457 facturam,
1511 1393 1570 1443 et
1625 1388 1882 1443 animam

241 1500 276 1539 a
309 1484 462 1539 bono
497 1483 608 1537 Deo
637 1481 954 1548 conditam,
982 1493 1220 1534 carnem
1252 1494 1386 1534 vero
1417 1494 1451 1532 a
1496 1475 1650 1532 malo
1677 1481 1733 1532 et
1791 1492 1885 1533 ne-

237 1572 509 1627 cessitate
540 1569 732 1626 carnis
765 1569 1019 1625 animam
1053 1566 1266 1623 involvi
1310 1565 1584 1639 peccatis.
1618 1566 1781 1630 Quod
1835 1567 1883 1622 si

235 1661 322 1716 ita
377 1665 551 1728 esset,
582 1659 683 1732 qui
742 1675 859 1714 non
900 1663 1122 1729 peccat,
1173 1657 1411 1711 omnino
1477 1671 1590 1710 non
1649 1655 1882 1712 viveret.

240 1751 572 1808 Sicutenim
596 1749 693 1822 qui
720 1766 834 1804 non
859 1749 1308 1814 manducat,aut
1329 1761 1444 1800 non
1470 1746 1746 1813 bibit,aut
1768 1761 1882 1800 non

240 1839 474 1914 digerit,
506 1845 608 1896 aut
640 1855 753 1895 non
778 1837 1012 1904 dormit,
1044 1836 1171 1893 sine
1201 1834 1376 1891 dubio
1407 1833 1595 1890 vivere
1627 1851 1740 1890 non
1774 1851 1876 1906 po-
1916 1821 1959 1885 Β

1993 586 2095 636 aut
2127 597 2238 636 non
2272 582 2629 648 furatur,aut
2659 581 2757 653 qui
2793 597 2907 636 non
2941 580 3160 653 aliquid
3185 585 3400 640 crimen
3429 586 3642 642 admit-

1993 671 2086 736 tit,
2117 687 2229 726 non
2260 687 2432 742 posse
2453 670 2647 726 vivere
2673 675 3200 728 monstraretur.At
3230 689 3361 728 vero
3385 692 3518 729 cum
3540 677 3643 730 do-

1995 764 2192 816 ceatur
2216 759 2392 816 homo
2425 760 2554 816 sine
2577 760 2957 816 fornicatione
2990 761 3180 816 vivere
3210 763 3458 833 quisine
3489 765 3643 820 victu

1995 855 2053 906 et
2079 849 2293 905 vestitu
2317 849 2506 906 vivere
2533 866 2647 905 non
2683 854 2894 921 potest,
2928 855 3158 906 conslat
3217 868 3350 907 eum
3410 853 3490 909 ita
3513 869 3644 910 cou-

1996 940 2185 995 ditum
2220 956 2254 995 a
2285 940 2434 995 bono
2465 939 2785 1006 conditore,
2814 939 3019 994 utsine
3055 940 3404 996 criminibus
3463 948 3642 1014 queat

1996 1029 2338 1097 subsistere,
2371 1045 2501 1084 cum
2534 1029 2756 1100 absque
2786 1027 3078 1085 alimoniis
3123 1046 3238 1086 non
3273 1032 3457 1101 possit
3506 1048 3637 1087 om-

1997 1120 2134 1174 nino
2158 1122 2426 1174 constare
2455 1119 2519 1172 ”.
2552 1117 2810 1188 Denique
2836 1117 3103 1174 clausum
3137 1134 3386 1187 earcere,
3413 1125 3637 1177 tantum

1995 1209 2053 1264 in
2083 1208 2355 1273 vinculis,
2379 1209 2745 1281 deportatum
2777 1209 2980 1265 exsilio
3028 1210 3254 1280 absque
3287 1209 3636 1266 criminibus

1995 1297 2183 1352 vivere
2214 1312 2384 1368 posse
2414 1296 2826 1368 cognoscimus
2840 1312 2970 1351 cum
2999 1296 3214 1368 absque
3236 1297 3365 1352 cibo
3390 1305 3444 1352 et
3475 1303 3637 1369 potu,

1997 1385 2414 1456 etdigestione,
2447 1390 2504 1441 et
2529 1401 2755 1451 somno,
2791 1385 3028 1456 penitus
3089 1385 3274 1440 vivere
3323 1401 3438 1440 non
3471 1402 3640 1456 posse

1995 1477 2462 1548 comprobemus.
2518 1475 2683 1530 Nunc
2735 1476 2857 1546 jam
2909 1477 2978 1530 ad
3026 1482 3299 1532 sanctum
3349 1475 3636 1532 Joannem

1993 1565 2318 1636 apostolum
2343 1570 2400 1620 et
2430 1564 2848 1636 evangelistam
2883 1564 3186 1620 ﬂectamus
3217 1564 3554 1632 articulum,
3587 1574 3640 1621 et

1994 1657 2062 1711 ad
2100 1656 2411 1711 Dominum
2435 1655 2506 1710 de
2539 1654 2641 1709 hac
2664 1653 2790 1709 luce
2821 1652 3070 1724 qualiter
3095 1654 3432 1725 migraverit
3456 1654 3638 1725 expli-

1994 1761 2212 1802 cemus.
2247 1743 2488 1816 Explica
2517 1743 2802 1812 Prologus.

610 2100 965 2198 Incipiunt
1002 2102 1224 2174 Actus
1255 2099 1360 2172 vel
1394 2097 1744 2172 Miracula
1783 2098 2009 2172 sancti
2049 2099 2347 2172 Joannis
2387 2098 2687 2195 apostoli
2717 2105 2787 2172 et
2824 2095 3274 2194 evangelista:

318 2282 644 2339 Secundam
679 2282 810 2350 post
848 2277 1133 2333 Neronem
1191 2277 1658 2333 Christianorum
1693 2291 1886 2347 perse-

244 2371 541 2426 cutionem
577 2367 945 2422 Domitianus
967 2366 1245 2432 exercuit,
1287 2367 1441 2421 unde
1476 2368 1687 2420 factum
1717 2371 1805 2421 est
1827 2373 1890 2420 ut

241 2466 485 2514 sanctus
546 2459 800 2513 Joannes
859 2461 1256 2526 asportaretur
1311 2458 1382 2510 de
1439 2456 1665 2528 Epheso
1722 2465 1775 2511 et
1828 2455 1887 2510 in

248 2553 486 2608 Patmos
517 2551 714 2606 insula
743 2549 801 2604 in
825 2549 1093 2604 exsilium
1129 2549 1479 2616 mitteretur,
1536 2548 1595 2602 in
1629 2564 1743 2619 qua
1799 2548 1886 2602 in-

246 2642 381 2697 sula
409 2640 816 2712 Apocalypsim
843 2655 1012 2710 quam
1035 2638 1081 2694 ei
1114 2639 1400 2694 Dominus
1419 2637 1689 2693 revelavit
1712 2653 1886 2692 manu

243 2747 353 2786 sua
383 2729 754 2800 conscripsit.
782 2727 1149 2783 Domitianus
1173 2731 1364 2782 autem
1388 2729 1588 2782 eodem
1606 2743 1758 2782 anno
1778 2742 1888 2797 quo

238 2815 430 2886 jussit
456 2820 723 2870 sanctum
756 2816 1038 2868 Joannem
1072 2812 1323 2868 exsiliari
1342 2830 1373 2867 ιι
1400 2818 1605 2868 senatu
1633 2813 1889 2867 Romano

246 2896 590 2950 interfectus
620 2899 725 2949 est.
772 2898 999 2949 Etcum
1033 2893 1146 2948 Deo
1190 2909 1328 2948 cura
1362 2893 1472 2947 fuit
1513 2893 1582 2947 de
1626 2892 1888 2962 apostolo

245 3000 449 3053 suo,ex
481 2985 660 3040 totius
691 2988 932 3038 senatus
955 2981 1221 3039 consultu
1253 2982 1360 3037 hoc
1379 2983 1685 3037 definitum
1709 2987 1890 3045 est,ut

244 3073 524 3146 quidquid
570 3073 939 3128 Domitianus
972 3072 1093 3128 ﬁeri
1125 3071 1306 3126 voluit
1362 3075 1710 3127 cessaretur.
1747 3070 1889 3126 Hinc

242 3165 462 3218 factum
489 3169 579 3218 est
610 3169 668 3216 ut
699 3171 939 3217 sanctus
970 3161 1224 3217 Joannes
1243 3160 1343 3232 qui
1377 3160 1670 3216 voluntate
1692 3159 1889 3215 Domi-

245 3252 390 3307 tiani
420 3252 764 3324 deportatus
795 3267 930 3306 cum
963 3250 1180 3321 injuria
1237 3252 1445 3319 fuerat,
1496 3266 1628 3304 cum
1675 3250 1889 3305 honore

247 3343 318 3398 ad
344 3341 638 3413 Ephesum
675 3347 978 3399 remearet.
1013 3340 1278 3396 Occurrit
1325 3345 1520 3396 autem
1583 3341 1664 3395 illi
1697 3341 1890 3396 omnis

256 3435 508 3505 populus
539 3434 795 3489 virorum
830 3450 894 3488 ac
928 3431 1260 3501 mulierum,
1294 3448 1497 3487 omnes
1529 3433 1890 3487 exsultantes

244 3528 302 3577 et
315 3523 575 3578 dicentes
602 3539 614 3577 :
636 3521 958 3578 Benedictus
979 3523 1074 3592 qui
1091 3524 1236 3576 venit
1250 3523 1308 3574 in
1322 3523 1545 3577 nomine
1558 3522 1780 3576 Domini
1791 3523 1884 3590 (a).

319 3614 464 3668 Cum
492 3616 689 3668 autem
714 3612 1118 3683 ingrederetur
1139 3609 1743 3678 civitatem,Drusiana
1765 3626 1891 3681 qua

253 3717 488 3772 semper
516 3717 651 3757 eum
684 3705 884 3756 secuta
918 3702 1094 3756 fuerat
1122 3707 1175 3754 et
1205 3700 1490 3754 adventus
1533 3699 1663 3767 ejus
1705 3699 1895 3752 fuerat

257 3792 546 3847 desiderio
579 3791 1192 3863 fatigata,et‘ferebatur
1213 3791 1624 3844 mortua.Tunc
1656 3793 1893 3842 sanctus

249 3882 510 3937 Joannes
529 3882 736 3937 videns
767 3881 969 3935 ﬂentes
1005 3895 1308 3951 pauperes,
1341 3884 1396 3933 et
1422 3882 1894 3949 parentes,atque

255 3975 461 4028 viduas
485 3971 661 4027 simul
685 3989 814 4027 cum
849 3971 1127 4041 orphanis
1159 3970 1479 4026 clamantes
1511 3975 1568 4024 et
1598 3970 1890 4024 dicentes:

250 4062 461 4117 Sancte
482 4063 734 4116 Joannes
758 4061 1177 4132 apostole,ecce
1201 4059 1544 4115 Drusiauam
1565 4059 1894 4114 eﬂ‘errimus

254 4168 381 4222 quea
416 4150 632 4206 sanctis
657 4150 776 4205 tuis
810 4149 1046 4205 monitis
1071 4151 1474 4219 obtemperans
1533 4164 1738 4203 omnes
1790 4166 1896 4204 nos

251 4239 728 4306 alebat,serviens
761 4238 1006 4294 Domino
1026 4238 1084 4293 in
1113 4237 1897 4305 castitateethumilitate;el

256 4327 516 4399 quotidie
537 4328 906 4383 desiderabat
934 4327 1186 4382 reditum
1219 4331 1410 4394 tuum,
1443 4325 1678 4382 dicens:
1725 4327 1784 4382 Si
1813 4327 1895 4381 vi-

254 4417 426 4471 deam
460 4417 788 4488 apostolum
823 4416 923 4471 Dei
973 4415 1154 4472 oculis
1213 4416 1380 4484 meis,
1412 4424 1724 4488 antequam
1771 4433 1891 4472 mo-

252 4505 411 4575 riar;
439 4521 566 4561 ecce
595 4510 656 4559 tu
689 4505 899 4560 venisti
924 4510 979 4560 et
1010 4510 1063 4560 te
1096 4506 1288 4560 videre
1330 4522 1438 4560 non
1487 4505 1694 4576 potuit.
1736 4506 1896 4562 Tunc

259 4595 464 4650 beatus
492 4593 748 4650 Joannes
775 4594 950 4663 jussit
1008 4595 1218 4666 deponi
1275 4595 1552 4650 feretrum
1587 4600 1644 4650 et
1690 4595 1898 4652 resolvi

260 4699 472 4755 corpus
496 4686 646 4755 ejus,
681 4689 735 4739 et
765 4700 901 4739 voce
927 4683 1083 4738 clara
1125 4683 1271 4738 dixit
1320 4701 1515 4740 coram
1572 4687 1849 4742 omnibus
1882 4704 1896 4741 :

259 4774 546 4830 Dominus
575 4791 742 4829 meus
766 4774 939 4830 Jesus
967 4774 1237 4830 Christus
1259 4774 1466 4830 excitet
1482 4780 1558 4843 te,
1593 4777 1898 4844 Drusiana,

251 4880 430 4934 surge
461 4868 517 4918 et
543 4865 791 4935 pedibus
823 4863 940 4918 tuis
1001 4869 1285 4919 revertere
1316 4865 1556 4920 domum
1618 4870 1778 4921 tuam
1843 4873 1900 4922 et

2001 2292 2206 2332 somno
2245 2276 2558 2331 excitasset
2589 2291 2739 2329 eam.
2785 2275 2996 2329 Factus
3037 2277 3127 2328 est
3181 2278 3374 2326 autem
3435 2269 3651 2326 clamor

2001 2366 2196 2438 populi
2231 2383 2333 2437 per
2363 2371 2480 2420 tres
2520 2365 2693 2420 horas
2716 2363 2994 2418 dicentis:
3053 2362 3212 2417 Unus
3251 2367 3406 2416 Deus
3465 2375 3636 2431 quem

2000 2456 2280 2526 praedicat
2306 2455 2583 2521 Joannes,
2618 2470 2772 2509 unus
2801 2457 2857 2508 et
2911 2467 3084 2507 verus
3141 2449 3424 2505 Dominus
3464 2449 3639 2505 Jesus

1998 2544 2288 2600 Christus.
2326 2545 2520 2600 Altera
2552 2560 2683 2599 vero
2713 2543 2807 2598 die
2862 2543 3074 2598 Craton
3134 2539 3523 2612 philosophus
3578 2538 3638 2592 in

1998 2633 2123 2688 foro
2155 2640 2540 2705 preposuerat
2570 2635 2640 2688 de
2671 2635 3006 2701 contemptu
3033 2629 3236 2684 mundi
3297 2627 3639 2698 hujusmodi

1999 2725 2491 2794 spectaculum,ut
2512 2724 2658 2778 duos
2681 2724 2894 2777 fratres
2915 2719 3239 2775 ditissimos
3274 2719 3638 2788 produceret,

1999 2829 2147 2884 quos
2180 2813 2393 2869 fecerat
2419 2813 2697 2868 distracto
2729 2808 3077 2882 patrimonio
3135 2823 3400 2879 gemmas
3449 2821 3642 2860 emere

1999 2902 2284 2973 singulas,
2319 2919 2464 2974 quas
2496 2905 2552 2958 in
2601 2907 2914 2973 conspectu
2963 2898 3228 2955 omnium
3290 2895 3638 2969 populorum

2003 2992 2298 3063 fregerunt
2321 2992 2507 3064 pueri.
2541 2992 2704 3058 Quod
2735 3007 2868 3046 cum
2905 2991 3161 3044 facerent
3183 2986 3426 3058 contigit
3454 2991 3644 3040 trans-

2001 3080 2148 3136 itum
2184 3081 2395 3136 habere
2424 3081 2706 3136 Joannem
2733 3078 3082 3151 apostolum,
3113 3083 3171 3132 et
3195 3092 3519 3131 convocans
3570 3074 3644 3130 ad

2000 3185 2062 3225 se
2119 3171 2423 3226 Cratonem
2489 3170 2906 3242 philosOphum
2966 3167 3084 3222 ait:
3131 3167 3360 3222 Stultus
3414 3170 3502 3221 est
3533 3164 3642 3220 iste

2002 3260 2206 3314 mundi
2239 3265 2629 3330 contemptus,
2657 3260 2755 3330 qui
2781 3257 3089 3314 hominum
3113 3272 3210 3311 ore
3241 3253 3642 3322 laudatur,sed

1998 3350 2422 3406 condemnatur
2452 3349 2929 3420 divinojudicio;
2965 3347 3117 3401 sicut
3150 3345 3307 3399 enim
3352 3360 3498 3398 vana
3529 3359 3640 3397 me-

2001 3439 2196 3494 dicina
2221 3444 2330 3504 est,
2353 3455 2418 3493 ex
2451 3455 2566 3509 qua
2599 3455 2713 3492 non
2736 3437 3062 3492 absciditur
3099 3433 3357 3499 morbus,
3393 3433 3474 3487 ita
3495 3449 3643 3486 vana

2001 3529 2264 3584 doctrina
2287 3535 2396 3596 est,
2430 3547 2497 3584 ex
2528 3547 2638 3597 qua
2679 3544 2796 3582 non
2842 3530 3121 3582 curantur
3151 3524 3285 3578 vitia
3312 3523 3642 3578 animarum

1997 3623 2053 3671 et
2079 3618 2628 3685 morum.Magister
2650 3618 2842 3687 itaque
2887 3631 3052 3669 meus
3097 3615 3370 3683 juvenem
3413 3611 3646 3680 cupien-

2005 3711 2117 3761 tem
2150 3708 2219 3761 ad
2252 3708 2430 3761 vitam
2465 3711 2740 3760 aeternum
2775 3701 3181 3773 attingere,his
3214 3701 3402 3756 verbis
3425 3701 3643 3754 instru-

1999 3795 2084 3849 xit
2111 3801 2173 3848 ut
2202 3796 2415 3851 diceret
2436 3800 2728 3866 quatenus
2760 3794 2808 3848 si
2842 3793 3010 3848 vellet
3040 3791 3327 3862 perfectus
3347 3805 3476 3844 esse
3505 3806 3642 3844 ven-

2004 3884 2164 3938 deret
2193 3885 2386 3938 omnia
2415 3901 2522 3940 sua
2583 3889 2642 3938 et
2673 3883 2838 3937 daret
2884 3880 3276 3952 pauperibus;
3329 3895 3444 3949 quo
3495 3879 3642 3933 facto

2006 3974 2348 4028 thesaurum
2381 3975 2439 4028 in
2469 3973 2630 4027 cmlis
2662 3973 2971 4042 aquireret,
2996 3975 3052 4024 et
3099 3969 3273 4024 vitam
3309 3984 3438 4038 quas
3472 3967 3642 4022 finem

2005 4083 2119 4122 non
2157 4066 2331 4122 habet
2379 4066 2675 4122 inveniret.
2728 4063 2833 4120 Cui
2895 4066 3102 4118 Craton
3158 4061 3329 4116 dixit:
3369 4064 3645 4115 Humana:

2004 4155 2336 4227 cupiditatis
2368 4156 2595 4210 fructus
2627 4155 2683 4211 in
2719 4154 2910 4208 medio
2932 4153 3238 4208 hominum
3268 4152 3490 4222 positus
3509 4167 3648 4205 con-

2004 4245 2223 4300 fractus
2250 4249 2337 4300 est
2363 4261 2378 4311 ς
2409 4245 2508 4300 sed
2541 4245 2589 4299 si
2620 4258 2754 4299 vero
2787 4243 2937 4298 Deus
2971 4245 3059 4296 est
3087 4239 3367 4311 magister
3397 4244 3533 4294 tuus
3589 4244 3646 4294 et

2004 4334 2127 4389 vult
2155 4334 2264 4390 hoc
2288 4335 2410 4389 ﬁeri
2444 4339 2507 4389 ut
2537 4333 2897 4405 pauperibus
2937 4335 3208 4403 erogetur
3233 4346 3445 4385 census
3479 4328 3644 4398 pretii

2005 4423 2210 4478 harum
2235 4423 2483 4478 duarum
2537 4437 2925 4494 gemmarum,
2959 4421 3048 4475 iac
3093 4418 3432 4489 reintegrari
3485 4432 3647 4488 gem-

2008 4529 2152 4581 mas,
2185 4516 2250 4566 ut
2276 4511 2430 4584 quod
2460 4527 2564 4582 ego
2599 4511 2703 4566 feci
2734 4511 2806 4566 ad
2840 4511 3058 4565 famam
3091 4507 3418 4574 hominum,
3454 4511 3514 4560 tu
3558 4506 3641 4560 fa-

2005 4602 2126 4658 cias
2157 4603 2227 4656 ad
2261 4601 2505 4672 gloriam
2540 4601 2668 4671 ejus
2696 4599 2840 4666 fieri,
2883 4613 3051 4670 quem
3075 4605 3241 4652 tuum
3298 4595 3642 4665 magistrum

2005 4707 2134 4746 esse
2162 4706 2613 4747 commemoras.
2645 4691 2803 4744 Tunc
2836 4689 3037 4743 beatus
3067 4688 3316 4741 Joannes
3364 4683 3643 4755 colligens

2009 4779 2328 4851 fragmenta
2357 4795 2748 4851 gemmarum,
2783 4785 2842 4833 et
2887 4792 3110 4848 ponens
3140 4791 3207 4830 ea
3254 4775 3312 4828 in
3373 4775 3648 4829 manibus

2006 4869 2153 4935 suis,
2177 4868 2418 4924 elevavit
2449 4869 2649 4924 oculos
2681 4871 2748 4923 ad
2783 4865 2990 4922 caelum
3020 4870 3076 4920 et
3097 4865 3207 4920 ait:
3259 4864 3504 4918 Domine
3549 4863 3653 4917 Je-

249 4969 516 5025 przepara
549 4952 688 5008 mihi
719 4953 1110 5008 refectionem.
1137 4954 1218 5008 Ad
1248 4955 1395 5009 hanc
1424 4970 1624 5009 vocem
1649 4957 1902 5011 surrexit
1932 4961 1978 5024 D
2013 4975 2080 5012 su
2113 4957 2358 5027 Christe,
2392 4959 2484 5012 cui
2512 4958 2659 5012 nihil
2689 4955 3054 5028 impossibile
3085 4959 3194 5019 est,
3248 4954 3346 5024 qui
3399 4952 3647 5006 fractum

251 5047 310 5097 et
336 5042 512 5114 coepit
553 5042 656 5112 ire,
689 5041 940 5098 sollicita
983 5043 1054 5097 de
1076 5043 1348 5113 jussione
1403 5044 1674 5114 apostoli,
1701 5046 1781 5100 ita
1839 5050 1900 5099 ut

253 5131 550 5186 videretur
577 5129 690 5202 ipsi
721 5130 1024 5187 Drusianae
1057 5131 1196 5204 quia
1227 5149 1341 5188 non
1375 5132 1447 5188 de
1480 5133 1796 5204 morte,sed
1829 5133 1899 5190 de

329 5278 357 5311 ι
389 5257 531 5315 Psal.
565 5275 731 5323 cxvu,
764 5258 855 5313 26.

2016 5049 2299 5102 mundum
2326 5063 2428 5118 per
2456 5047 2684 5118 lignum
2717 5043 3204 5116 concUpiscentie
3264 5057 3364 5113 per
3415 5040 3646 5112 lignum

2011 5137 2200 5194 crucis
2231 5142 2343 5193 tum
2373 5137 2621 5194 interius
2656 5136 2929 5192 fidelibus
2957 5132 3295 5192 restaurasti
3320 5137 3337 5185 ἑ
3366 5130 3467 5203 qui
3517 5135 3652 5186 nato

1617 5361 1855 5419 νΑΒΙίΕ
1884 5363 2289 5423 LECTIONES.

323 5490 370 5524 ¹³
401 5489 574 5546 Τοιεά.
607 5505 722 5562 om.
747 5488 959 5546 solum.
1024 5487 1084 5562 7“
1112 5488 1282 5544 Toled.
1321 5487 1479 5562 add:
1513 5488 1734 5544 Sieuim
1757 5505 1888 5562 vere
1909 5490 2311 5562 negligentem
2343 5496 2399 5548 te
2453 5493 2819 5550 accusaveris
2871 5508 2938 5547 ac
2987 5491 3424 5562 delinquentem
3458 5493 3515 5562 et
3547 5503 3640 5562 ve-

259 5579 387 5619 ram
420 5562 535 5619 Deo
566 5561 848 5617 obtuleris
882 5561 1301 5633 pcenitcntiam,
1337 5561 1408 5633 ad
1439 5576 1634 5633 veram
1663 5561 1873 5632 poteris
1903 5560 2324 5633 indulgentiam
2365 5567 2684 5631 pervenire.
2764 5565 2805 5599 ¹⁸
2843 5564 3018 5620 Ίοιεά.
3083 5560 3294 5618 Leucii.
3372 5560 3418 5594 ¹⁶
3475 5560 3650 5617 Toled.

264 5635 727 5693 memoraverim.
810 5635 850 5669 ⁸⁷
883 5631 1054 5691 Τοιεά.
1088 5632 1392 5688 mendacio
1424 5631 1630 5704 plenus
1666 5631 1676 5632 7
1706 5633 1748 5669 ¹³
1781 5633 1960 5688 Toled.
1994 5631 2265 5692 duorum.
2344 5634 2390 5670 ‘9
2422 5637 2592 5693 Toled.
2627 5637 2935 5710 principio.
