4000 6220
432 280 588 342 1243

1478 284 1540 343 S.
1591 281 1890 346 MELITO
1934 283 2290 349 SARDIUM
2333 284 2784 349 EPISCOPUS.

3630 303 3742 366 1244

433 394 582 471 οξεοο
613 414 833 482 oculos,
865 429 1013 485 quos
1067 417 1277 469 natura
1335 418 1666 486 negaverat,
1715 416 2018 472 reddidisti
2057 436 2072 485 ;
2108 419 2160 482 Α
2188 416 2343 472 enim
2368 416 2427 472 in
2458 421 2786 474 vestrorum
2816 433 3119 479 servorum
3151 425 3415 493 aspectus
3457 430 3507 482 et
3540 445 3624 487 vos
3645 436 3742 490 etia-

439 504 537 574 qui
566 508 859 560 mortuum
888 503 1164 558 Lazarum
1197 508 1254 558 et
1283 505 1577 574 sepultum
1641 509 1768 574 post
1806 509 2081 576 quartum

442 593 595 648 diem
629 594 697 647 ad
756 607 998 660 superos
1051 594 1355 659 revocasti,
1400 598 1460 650 et
1516 609 1720 651 omnes
1772 594 2005 650 morbos
2025 598 2083 649 et

443 698 645 737 omnes
667 680 1041 751 egritudines
1064 680 1300 736 virtutis
1314 686 1424 737 tum
1447 684 1621 740 verbo
1634 684 2084 750 curasti,adesto

437 787 612 841 super
657 769 880 840 lapides
912 770 1059 826 istos
1108 772 1398 842 pretiosos
1458 778 1521 828 ut
1551 790 1699 845 quos
1747 774 2084 846 ignorantes

437 860 692 914 fructum
724 857 1108 931 eleemosynas
1138 861 1208 914 ad
1245 860 1490 929 plausus
1522 861 1829 919 hominum
1865 863 2086 918 confre-

437 951 671 1019 gerunt,
693 950 779 1014 tu,
817 948 1081 1018 Domine,
1113 965 1213 1019 per
1235 965 1447 1005 manus
1477 949 1814 1021 angelorum
1846 956 2082 1008 tuorum

442 1038 613 1092 modo
646 1054 973 1110 recuperes,
1001 1043 1062 1093 ut
1081 1039 1265 1110 pretio
1281 1056 1481 1095 eorum
1503 1040 1918 1097 misericordia;
1935 1060 2078 1100 usus

441 1126 704 1197 expletus
733 1128 904 1183 faciat
925 1127 1225 1184 credentes
1247 1128 1351 1184 tibi
1380 1130 1699 1200 pervenire,
1723 1133 1877 1202 quod
1913 1136 2082 1187 tuum

439 1214 778 1286 imperium,
800 1217 897 1287 qui
932 1233 1061 1272 cum
1091 1216 1350 1288 ingenito
1370 1217 1532 1273 Patre
1562 1218 1849 1289 etSpiritu
1884 1224 2086 1275 sancto

437 1304 834 1360 illuminatore
869 1314 922 1360 et
948 1306 1376 1363 sanctificatore
1409 1307 1587 1362 totius
1641 1308 1911 1364 Ecclesiae
1943 1309 2085 1364 vivis

438 1403 487 1449 et
515 1409 747 1465 regnas,
775 1396 998 1450 Deusin
1029 1395 1244 1450 saecula
1273 1396 1910 1468 saaculorumﬁumque
1941 1398 2084 1453 ﬁde-

430 1481 517 1538 les
545 1483 639 1553 qui
671 1500 803 1538 cum
838 1483 1100 1553 apostolo
1131 1488 1298 1540 erant
1322 1486 1768 1556 respondissent
1788 1488 2086 1551 Ameu,ita

432 1573 676 1631 solidata
697 1578 839 1629 sunt
858 1574 1189 1644 fragmenta
1218 1579 1692 1645 gemmarum,ut
1722 1592 1826 1631 nec
1849 1576 2086 1647 signum

436 1664 688 1735 alicujus
720 1664 985 1720 fracturae
1013 1666 1073 1719 in
1104 1664 1189 1720 eis
1221 1669 1568 1723 remaneret.
1616 1665 1782 1720 Tunc
1831 1664 2084 1737 philoso-

438 1753 593 1826 phus
612 1754 818 1809 Craton
851 1752 1026 1809 simul
1076 1769 1203 1809 cum
1238 1754 1661 1825 hisjuvenibus
1693 1759 1908 1810 etcum
1960 1755 2085 1810 uni-

439 1843 625 1899 versis
651 1842 954 1913 discipulis
968 1844 1091 1898 suis
1108 1843 1350 1914 pedibus
1363 1845 1490 1914 ejus
1515 1844 1824 1900 advolutus
1838 1844 2085 1900 credidit

437 1937 494 1989 et
525 1933 845 2003 baptizatus
878 1939 961 1986 est
990 1948 1121 1987 cum
1155 1933 1431 1988 omnibus
1463 1937 1519 1987 et
1549 1932 1724 2004 coepit
1764 1933 1937 1989 fidem
1973 1939 2082 1989 Do-

439 2021 584 2077 mini
637 2021 816 2078 nostri
848 2021 986 2076 Jesu
1038 2021 1250 2097 Christi
1283 2021 1521 2093 publice
1556 2022 1890 2093 praedicare.
1925 2026 2086 2077 Tunc

445 2113 558 2167 duo
588 2111 671 2166 illi
704 2112 913 2168 fratres
947 2113 1352 2167 venundantes
1383 2128 1648 2183 gemmas
1665 2129 1813 2183 quas
1849 2113 2085 2168 vendito

443 2202 797 2273 patrimonio
831 2220 969 2257 suos
1000 2206 1263 2258 emerant
1294 2202 1653 2273 pauperibus
1682 2206 2084 2274 erogaverunt.

441 2293 700 2364 Etcmpit
721 2292 953 2348 infinita
980 2293 1153 2348 turba
1184 2292 1477 2348 adhaerere
1510 2294 1796 2365 apostolo.

513 2383 673 2438 Tunc
704 2383 819 2438 duo
848 2383 1107 2439 honorati
1136 2383 1241 2438 viri
1272 2382 1525 2439 civitatis
1561 2383 1943 2454 Ephesiorum
1976 2383 2086 2440 ho-

440 2489 573 2527 rum
609 2478 915 2543 sequentes
972 2472 1672 2543 exemplum,vsndentes
1726 2472 1922 2528 omnia
1978 2489 2087 2528 sua

440 2577 567 2633 quae
603 2561 811 2617 habere
839 2566 1107 2633 poterant
1128 2567 1185 2616 et
1216 2562 1423 2616 dantes
1456 2561 1731 2618 universa
1753 2562 2081 2634 egentibus,

435 2651 837 2722 sequebantur
895 2650 1226 2722 apostolum
1282 2668 1383 2721 per
1440 2650 1701 2706 civitates
1761 2656 1992 2707 euntem
2025 2656 2084 2707 et

431 2741 604 2796 verba
635 2740 866 2795 Domini
898 2740 1333 2813 praedicantem.
1361 2739 1613 2812 Contigit
1645 2745 1843 2795 autem
1903 2749 1962 2795 ut
1995 2740 2082 2795 in-

430 2834 648 2886 trantes
675 2831 881 2885 urbem
917 2829 1265 2900 Pergamum
1300 2828 1562 2884 viderent
1588 2844 1787 2885 servos
1819 2845 1955 2885 suos
1987 2846 2077 2885 se-

433 2917 569 2973 ricis
589 2918 831 2974 indutos
855 2919 1110 2974 vestibus
1159 2919 1540 2990 procedentes
1571 2924 1627 2974 et
1650 2918 1704 2972 in
1738 2917 1922 2990 gloria
1972 2936 2080 2974 sae-

432 3007 617 3061 culari
642 3007 949 3078 fulgentes.
970 3007 1132 3063 Unde
1164 3007 1384 3063 factum
1415 3012 1500 3063 est
1522 3013 1587 3062 ut
1617 3008 1832 3078 sagitta
1861 3008 2079 3064 diaboli

431 3097 691 3166 percussi
725 3095 920 3151 tristes
943 3096 1332 3166 efﬁcerentur,
1368 3096 1525 3167 quod
1553 3112 1615 3151 se
1656 3096 1714 3151 in
1748 3114 1864 3153 uno
1896 3097 2075 3169 pallio

427 3185 709 3247 viderent.
742 3191 998 3255 egentes,
1031 3203 1169 3241 suos
1200 3203 1332 3241 vero
1384 3202 1583 3241 servos
1640 3186 2078 3256 potentissimos

424 3279 600 3345 atque
621 3273 932 3346 fulgentes.
967 3275 1078 3330 Sed
1111 3275 1219 3330 hos
1251 3275 1415 3329 dolos
1461 3273 1680 3329 diaboli
1740 3273 2079 3347 intelligens

413 3363 720 3435 apostolus
740 3362 849 3419 ait:
884 3364 1060 3419 Video
1090 3379 1186 3418 vos
1217 3369 1275 3417 et
1319 3362 1547 3418 animos
1594 3371 1845 3419 mutasse
1874 3371 1932 3419 et
1964 3364 2081 3419 vul-

426 3461 523 3511 tus
556 3459 790 3527 propter
811 3455 920 3511 hoc
951 3455 1104 3527 quod
1164 3454 1492 3510 doctrinam
1522 3454 1752 3510 Domini
1788 3455 1905 3510 mei
1936 3458 2078 3510 Jesu

425 3546 639 3602 Christi
674 3546 860 3600 secuti
890 3544 1054 3609 estis,
1087 3548 1147 3597 et
1175 3543 1375 3598 omnia
1403 3560 1531 3614 quas
1557 3543 1765 3599 habere
1800 3544 2080 3614 potuistis

427 3635 782 3706 pauperibus
807 3632 1159 3689 contulistis.
1199 3632 1356 3689 Unde
1390 3632 1439 3688 si
1480 3633 1655 3688 vultis
1688 3633 1887 3688 omnia
1913 3649 2078 3689 recu-

432 3742 635 3798 perare
668 3742 794 3796 quis
827 3724 884 3779 in
918 3728 1143 3791 auro,et
1172 3723 1228 3777 in
1265 3727 1524 3795 argento,
1550 3728 1605 3779 et
1634 3723 1931 3794 lapidibus
1954 3739 2080 3795 pre-

432 3815 601 3872 tiosis
634 3813 944 3880 habuistis,
979 3814 1198 3869 deferte
1222 3813 1367 3868 mihi
1401 3813 1591 3884 virgas
1624 3817 1807 3869 rectas
1865 3814 1925 3869 in
1957 3812 2078 3870 siu-

431 3905 585 3977 gulis
617 3905 895 3959 fascibus.
944 3905 1102 3968 Quod
1166 3919 1300 3956 cum
1354 3902 1645 3963 fecissent,
1682 3902 1949 3959 invocato
1983 3918 2081 3956 no-

434 3994 591 4050 mine
623 3994 848 4049 Domini
878 4008 1164 4048 conversas
1199 3995 1336 4046 sunt
1366 3991 1424 4044 iu
1496 4007 1725 4046 aurum.
1761 3992 1906 4046 Item
1936 3991 2082 4046 dixit

430 4083 541 4138 eis:
574 4082 800 4137 Deferte
832 4080 973 4136 mihi
999 4079 1223 4149 lapides
1266 4078 1525 4133 minutos
1561 4096 1593 4133 a
1640 4078 1831 4134 littore
1876 4080 2075 4136 maris.

435 4170 596 4234 Quod
643 4186 774 4225 cum
834 4169 1129 4235 fecissent,
1162 4168 1422 4222 invocata
1473 4168 1697 4223 Domini
1752 4169 2077 4240 majestate,

436 4259 697 4316 conversi
731 4264 870 4313 sunt
901 4258 958 4312 in
1005 4273 1290 4329 gemmas.
1324 4258 1490 4313 Tunc
1522 4258 1662 4312 dicit
1716 4258 1798 4313 eis
1840 4264 2076 4314 sanctus

430 4348 683 4405 Joannes
714 4347 1013 4420 apostolus
1042 4364 1053 4402 :
1086 4346 1194 4403 Per
1225 4358 1442 4417 septem
1477 4346 1601 4401 dies
1644 4348 1720 4402 ite
1753 4363 1848 4416 per
1883 4348 2077 4402 auriti-

2189 511 2314 562 ctos
2347 523 2627 578 pauperes
2656 507 3194 579 gemuistis.Estote
3222 528 3351 581 ergo
3373 516 3747 583 tloridi,ntmar-

2188 598 2648 666 cescatis,estote
2677 598 2882 655 divites
2914 601 3331 673 temporaliter,
3363 611 3423 660 ut
3451 606 3504 662 in
3530 616 3749 671 aeternum

2190 684 2847 756 mendicetis.Nunquid
2878 703 3013 741 nam
3046 687 3335 760 impotens
3365 699 3447 749 est
3471 714 3646 754 manus
3667 702 3750 758 Do-

2192 774 2334 829 mini
2367 778 2432 829 ut
2461 791 2575 830 non
2611 774 2784 831 faciat
2812 793 3011 832 servos
3035 795 3175 835 suos
3196 781 3413 837 divitiis
3441 786 3697 846 affluentes
3716 802 3758 849 et

2189 864 2379 920 incom
2392 863 2728 936 parabiliter
2743 865 3120 937 splendentes
3136 867 3165 922 ‘I
3183 869 3291 925 Sed
3318 879 3578 930 certamen
3599 883 3757 937 statuit

2189 951 2519 1007 animorum
2556 958 2617 1007 ut
2644 952 2746 1024 qui
2778 970 2878 1024 pro
2908 955 3038 1025 ejus
3070 958 3308 1015 nomine
3355 965 3664 1034 temporales
3687 968 3759 1024 ha-

2192 1041 2321 1096 bere
2352 1058 2490 1113 opes
2524 1042 2818 1098 noluerint
2848 1044 3093 1099 credant
3124 1063 3187 1102 se
3212 1054 3452 1106 aeternas
3495 1052 3755 1114 habituros.

2195 1130 2453 1201 Denique
2485 1131 2740 1186 narravit
2760 1132 2928 1187 nobis
2955 1134 3232 1192 Dominus
3254 1144 3447 1194 noster
3474 1140 3621 1198 Jesus
3636 1143 3759 1201 Chri-

2190 1223 2318 1275 stus
2349 1220 2420 1274 de
2475 1220 2730 1291 quodam
2788 1221 2986 1289 divite,
3034 1225 3135 1295 qui
3195 1228 3528 1299 epulabatur
3559 1237 3764 1304 quotidie

2192 1307 2497 1379 splendide
2528 1315 2579 1363 et
2612 1308 2869 1379 fulgebat
2896 1310 2956 1365 in
2993 1329 3134 1367 auro
3162 1318 3218 1368 et
3250 1332 3519 1388 purpura,
3547 1320 3606 1375 ad
3635 1324 3764 1392 cuius

2192 1398 2345 1453 fores
2367 1399 2605 1469 jacebat
2635 1401 2941 1456 mendicus
2976 1401 3250 1470 Lazarus,
3283 1408 3383 1477 qui
3441 1411 3681 1481 cupiebat
3704 1411 3768 1468 vel

2192 1487 2374 1544 micas
2403 1504 2529 1557 quae
2557 1490 2628 1544 de
2660 1506 2861 1546 mensa
2918 1492 3046 1562 ejus
3105 1494 3395 1551 cadebant
3441 1498 3685 1569 accipere,
3726 1507 3769 1559 et

2193 1595 2375 1637 nemo
2398 1577 2481 1632 illi
2515 1578 2974 1652 dabat.Coutigit
3005 1587 3202 1637 autem
3233 1591 3294 1640 ut
3324 1590 3555 1657 uterque
3570 1605 3767 1646 morere-

2192 1672 2304 1737 tur,
2336 1672 2394 1722 et
2441 1666 2537 1722 ille
2578 1669 2881 1723 mendicus
2914 1670 3239 1727 deferretur
3291 1673 3351 1729 in
3399 1675 3769 1751 requiem,qua

2193 1759 2283 1811 est
2315 1756 2371 1811 in
2396 1756 2528 1811 sinu
2562 1756 2803 1812 Abrahae
2832 1776 2845 1826 ;
2880 1758 2980 1814 ille
3007 1766 3200 1817 autem
3231 1762 3397 1820 dives
3429 1766 3768 1824 mittereturin

2192 1844 2488 1900 ﬂammam
2516 1845 2792 1908 incendii,
2830 1849 2981 1903 unde
3014 1849 3246 1907 elevans
3277 1852 3471 1909 oculos
3497 1854 3625 1909 vidit
3651 1856 3771 1911 Laza-

2195 1951 2323 1989 rum
2358 1934 2653 1989 sedentem
2688 1937 2745 1989 in
2777 1936 2907 1991 sinu
2963 1938 3209 1995 Abrahae
3240 1945 3299 1996 et
3355 1943 3665 1999 exclamavit
3708 1947 3771 1999 di-

2196 2039 2332 2078 cens
2360 2041 2374 2078 :
2407 2028 2569 2078 Pater
2600 2024 2878 2080 Abraham
2901 2029 3167 2083 miserere
3181 2032 3293 2086 mei
3313 2039 3366 2086 et
3392 2034 3538 2087 mitte
3554 2034 3770 2089 Lazarum

2195 2122 2253 2167 ut
2279 2113 2518 2181 iutingat
2543 2111 2780 2183 digitum
2808 2132 2971 2171 suum
2994 2119 3051 2171 in
3085 2135 3285 2189 aquam
3314 2127 3365 2174 et
3396 2122 3677 2195 refrigeret
3694 2125 3774 2177 lin-

2191 2218 2358 2272 guam
2387 2219 2585 2267 meam,
2610 2202 2744 2273 quia
2772 2207 2992 2261 crucior
3016 2207 3074 2261 in
3105 2206 3207 2263 hac
3224 2210 3475 2279 ﬂamma.
3514 2210 3606 2266 Cui
3632 2211 3773 2267 Abra-

2194 2291 2330 2347 ham
2365 2294 2724 2363 respondens
2754 2294 2936 2351 dixit:
2992 2296 3307 2367 Memento,
3363 2300 3471 2370 ﬁli,
3501 2301 3627 2371 quod
3671 2319 3781 2357 meo

2193 2380 2328 2453 pia-ti
2357 2381 2495 2436 bona
2524 2383 2582 2437 in
2609 2381 2724 2437 vita
2754 2391 2877 2451 tua,
2905 2384 3146 2443 Lazarus
3192 2404 3324 2443 vero
3344 2388 3596 2445 similiter
3623 2392 3777 2459 male;

2192 2487 2338 2525 nunc
2371 2486 2490 2525 vero
2539 2469 2633 2526 hic
2679 2474 3016 2544 consolatur,
3050 2482 3111 2531 tu
3163 2492 3287 2531 vero
3341 2481 3615 2551 torqueris.
3645 2482 3692 2535 Et
3736 2480 3778 2535 in

2192 2560 2276 2614 liis
2304 2561 2557 2616 omnibus
2576 2561 2737 2617 chaos
2759 2578 3019 2633 magnum
3044 2564 3191 2620 inter
3213 2582 3312 2623 nos
3341 2577 3395 2624 et
3421 2585 3509 2625 vos
3552 2572 3778 2640 ﬁrmatum

2190 2654 2285 2715 est,
2320 2658 2381 2704 ut
2411 2666 2599 2721 neque
2625 2650 2761 2705 inde
2794 2651 2908 2708 huc
2956 2668 3146 2725 neque
3195 2654 3336 2711 hinc
3395 2656 3537 2713 illud
3583 2658 3778 2713 transire

2190 2739 2404 2810 aliquis
2436 2740 2640 2811 possit.
2671 2740 2867 2796 Atille
2896 2744 3168 2814 rspondit
3191 2761 3205 2799 :
3231 2745 3389 2802 Sunt
3417 2748 3775 2819 mihiquinque

2191 2829 2421 2899 fratres,
2453 2828 2694 2885 obsecro
2728 2834 2791 2886 ut
2820 2838 3022 2903 surgat
3048 2833 3265 2905 aliquis
3313 2836 3418 2908 qui
3474 2843 3681 2893 moneat
3706 2852 3777 2893 eos

2190 2934 2262 2973 ne
2297 2918 2407 2973 huc
2437 2918 2673 2974 veniant
2712 2918 2771 2974 in
2812 2918 2965 2976 hanc
3014 2920 3346 2978 ﬂammam.
3381 2925 3486 2981 Cui
3538 2925 3776 2980 Abraham

2190 3005 2269 3061 ait
2297 3020 2310 3062 :
2344 3005 2549 3062 Habent
2576 3010 2806 3078 Moysen
2835 3015 2889 3063 et
2919 3010 3223 3080 prophetas
3285 3012 3522 3069 audiant
3558 3013 3684 3068 illos.
3719 3011 3782 3067 Ad

2190 3095 2311 3150 haec
2339 3094 2437 3151 ille
2472 3096 2812 3168 respondit:
2843 3097 2965 3154 Nisi
3007 3102 3399 3158 resurrexerit
3459 3102 3657 3175 aliquis
3695 3118 3779 3156 non

2188 3186 2445 3241 credent.
2470 3185 2573 3242 Cui
2614 3185 2761 3241 dixit
2790 3186 3089 3245 Abraham
3118 3205 3131 3243 :
3165 3189 3225 3245 Si
3259 3191 3446 3263 Moysi
3502 3199 3555 3247 et
3584 3192 3782 3263 prophec

2187 3275 2669 3343 tisuoncredunt,
2690 3292 2796 3330 nec
2828 3276 2880 3331 si
2910 3275 3127 3348 aliquis
3160 3282 3780 3351 resurrexeritpoternnt

2185 3363 2236 3420 ei
2267 3362 2502 3419 credere
2534 3363 2629 3434 (ὑ).
2666 3365 2780 3419 llos
2810 3368 3006 3420 autem
3040 3382 3345 3424 sermones
3397 3385 3529 3426 suos
3556 3368 3779 3426 Dominus

2188 3456 2252 3507 ut
2292 3455 2565 3523 magister
2596 3457 2794 3509 noster
2848 3454 3135 3511 virtutum
3197 3456 3481 3514 firmabat
3531 3457 3778 3529 exemplis.

2188 3541 2332 3599 Nam
2367 3558 2499 3597 cum
2522 3542 2784 3598 dicerent
2812 3543 2865 3599 ei
2895 3560 2907 3601 :
2941 3544 3081 3610 Quis
3120 3545 3259 3602 inde
3274 3546 3393 3603 huc
3422 3548 3594 3617 venit,
3623 3555 3780 3602 utere-

2185 3632 2397 3686 damus
2427 3631 2500 3699 ei,
2535 3630 2629 3687 ille
2658 3632 2777 3687 ait:
2810 3632 3031 3689 Deferto
3062 3634 3175 3690 huc
3207 3641 3496 3704 mortuos,
3530 3653 3663 3709 quos
3707 3636 3783 3689 hac

2186 3720 2630 3792 betis.Cumque
2661 3727 3071 3792 apportassent
3099 3740 3292 3780 coram
3324 3725 3436 3782 illo
3468 3728 3575 3782 tria
3592 3738 3785 3797 corpora

2185 3815 2551 3864 mortuorum
2602 3808 2756 3866 velut
2794 3811 3143 3867 dormientia
3173 3813 3432 3871 excitata
3460 3820 3597 3871 sunt
3634 3815 3697 3869 ab
3718 3829 3784 3875 eo.

2184 3898 2282 3969 qui
2306 3900 2525 3954 dabant
2557 3899 2730 3955 fidem
2776 3899 3068 3957 universis
3100 3905 3486 3960 sermonibus
3514 3906 3653 3975 ejus.
3699 3900 3781 3958 Sed

2184 3988 2250 4043 ad
2277 3988 2414 4058 quid
2447 4004 2554 4059 ego
2581 3987 2650 4042 de
2683 3988 2925 4044 Domino
2988 4007 3114 4047 meo
3172 3992 3365 4049 refero
3426 3993 3571 4062 haec,
3604 4009 3717 4049 cum
3742 3991 3782 4044 in

2184 4079 2449 4149 praesenti
2477 4076 2597 4131 sint
2624 4094 2771 4147 quos
2794 4078 2851 4133 in
2902 4081 3030 4149 ejus
3054 4081 3297 4137 nomine
3359 4083 3631 4139 suscitavi
3659 4078 3784 4136 vobis

2184 4165 2652 4236 praesentibuan
2680 4166 2850 4236 cujus
2884 4168 3118 4223 nomine
3146 4174 3202 4224 et
3222 4171 3579 4243 paralyticos
3597 4174 3783 4226 curatos

2183 4255 2410 4311 vidistis
2428 4261 2485 4310 et
2504 4256 2762 4326 leprosos
2783 4258 3137 4314 emundatos
3157 4265 3215 4314 et
3236 4276 3427 4316 caecos
3449 4260 3781 4324 illuminatos,

2181 4350 2236 4400 et
2265 4344 2614 4399 adesmoniis
2630 4343 2902 4401 homines
2932 4345 3255 4403 liberatos?
3277 4349 3396 4405 Sed
3414 4350 3521 4405 has
3552 4351 3780 4404 virtutum

431 4455 528 4494 ces
560 4443 616 4494 et
645 4437 1019 4511 gemmarios,
1054 4443 1267 4493 etcum
1301 4436 1685 4507 probaveritis
1715 4452 1914 4492 verum
1950 4453 2078 4494 esse
2111 4509 2129 4511 _
2180 4450 2319 4506 opes
2349 4434 2557 4489 habere
2583 4450 2694 4489 non
2729 4441 2994 4505 possunt,
3020 4436 3120 4507 qui
3141 4437 3380 4495 divitias
3403 4440 3679 4495 voluerint
3704 4436 3783 4490 ha-

430 4509 729 4582 aurumiet
752 4543 917 4582 veras
935 4542 1221 4598 gemmas,
1250 4527 1516 4580 nuntiate
1536 4524 1695 4580 mihi.
1724 4526 1937 4580 Euutes
1970 4543 2073 4581 au-
2104 4509 2148 4573 Π
2181 4523 2314 4579 bere
2346 4527 2627 4577 terrenas.
2654 4522 2916 4595 Denique
2945 4540 3048 4580 vos
3081 4525 3191 4595 ipsi
3210 4528 3451 4595 quando
3475 4529 3545 4583 ad
3578 4528 3782 4582 infirmos

430 4621 549 4671 tem
582 4616 753 4671 ambo
786 4623 916 4687 post
937 4621 1156 4686 septem
1187 4616 1310 4669 dies
1336 4615 1553 4670 reversi
1580 4618 1717 4669 sunt
1745 4614 1815 4668 ad
1849 4620 2076 4684 aposto-

431 4705 555 4761 lum
587 4705 884 4760 dicentes:
921 4703 1458 4770 Domine,omninm
1485 4703 1789 4760 aui-idcum
1811 4703 2079 4759 ofﬁcinas

431 4794 891 4860 circumivimus,
915 4795 1011 4864 qui
1044 4809 1248 4848 omnes
1281 4792 1553 4847 dixerunt
1584 4798 1700 4847 tam
1736 4809 1949 4865 purum
1982 4810 2078 4848 itu-

431 4901 564 4941 rum
593 4890 649 4941 et
679 4888 800 4940 tam
832 4883 1121 4954 optimum
1148 4896 1447 4953 nunquam
1478 4898 1542 4936 se
1574 4880 1829 4947 vidisse;
1876 4882 1978 4937 sed
2019 4887 2077 4937 et

430 4973 737 5046 gemmarii
759 4973 959 5030 eadem
993 4972 1413 5038 dixerunt,tam
1447 4970 1701 5041 optimos
1724 4976 1779 5026 et
1798 4976 1917 5027 tam
1942 4986 2076 5042 pre-

426 5064 608 5120 tiosos
638 5062 865 5134 lapides
896 5078 958 5118 se
992 5076 1293 5131 nunquam
1353 5059 1592 5114 vidisse.
1626 5063 1782 5115 Tunc
1837 5065 2076 5116 sanctus

426 5153 681 5209 Joannes
711 5152 857 5207 dixit
879 5150 963 5206 eis
992 5166 1005 5205 :
1042 5150 1122 5205 Ite
1153 5156 1211 5205 et
1234 5148 1500 5205 redimite
1519 5148 1685 5205 vobis
1717 5154 1905 5204 terras
1928 5164 2075 5220 quas

428 5242 792 5311 vendidistis,
853 5241 990 5312 quia
1056 5238 1335 5295 cmlorum
1410 5238 1650 5309 prmmia
1711 5238 2071 5310 perdidistis.

426 5336 612 5390 Emite
643 5333 806 5388 vobis
837 5330 1058 5387 sericas
1088 5334 1374 5399 vestes,ut
1408 5345 1507 5400 per
1536 5332 1769 5398 tempus
1803 5328 2073 5400 fulgentis

424 5425 577 5479 sicut
599 5440 730 5479 rosa
754 5440 768 5492 ;
800 5438 929 5493 qua:
952 5420 1095 5476 dum
1125 5418 1233 5475 ﬂos
1254 5420 1384 5489 ejus
1413 5426 1467 5473 et
1492 5417 1728 5473 odorem
1766 5417 1986 5489 pariter
2006 5434 2073 5473 ac

423 5512 698 5567 ruborem
746 5510 1028 5576 ostendit,
1056 5513 1293 5581 repente
1350 5507 1681 5564 marcescit.
1719 5506 2073 5578 Suspirastis

496 5623 569 5691 (ὁ)
597 5627 736 5678 Luc.
765 5639 882 5692 xvr,
913 5623 1097 5680 24-34.

2184 4612 2738 4679 intrastis,invoeato
2764 4614 2996 4668 nomine
3018 4613 3244 4669 Domini
3260 4618 3450 4671 nostri
3471 4618 3600 4673 Jesu
3615 4611 3782 4670 Christi

2185 4701 2389 4758 salvati
2420 4706 2575 4771 sunt,
2612 4702 2859 4773 fugastis
2881 4703 3188 4768 daemonia,
3223 4708 3281 4759 et
3310 4707 3495 4761 etiam
3540 4702 3783 4761 excaecth

2183 4788 2407 4844 lumina
2441 4789 2951 4844 reddidistis.Ecce
2978 4788 3173 4847 ablata
3194 4799 3280 4845 est
3302 4791 3429 4846 hac
3459 4792 3637 4863 gratia
3662 4808 3691 4844 a
3713 4804 3781 4840 vo-

2184 4877 2277 4932 bis
2306 4882 2364 4931 et
2392 4876 2525 4932 facti
2547 4876 2690 4932 estis
2722 4878 2919 4932 miseri
2943 4878 3236 4949 quieratis
3252 4879 3435 4937 fortes
3457 4886 3512 4937 et
3544 4875 3787 4951 magniJ-lt

2185 4983 2316 5023 cum
2334 4972 2533 5022 tantus
2560 4969 2735 5022 timor
2752 4967 3096 5023 vestriesset
3117 4969 3176 5023 in
3207 4968 3541 5040 daemoniis,
3576 4977 3633 5024 ut
3660 4969 3783 5038 iussu

2186 5062 2377 5112 vestro
2408 5057 2680 5111 obsessos
2714 5054 2984 5112 homines
3014 5056 3612 5130 relinquerent,modo
3627 5074 3714 5113 vos
3731 5055 3782 5109 ti-

2184 5148 2355 5203 metis
2388 5146 2710 5215 daemonia;
2742 5152 2967 5203 amator
2991 5148 3149 5204 enim
3179 5166 3447 5221 pecunia:
3507 5166 3689 5206 servus
3724 5150 3786 5199 est

2182 5253 2555 5293 mammonae.
2593 5240 2920 5291 Mammona
2953 5243 3146 5293 8|.)le
3185 5240 3472 5293 ἁωωουὶε
3498 5254 3693 5295 nomen
3709 5238 3787 5297 ϐὃίν

2182 5327 2279 5398 qui
2318 5324 2495 5379 lucris
2521 5326 2858 5381 carnalibus
2891 5332 3099 5395 praeest
3123 5332 3180 5382 et
3209 5327 3546 5383 dominatur
3596 5327 3678 5381 his
3713 5320 3786 5393 qui

2183 5414 2433 5484 diligunt
2448 5412 2911 5469 mundum.Nam
2926 5431 3061 5470 cum
3076 5414 3153 5469 sit
3168 5432 3322 5471 unus
3333 5421 3538 5471 venter
3552 5413 3786 5471 etsintre-

2178 5502 2368 5573 posita
2393 5507 2556 5557 tanta
2572 5518 2700 5574 qua
2713 5502 2872 5557 mille
2889 5502 3187 5560 ventribus
3202 5504 3583 5573 sufﬁciant,et
3596 5518 3712 5558 cum
3725 5498 3787 5553 sit
