4034 6226
278 359 432 419 1249

1820 359 1969 420 SPU
1978 360 2103 420 RIA
2118 401 2134 418 .

3529 359 3686 418 1250

275 491 434 546 dices
463 489 579 545 ita:
601 489 922 562 Apostolus
947 489 1176 545 Domini
1205 488 1386 545 nostri
1415 488 1556 545 Jesu
1586 488 1801 543 Christi
1825 489 1929 544 mi-
1957 504 2015 568 Α
2048 489 2376 546 convivium
2408 493 2577 544 tuum
2620 489 2788 545 venio
2829 489 3051 560 gratias
3080 505 3284 560 agens,
3313 489 3451 560 quia
3477 505 3567 545 me
3596 490 3688 543 di-

278 581 357 637 sit
379 597 472 636 me
501 585 566 636 ut
596 581 655 636 in
686 582 810 650 ejus
833 581 1070 636 nomine
1104 579 1452 648 exsurgatis,
1483 587 1543 633 ut
1573 583 1927 649 cognoscant

278 671 651 740 omnes,quia
682 676 739 726 et
756 669 871 724 vita
892 674 948 725 et
963 686 1120 724 mors
1147 669 1508 724 famulantur
1528 667 1773 722 Domino
1798 683 1927 722 meo

276 759 417 815 Jesu
450 761 707 816 Christo.
728 760 890 824 Quod
915 775 1049 815 cum
1080 759 1309 815 fecisset
1340 757 1736 813 Aristodimus
1766 756 1926 812 etvi-

279 849 462 905 disset
507 865 605 904 eos
634 865 965 921 exsurgere,
1029 848 1281 903 adorans
1329 849 1630 911 Joannem,
1679 845 1928 902 festinus

277 939 534 1009 porrexit
565 939 634 993 ad
670 936 1079 1010 proconsulem
1095 941 1151 992 et
1181 937 1358 1009 coepit
1391 937 1649 992 clamosa
1681 951 1816 990 voce
1841 933 1922 988 di-

279 1041 446 1082 cere:
483 1027 626 1082 Audi
647 1043 759 1094 me,
787 1027 1124 1098 proconsul,
1161 1041 1480 1081 memorem
1518 1029 1574 1080 te
1607 1028 1746 1095 puto
1772 1021 1928 1094 quod

280 1119 490 1171 contra
533 1115 820 1172 Joannem
845 1116 990 1170 iram
1023 1119 1184 1171 tuam
1221 1115 1556 1185 frequenter
1601 1111 1845 1168 excitavi
1875 1115 1932 1166 et

283 1204 470 1259 multa
499 1203 652 1259 mala
681 1209 883 1260 contra
917 1220 1048 1259 eum
1099 1203 1216 1275 egi,
1252 1203 1405 1258 unde
1454 1218 1652 1257 vereor
1682 1217 1754 1256 ne
1785 1201 1930 1255 iram

280 1293 412 1363 ejus
443 1293 730 1364 experiar,
764 1298 854 1348 est
885 1293 1040 1348 enim
1069 1292 1221 1347 Deus
1253 1291 1311 1345 in
1339 1293 1533 1362 specie
1562 1289 1822 1346 hominis
1854 1288 1931 1343 la-

284 1385 439 1436 tens.
472 1380 618 1436 Nam
649 1396 936 1436 venenum
970 1381 1176 1436 bibens
1201 1397 1312 1435 non
1337 1378 1524 1435 solum
1548 1379 1673 1450 ipse
1704 1377 1930 1433 incolu-

281 1471 395 1526 mis
427 1476 778 1543 perseverat,
835 1471 936 1526 sed
978 1470 1152 1525 etiam
1187 1487 1284 1525 eos
1322 1469 1418 1540 qui
1473 1469 1675 1524 eodem
1710 1483 1930 1523 veneno

281 1559 506 1616 mortui
540 1562 891 1632 fuerantper
915 1575 1126 1615 manus
1156 1575 1317 1614 meas
1342 1558 1554 1613 tunicis
1576 1574 1693 1613 suae
1715 1561 1930 1612 attactu

280 1650 595 1706 suscitavit
620 1651 692 1706 ad
725 1651 926 1715 vitam,
966 1649 1127 1704 nulla
1160 1649 1330 1720 signa
1361 1663 1555 1703 secum
1590 1647 1796 1702 mortis
1832 1647 1932 1701 ha-

281 1739 671 1796 bentes.Dicit
696 1741 747 1796 ei
781 1738 1125 1812 proconsul:
1152 1738 1379 1809 thuid
1407 1737 1494 1793 vis
1515 1742 1577 1792 ut
1609 1736 1934 1792 faciamus?

281 1828 609 1901 Respondit
631 1828 1025 1884 Aristodimus
1048 1830 1294 1884 :Eamus
1319 1831 1374 1882 et
1396 1827 1808 1898 provolvamus
1831 1841 1926 1897 ge-

287 1919 467 1973 nibus
489 1927 616 1986 ejus
648 1919 875 1974 veniam
911 1917 1296 1990 postulantes,
1348 1923 1405 1973 et
1439 1916 1720 1988 quidquid
1759 1915 1926 1971 nobis

279 2007 532 2077 jusserit
563 2007 1030 2062 faciamus.Tunc
1061 2008 1360 2061 venientes
1390 2005 1564 2059 simul
1603 2009 1926 2076 prostrave-

283 2100 427 2150 runt
459 2111 521 2150 se
543 2094 832 2167 apostolo,
891 2095 1318 2166 indulgentiam
1362 2093 1756 2166 postulantes;
1783 2109 1928 2164 quos

285 2182 388 2238 ille
420 2185 748 2255 suscipiens
779 2199 912 2239 cum
964 2185 1286 2255 gratiarum
1342 2181 1569 2239 actione
1611 2183 1926 2238 orationem

283 2273 502 2329 obtulit
535 2275 671 2338 Deo,
706 2275 1094 2345 praecepitque
1149 2273 1232 2329 eis
1259 2279 1316 2327 ut
1348 2273 1524 2327 unius
1557 2272 1930 2328 hebdomadas

275 2363 573 2434 jejunium
609 2367 865 2434 agerent.
900 2362 1022 2425 Quo
1052 2361 1277 2432 expleto
1320 2361 1629 2431 baptizavit
1660 2377 1758 2416 eos
1779 2378 1797 2414 .·
1832 2359 1931 2431 qui

292 2469 428 2508 eum
461 2451 740 2523 baptizati
787 2451 1034 2506 fuissent
1063 2467 1197 2506 cum
1239 2449 1514 2505 universa
1552 2449 1847 2521 parentela
1879 2454 1935 2504 et

299 2540 587 2598 affinitate
599 2557 709 2596 sua
731 2548 784 2594 el
805 2540 1043 2594 famulis
1061 2539 1208 2605 suis,
1226 2540 1514 2609 fregerunt
1535 2539 1730 2594 omnia
1748 2541 1934 2593 simu-

298 2629 459 2685 lacra
488 2646 554 2686 ac
586 2628 1018 2686 fabricaverunt
1051 2627 1355 2684 basilicam
1387 2629 1447 2682 in
1479 2627 1717 2682 nomine
1750 2627 1935 2682 sancti

301 2719 572 2786 Joannis,
595 2718 655 2773 in
677 2733 786 2789 qua
813 2719 938 2790 ipse
962 2726 1200 2773 sanctus
1217 2717 1472 2773 Joannes
1487 2722 1830 2788 assumptus
1853 2721 1938 2772 est

293 2810 408 2866 hoc
437 2810 640 2865 ordine
663 2826 676 2864 :

367 2902 507 2953 Cum
541 2903 696 2954 esset
725 2913 1015 2953 annorum
1074 2898 1398 2969 nonaginta
1428 2913 1626 2953 novem
1667 2895 1941 2968 apparuit

305 2987 356 3044 ei
385 2986 670 3043 Dominus
685 2988 860 3043 Jesus
891 2987 1160 3042 Christus
1182 3002 1315 3041 cum
1356 2984 1664 3056 discipulis
1696 2985 1821 3040 suis
1852 2984 1939 3040 di-

299 3093 440 3134 cens
471 3077 521 3134 ei
548 3092 562 3132 :
595 3077 737 3132 Veni
771 3077 840 3132 ad
867 3092 959 3131 me
990 3075 1380 3148 quiatempus
1411 3080 1501 3130 est
1531 3073 1861 3147 utepuleris
1883 3073 1942 3129 in

300 3165 562 3224 convivio
595 3181 720 3222 meo
764 3182 898 3221 cum
948 3165 1224 3220 fratribus
1256 3165 1399 3220 tuis.
1459 3163 1717 3235 Surgens
1747 3167 1943 3218 autem

2038 584 2253 651 gnatus
2284 593 2372 644 es,
2401 576 2644 634 Domine
2673 576 2812 634 Jesu
2835 577 3088 644 Christe,
3112 578 3185 632 ad
3215 582 3349 633 tuas
3381 578 3583 649 epulas
3606 578 3690 632 in-

2035 670 2244 730 vitare,
2277 671 2468 725 sciens
2493 669 2648 740 quod
2681 685 2749 723 ex
2781 673 2898 723 tote
2916 667 3088 722 corde
3124 683 3248 722 meo
3272 667 3680 723 desiderabam

2035 764 2123 828 te;
2154 761 2272 817 vidi
2297 761 2502 816 faciem
2549 766 2707 815 tuam
2744 767 2798 815 et
2830 759 2993 829 quasi
3022 759 3092 813 de
3136 757 3403 829 sepulcro
3436 760 3683 814 suscita-

2037 854 2133 906 tus
2162 867 2312 906 sum.
2338 851 2493 906 Odor
2521 854 2659 905 tuus
2690 847 3194 920 concupiscentiae
3216 848 3276 903 in
3306 863 3399 902 me
3428 847 3674 902 suscita-

2039 939 2120 995 vit
2140 947 2407 996 aeternas.
2459 943 2584 994 Vox
2616 944 2718 994 tua
2767 940 2943 1010 plena
2973 941 3261 994 suavitate
3313 937 3598 993 melliliua
3627 942 3687 992 et

2037 1027 2312 1084 allocutio
2339 1033 2440 1084 tua
2487 1027 2965 1099 incomparabilis
3023 1027 3271 1098 eloquiis
3305 1026 3671 1097 angelorum.

2037 1118 2274 1182 Quoties
2309 1122 2363 1172 te
2386 1117 2579 1188 rogavi
2614 1123 2680 1172 ut
2705 1117 2960 1172 venirem
2993 1117 3064 1171 ad
3088 1119 3145 1172 te
3176 1121 3233 1171 et
3261 1116 3463 1171 dixisti
3497 1116 3638 1170 mihi
3665 1132 3678 1169 :

2035 1206 2318 1278 Exspecta
2349 1211 2413 1262 ut
2445 1205 2726 1278 populum
2761 1205 2971 1261 liberes
3020 1205 3378 1260 crediturum
3424 1204 3590 1270 mihi,
3626 1209 3683 1259 et

2035 1295 2346 1352 custodisti
2377 1311 2586 1367 corpus
2610 1310 2806 1350 meum
2837 1295 2908 1349 ab
2934 1293 3093 1349 omni
3119 1293 3438 1365 pollutione
3470 1298 3525 1348 et
3557 1293 3682 1348 ani-

2038 1402 2195 1441 mam
2230 1402 2416 1441 meam
2455 1402 2687 1456 semper
2713 1384 3148 1455 illuminasti,et
3182 1402 3293 1441 non
3318 1384 3684 1455 dereliquisti

2040 1491 2132 1530 me
2163 1491 2293 1530 cum
2320 1475 2466 1532 irem
2499 1475 2557 1529 in
2591 1474 2858 1530 exsilium
2895 1480 2950 1530 et
2982 1475 3320 1541 redirem,et
3346 1471 3589 1543 posuisti
3624 1473 3682 1528 in

2038 1581 2136 1620 ore
2168 1580 2296 1619 meo
2326 1565 2568 1620 verbum
2601 1565 2860 1619 veritatis
2885 1569 3017 1632 tuae,
3049 1579 3517 1619 commemorans
3542 1563 3687 1617 mihi

2038 1653 2376 1709 testimonia
2406 1654 2693 1708 virtutum
2743 1657 3000 1708 tuarum.
3046 1652 3114 1707 Et
3161 1653 3371 1722 scripsi
3405 1669 3473 1708 ea
3501 1668 3681 1724 opera

2039 1761 2165 1816 qua
2197 1745 2388 1800 audivi
2422 1762 2490 1800 ex
2521 1759 2620 1799 ore
2650 1749 2749 1798 tuo
2778 1744 3022 1798 auribus
3063 1743 3231 1798 meis.
3282 1743 3349 1797 Et
3379 1747 3542 1811 tunc,
3566 1742 3678 1796 Do-

2042 1835 2219 1904 mine,
2252 1835 2599 1890 commendo
2633 1833 2737 1887 tibi
2773 1833 2922 1887 filios
2956 1837 3264 1903 tuos,quos
3296 1832 3398 1886 tibi
3421 1830 3677 1885 Ecclesia

2043 1928 2138 1978 tua
2169 1925 2348 1994 virgo,
2385 1940 2518 1978 vera
2553 1930 2735 1977 mater
2769 1939 2868 1993 per
2898 1937 3112 1992 aquam
3147 1931 3198 1975 et
3230 1919 3506 1991 Spiritum
3542 1937 3680 1974 san-

2038 2018 2197 2066 ctum
2231 2011 2608 2081 regeneravit.
2670 2011 2910 2082 Suscipe
2952 2026 3064 2077 me,
3116 2017 3180 2063 ut
3232 2026 3364 2064 cum
3399 2008 3679 2063 fratribus

2039 2101 2185 2157 meis
2218 2103 2352 2167 sim,
2386 2116 2519 2156 eum
2543 2099 2756 2170 quibus
2797 2099 3034 2155 veniens
3085 2097 3344 2154 invitasti
3377 2114 3491 2166 me,
3519 2095 3680 2168 aperi

2038 2191 2182 2246 mihi
2205 2191 2454 2261 januam
2486 2191 2616 2244 vitae
2641 2208 2656 2256 ;
2685 2189 2974 2260 principes
3023 2189 3395 2243 tenebrarum
3439 2203 3554 2242 non
3583 2203 3683 2242 oo-

2039 2287 2272 2336 currant
2307 2278 2450 2333 mihi
2484 2282 2540 2333 et
2563 2294 2772 2334 manus
2803 2283 3072 2333 extranea
3104 2294 3215 2333 non
3245 2277 3678 2347 contingatme,

2041 2383 2145 2423 nec
2176 2368 2368 2423 veniat
2386 2367 2530 2423 mihi
2554 2383 2653 2438 pes
2666 2367 2971 2438 superbiae,
3000 2367 3101 2421 sed
3121 2367 3352 2437 suscipe
3368 2381 3460 2421 me
3482 2380 3686 2420 secun-

2042 2455 2181 2510 dum
2213 2455 2456 2511 verbum
2474 2459 2666 2522 tuum,
2692 2455 2981 2527 etfperdue
3002 2471 3093 2510 me
3109 2455 3178 2509 ad
3207 2453 3533 2510 convivium
3551 2469 3687 2524 epu-

2039 2543 2230 2599 larum
2263 2548 2520 2611 tuarum,
2567 2544 2664 2599 ubi
2697 2542 3010 2614 epulantur
3042 2551 3230 2598 tecum
3275 2558 3478 2597 omnes
3510 2540 3685 2596 amici

2041 2634 2146 2687 tui.
2180 2633 2268 2687 Tu
2299 2649 2362 2688 es
2390 2631 2547 2687 enim
2578 2632 2844 2687 Christus
2876 2631 3056 2686 Filius
3089 2631 3189 2686 Dei
3221 2630 3352 2686 vivi.
3388 2631 3481 2699 qui
3518 2647 3668 2700 prae-

2042 2725 2210 2792 cepto
2233 2720 2420 2776 Patris
2449 2720 2534 2775 tui
2571 2721 2856 2775 mundum
2888 2719 3146 2789 salvasti,
3181 2719 3280 2784 qui
3310 2722 3367 2774 et
3389 2717 3674 2789 Spiritum

2043 2816 2310 2868 sanctum
2341 2810 2511 2866 nobis
2567 2811 2867 2867 destinare
2911 2811 3184 2880 dignatus
3232 2826 3318 2874 es,
3351 2812 3415 2863 ut
3462 2825 3568 2862 nos
3606 2809 3675 2861 de

2045 2901 2348 2973 praeceptis
2378 2900 2496 2955 tuis
2527 2899 3072 2966 commonefaceres,
3113 2914 3216 2970 per
3253 2897 3527 2952 eumdem
3555 2895 3685 2965 Spi-

2047 2989 2222 3044 ritum
2253 2988 2358 3044 tibi
2384 2987 2604 3059 gratias
2637 2987 2946 3043 referimus
2965 3003 3065 3058 per
3089 2986 3318 3041 infinita
3335 2983 3548 3040 saecula
3572 2999 3681 3038 sae-

2049 3077 2339 3134 culorum.
2377 3080 2584 3134 Amen.

2122 3171 2189 3222 Et
2218 3183 2352 3222 eum
2383 3173 2578 3222 omnis
2610 3165 2862 3239 populus
2920 3164 3322 3236 respondisset
3349 3168 3563 3231 Amen,
3597 3162 3695 3217 lux

296 3257 555 3312 Joannes
584 3255 760 3327 cmpit
788 3254 998 3325 ire,sed
1018 3254 1306 3310 Dominus
1329 3251 1474 3308 dixit
1501 3251 1552 3308 ei
1580 3269 1593 3307 :
1627 3252 1946 3324 {Dominica
1978 3244 2020 3311 C
2060 3260 2226 3313 tanta
2253 3256 2518 3326 apparuit
2566 3271 2745 3327 super
2774 3254 3104 3324 apostolum
3143 3270 3262 3309 una
3291 3252 3410 3308 fere
3441 3251 3606 3320 hora,
3637 3254 3704 3305 ut

297 3344 744 3401 resurrectionis
776 3359 916 3400 mea:
961 3343 1056 3398 die
1075 3359 1200 3413 qua:
1235 3350 1363 3414 post
1395 3342 1654 3413 quinque
1708 3341 1832 3398 dies
1855 3341 1944 3397 fu-

300 3438 433 3490 tura
461 3437 550 3489 est
583 3433 664 3489 ita
712 3433 909 3488 venies
969 3432 1037 3488 ad
1077 3447 1186 3487 me.
1239 3431 1308 3486 Et
1359 3447 1490 3486 cum
1526 3430 1648 3485 hmo
1680 3430 1944 3498 dixisset,

295 3522 440 3577 emlo
483 3525 755 3592 receptus
788 3525 896 3577 est.
953 3520 1234 3576 Veniente
1285 3519 1480 3589 itaque
1525 3517 1824 3573 Dominica
1854 3517 1947 3572 die

295 3609 1268 3667 convenituniversamultitudoin
1302 3608 1547 3663 ecclesia
1579 3623 1701 3677 quaa
1724 3611 1782 3662 in
1817 3610 1947 3677 ejus

303 3701 541 3756 nomine
573 3700 760 3755 fuerat
782 3700 1083 3763 fabricata,
1104 3703 1160 3754 et
1179 3716 1213 3753 a
1239 3698 1427 3768 primo
1453 3695 1738 3766 gallorum
1770 3699 1943 3751 cantu

293 3805 475 3858 agens
508 3788 784 3860 mysteria
814 3788 913 3843 Dei
938 3803 1171 3842 omnem
1202 3784 1483 3857 populum
1520 3799 1707 3856 usque
1742 3783 1814 3838 ad
1841 3783 1941 3839 bo-

298 3894 422 3934 ram
454 3877 568 3932 diei
586 3877 815 3933 tertiam
847 3875 1138 3932 allocutus
1160 3879 1269 3931 est.
1304 3876 1441 3931 Post
1490 3872 1813 3944 haecjussit
1849 3873 1935 3927 fo-

293 3967 651 4037 veamjuxta
681 3966 864 4022 altare
895 3965 1020 4020 fieri
1058 3964 1430 4036 quadratam,
1475 3967 1532 4018 et
1563 3967 1779 4018 terram
1816 3962 1941 4032 ejus

290 4057 449 4112 foras
482 4055 792 4112 ecclesiam
824 4053 1051 4126 projici.
1105 4054 1172 4109 Et
1203 4053 1563 4109 descendens
1593 4051 1651 4105 in
1685 4067 1812 4106 eam
1845 4067 1942 4106 ex-

291 4145 499 4218 pandit
521 4162 734 4202 manus
765 4161 903 4201 suas
935 4145 1006 4201 ad
1035 4146 1215 4200 Deum
1248 4149 1306 4200 et
1338 4143 1519 4199 dixit:
1554 4142 1838 4198 Invitatus
1869 4141 1943 4198 ad

2060 3346 2259 3402 nullus
2288 3344 2440 3401 hanc
2472 3345 2717 3400 sufferre
2745 3344 2961 3400 valeret
2985 3348 3279 3414 aspectus.
3333 3342 3540 3396 Postea
3571 3356 3700 3395 vero

2057 3435 2292 3490 inventa
2316 3438 2407 3490 est
2430 3433 2531 3489 illa
2549 3433 2709 3490 fovea
2727 3431 3080 3504 plena,nihil
3110 3431 3268 3486 aliud
3303 3429 3362 3484 in
3395 3444 3457 3484 se
3483 3427 3704 3484 habens

2056 3524 2168 3579 nisi
2196 3539 2437 3588 manna,
2461 3523 2616 3594 quod
2655 3538 2842 3592 usque
2865 3521 3034 3576 hodie
3069 3520 3255 3590 gignit
3274 3519 3438 3572 locus
3472 3518 3606 3583 iste,
3643 3519 3701 3570 et

2054 3612 2202 3667 ﬁunt
2230 3611 2309 3666 ibi
2341 3611 2584 3666 virtutes
2614 3610 2979 3665 orationibus
3025 3609 3173 3677 ejus,
3211 3611 3268 3661 et
3297 3607 3368 3660 ab
3414 3604 3693 3660 omnibus

2052 3699 2501 3754 infirmitatibus
2521 3703 2579 3753 et
2602 3697 2879 3769 periculis
2901 3697 3228 3750 liberantur
3257 3710 3462 3749 omnes
3493 3698 3548 3747 et
3563 3708 3694 3763 pre-

2053 3805 2187 3843 cum
2219 3803 2461 3843 suarum
2493 3787 2751 3841 obtinent
2777 3785 3070 3852 effectum,
3106 3786 3416 3855 praestante
3448 3781 3697 3836 Domino

2053 3882 2250 3934 nostro
2309 3877 2450 3932 Jesu
2482 3876 2712 3931 Christo
2761 3875 2861 3946 qui
2893 3891 3027 3930 eum
3077 3878 3360 3930 coreterno
3413 3876 3580 3926 Patre
3633 3871 3690 3925 in

2050 3967 2275 4023 unitate
2306 3964 2559 4037 Spiritus
2589 3967 2776 4021 sancti
2804 3967 2956 4021 Deus
2985 3963 3122 4020 vivit
3151 3967 3208 4018 et
3227 3965 3430 4032 regnat
3450 3965 3505 4016 et
3537 3975 3694 4014 nunc

2051 4060 2109 4114 et
2147 4071 2380 4128 semper
2421 4071 2526 4127 per
2575 4054 2805 4111 inﬁnita
2844 4052 3060 4110 sucula
3091 4049 3460 4108 seculorum.
3499 4050 3700 4104 Amen.
