4034 6226
213 340 240 400 1
254 335 369 398 257

924 327 1421 394 FRAGMENTA
1466 328 1562 388 EX
1605 323 1950 388 EYPOSIT.

1869 459 1967 514 III.

1999 322 2536 387 OBAGULOBUM
2584 322 2937 385 DOMINIC.
3469 324 3623 388 i258

1504 571 1731 639 Ibidem,
1780 570 1974 640 paucis
2020 567 2347 639 interjectis.

290 695 624 775 Ἀναγκαίως
674 692 765 749 νῦν
820 694 1202 769 προσθήσομεν
1261 695 1377 751 ταῖς
1430 685 1859 763 προεκτεθεξσαις
1896 690 1945 754 Α

212 788 385 844 αὐτοῦ
435 792 644 858 φωναῖς
701 781 1020 858 παράδοσῖν,
1078 780 1144 850 ἢν
1198 781 1319 854 περὶ
1381 780 1607 852 Μαρκου
1661 780 1759 831 τοῦ
1804 775 1866 829 τὸ

216 851 568 954 Εὗαγγὲλιον
617 851 954 951 γεγραφότος
1013 851 1304 933 ἑκτέθειται
1361 866 1451 923 διὰ
1481 851 1731 921 τούτων.
1764 865 1867 921 Καὶ

212 972 381 1022 τοῦτο
413 968 441 1018 ό
474 962 839 1038 πρεσϐύτερος
893 959 1068 1035 ἷιὲλεγε⁸
1130 960 1349 1033 Μάρκος
1388 957 1480 1030 μὲν
1531 956 1868 1029 ἑρμηνευτὴς

218 1055 428 1129 Πέτρου
459 1054 771 1127 γενόμενος,
821 1052 920 1105 ὅσα
965 1048 1386 1122 ἐμνημόνευσεν,
1417 1040 1657 1119 ἀκριϐῶς
1708 1040 1868 1118 ἔγρα-

216 1149 341 1220 ψεν
390 1144 454 1199 οὐ
509 1144 602 1216 μὶν
653 1163 739 1196 τοι
794 1141 936 1211 τάξει
984 1139 1051 1193 τὰ
1124 1139 1226 1194 ὑπὸ
1273 1140 1371 1191 τοῦ
1416 1137 1651 1208 Χριστοῦ
1697 1134 1733 1203 ἢ
1787 1132 1872 1188 λε-

215 1236 426 1308 χθέντα
457 1232 491 1301 ἢ
533 1229 860 1305 πραχθὲντλο
922 1224 1043 1282 οὕτε
1102 1227 1203 1303 γὰρ
1242 1226 1443 1294 ἢκουσε
1497 1227 1595 1278 τοῦ
1644 1220 1870 1292 Κυρίου,

217 1305 350 1378 οὔτε
403 1319 891 1393 παρηκολούθησεν
950 1316 1116 1386 αὐτῷ·
1178 1314 1397 1387 ὕστερον
1452 1311 1531 1379 δὲ,
1591 1311 1665 1371 ὡς
1717 1305 1871 1386 ἔφην,

221 1411 435 1484 Πέτρῳ,
488 1409 550 1469 ὅς
597 1409 734 1480 πρὸς
771 1408 868 1467 τὰς
928 1405 1118 1479 χρείας
1176 1402 1411 1457 ἐποιεῖτο
1463 1401 1558 1462 τὰς
1618 1397 1875 1455 διδασκα-

216 1498 368 1563 λίας
400 1497 527 1553 ἀλλ’
559 1497 670 1571 οὐχ
699 1495 879 1568 ὥσπερ
912 1493 1153 1563 σύνταξιν
1197 1496 1305 1546 τῶν
1353 1494 1645 1565 Χυριακῶν
1677 1489 1871 1544 ποιού-

223 1608 393 1660 μενος
453 1587 653 1662 λόγων.
711 1587 871 1640 Ὥστε
926 1580 1051 1638 οὐδὲ
1118 1582 1332 1655 ⁴ἥμαρτε
1390 1582 1641 1654 Μαρκος,
1696 1580 1876 1641 οὕτως

217 1672 340 1731 ἔνια
396 1676 630 1751 γράψας,
680 1674 753 1734 ὡς
812 1672 1310 1744 ἀπεμνημόνευσεν.
1364 1670 1515 1733 Ἑνὸς
1551 1671 1651 1743 γὰρ
1682 1669 1873 1737 ἐποιή-

218 1786 360 1821 σατο
386 1764 664 1840 πρόνοιαν,
697 1767 793 1817 τοῦ
828 1759 996 1833 μηδὲν
1052 1760 1126 1814 ὧν
1175 1760 1375 1828 ἤκουσε
1422 1756 1753 1831 παραλιπεῖν
1805 1758 1873 1825 ἤ-

219 1853 524 1927 ψεύσασθαὶ
552 1873 603 1906 τι
638 1850 687 1905 ἐν
720 1850 921 1911 αὐτοῖς.
972 1852 1150 1907 Ταῦτα
1205 1850 1301 1920 μὲν
1359 1846 1450 1902 οὖν
1485 1848 1768 1923 ἱστόρηται
1796 1851 1874 1918 τῷ

224 1942 414 2014 Παπίᾳ
478 1942 605 2016 περὶ
667 1946 763 1995 τοῦ
820 1941 1061 2015 Μάρκου.
1121 1938 1249 2010 Περὶ
1315 1935 1372 1993 δὲ
1438 1941 1535 1992 τοῦ
1590 1936 1873 1993 Ματθαίου

219 2037 376 2087 ταῦτ’
421 2030 657 2106 εἷ’ρηται·
694 2032 970 2091 Mattiacis:
1030 2028 1123 2100 μὲν
1184 2026 1277 2081 οὖν
1327 2023 1572 2101 Ἑϐραῗὸι
1604 2024 1874 2098 διαλέκτῳ
1906 2047 1953 2112 Β

219 2122 295 2175 τὰ
352 2119 519 2196 λόγια
571 2121 959 2192 συνεγράψατο.
1009 2118 1346 2190 Ἡρμήνευσε
1378 2113 1426 2171 δ’
1457 2114 1591 2171 αὐτᾶ
1637 2117 1711 2178 ὡς
1739 2112 1875 2184 ἡδύ--

222 2228 357 2263 νατο
417 2202 637 2267 ἕκαστος
851 2205 1119 2280 κέχρηται
1177 2202 1223 2258 δ’
1282 2205 1310 2258 ὁ
1361 2204 1523 2266 αὐτὸς
1557 2204 1874 2277 μαρτυρίαις

224 2298 336 2351 ἀπὸ
365 2304 468 2365 τῆς
499 2297 745 2351 Ἰωάννου
795 2297 1061 2366 προτέρας
1120 2292 1474 2362 Ἐπιστολῆς,
1524 2301 1615 2347 καὶ
1644 2299 1744 2368 τῇς
1778 2292 1877 2347 Πέ-

221 2406 360 2458 τρου
394 2385 627 2457 ὁμοίως.
675 2385 1005 2447 Ἑκτέθειται
1051 2379 1109 2437 δὲ
1147 2383 1235 2436 καὶ
1267 2380 1448 2452 ἄλλην
1480 2382 1719 2457 ἱστορίαν
1752 2386 1874 2457 περὶ

224 2474 508 2549 γυναικὸς,
564 2470 653 2526 ἒπὶ
709 2472 948 2534 πολλαῖς
1004 2471 1298 2545 ἁμαρτίαις
1357 2466 1748 2541 διαϐληθείσης
1788 2470 1873 2526 ἐπὶ

224 2565 327 2617 τοῦ
358 2562 585 2636 Κυρίου,
635 2562 702 2630 ἤν
751 2563 812 2616 τὸ
866 2562 985 2625 καθ’
1033 2556 1320 2635 Ἐϐραίους
1352 2560 1689 2635 Εὗαγγὲλιον
1720 2580 1875 2633 περι-

227 2652 374 2727 ἑχει.

2043 687 2212 741 Nunc
2240 703 2366 742 rem
2389 686 2551 741 illam
2574 702 2751 759 quam
2777 686 2849 740 de
2872 687 3061 743 Marco
3087 687 3445 759 evangelista
3464 688 3624 746 idem

1979 774 2231 846 scriptor
2259 776 2762 842 commemoravit,
2824 776 3229 846 superioribus
3276 778 3404 848 ejus
3434 779 3626 833 verbis

1978 862 2421 918 subnectemus.
2455 864 2665 919 Aiebat
2689 866 2889 929 etiam,
2923 866 3139 934 inquit,
3172 866 3483 938 presbyter
3506 867 3626 954 ille,

1981 952 2238 1005 Marcum
2274 951 2425 1005 Petri
2483 953 2889 1023 interpretem,
2923 971 3294 1026 quaecunque
3326 951 3627 1010 memoriae

1982 1040 2384 1105 mandaverat,
2417 1041 2732 1112 diligenter
2764 1044 3221 1113 perscripsisse:
3280 1061 3399 1100 non
3430 1050 3629 1100 tamen

1983 1128 2190 1183 ordine
2218 1131 2585 1198 pertexuisse
2608 1147 2739 1200 quas
2761 1148 2795 1185 a
2816 1132 3065 1185 Domino
3098 1139 3200 1187 aut
3223 1133 3381 1187 dicta
3410 1140 3510 1188 aut
3539 1150 3631 1205 ge-

1982 1223 2074 1272 sta
2101 1218 2356 1273 fuerant.
2393 1221 2591 1289 Neque
2625 1219 2783 1273 enim
2825 1220 2948 1290 ipse
2981 1222 3310 1277 Dominum
3331 1223 3633 1277 audiverat

1983 1312 2084 1362 aut
2114 1312 2371 1362 sectatus
2428 1308 2621 1364 fuerat
2676 1325 2964 1379 unquam.
3008 1309 3118 1364 Sed
3173 1327 3309 1366 cum
3341 1313 3535 1379 Petro,
3568 1315 3633 1367 ut

1983 1396 2125 1461 dixi,
2151 1401 2354 1467 postea
2385 1404 2650 1453 versatus
2672 1403 2792 1463 est;
2816 1398 2915 1468 qui
2948 1416 3053 1469 pro
3076 1399 3444 1455 audientium
3468 1400 3630 1455 utili-

1984 1490 2122 1549 tate,
2141 1501 2260 1539 non
2282 1502 2417 1539 vero
2438 1491 2506 1539 ut
2532 1502 2876 1542 sermonum
2908 1488 3141 1541 Domini
3166 1489 3472 1543 historiam
3495 1505 3632 1544 con-

1984 1578 2228 1639 texeret,
2252 1574 2627 1645 Evangelium
2646 1575 3316 1646 prmdicabat.Quocirca
3332 1577 3479 1631 nihil
3502 1595 3632 1647 pec-

1985 1662 2136 1717 cavit
2168 1664 2413 1731 Marcns,
2447 1663 2547 1733 qui
2580 1664 2865 1719 nonnulla
2894 1666 2975 1720 ita
3009 1666 3265 1736 scripsit,
3298 1671 3474 1738 prout
3502 1668 3629 1739 ipso

1984 1752 2277 1806 memoria
2303 1752 2698 1822 repetebat.ld
2721 1754 2939 1825 quippe
2959 1771 3147 1810 unum
3173 1756 3536 1823 studebat,ut
3557 1772 3631 1810 ne

1986 1840 2127 1911 quid
2157 1857 2359 1895 eorum
2392 1857 2523 1911 quae
2568 1841 2838 1896 audierat
2892 1844 3392 1913 praetermitteret.
3426 1849 3528 1899 aut
3555 1861 3628 1899 ne

1986 1928 2127 1999 quid
2158 1928 2289 1983 falsi
2323 1930 2407 1984 eis
2437 1930 2764 2002 attingeret.
2792 1933 2926 1986 llzec
2958 1931 3029 1986 de
3061 1934 3250 1987 Marco
3276 1935 3480 2002 Papias
3500 1950 3631 1988 nar-

1984 2019 2182 2072 rat.De
2209 2018 2478 2072 Matthmo
2499 2035 2635 2073 vero
2668 2019 2751 2073 sic
2785 2020 2961 2075 habet
2987 2037 2999 2074 :
3032 2021 3336 2075 Matthaeus
3364 2021 3627 2091 quidem,

1990 2107 2206 2176 inquit,
2240 2106 2525 2161 Hebraico
2558 2124 2831 2162 sermone
2863 2108 3059 2163 divina
3090 2110 3323 2180 scripsit
3354 2111 3624 2165 oracula:
3678 2142 3681 2145 »

1989 2195 2410 2265 interpretatus
2432 2201 2735 2251 estautem
2762 2200 3173 2269 unusquisque
3192 2199 3308 2265 illa,
3328 2204 3502 2270 prout
3532 2216 3634 2270 po-

1986 2284 2119 2339 tuit.
2144 2287 2324 2339 Porro
2355 2285 2512 2339 idem
2543 2288 2745 2356 Papias
2773 2288 3126 2342 testimoniis
3148 2305 3215 2342 ex
3239 2289 3431 2359 priore
3451 2291 3631 2344 Joan-

1989 2373 2084 2427 nis
2114 2373 2390 2444 Epistola,
2427 2379 2485 2429 et
2530 2390 2598 2428 ex
2647 2376 2843 2446 priore
2874 2376 3078 2431 itidem
3111 2379 3265 2432 Petri
3298 2377 3629 2449 desumptis

1987 2462 2195 2516 utitur.
2212 2462 2399 2517 Aliam
2419 2479 2653 2534 quoque
2675 2465 2917 2536 exponit
2936 2466 3243 2521 historiam
3269 2466 3341 2522 de
3362 2467 3634 2536 muliere,

1988 2567 2119 2621 quae
2152 2552 2469 2607 multorum
2500 2552 2821 2609 criminum
2852 2571 3051 2610 eoram
3080 2555 3638 2619 Domino,accusata

1998 2644 2106 2695 est.
2141 2641 2280 2705 Qum
2311 2640 2552 2711 quidem
2584 2643 2832 2699 historia
2859 2645 2921 2699 in
2969 2644 3281 2718 Evangelio
3313 2645 3641 2701 secundum

2002 2729 2278 2785 Hebraaos
2310 2731 2531 2803 scripta
2557 2732 2832 2788 habetur.

1724 2854 1910 2922 Ruﬁni
1951 2853 2147 2911 versio.

306 2966 425 3020 Nos
456 2967 657 3017 tamen
687 2959 838 3036 illud
869 2957 1227 3036 assumimus
1259 2975 1329 3012 ex
1360 2957 1473 3036 his,
1508 2957 1766 3036 quod_de
1812 2961 2389 3036 Marco_evangelista
2418 2963 2512 3017 his
2544 2963 2792 3035 protulit
2824 2964 3019 3019 verbis
3045 2981 3057 3018 :
3090 2964 3279 3020 Etiam
3310 2964 3648 3036 hoc,inquit

192 3094 195 3097 ,
238 3038 516 3105 (Papias),
551 3032 860 3105 presbyter
889 3029 1191 3096 narrabat,
1225 3030 1383 3105 quod
1414 3032 1639 3084 Marcus
1670 3030 1963 3105 interpres
1994 3032 2171 3087 fuerit
2186 3029 2381 3099 'Petri,
2416 3040 2474 3090 et
2503 3029 2871 3105 quaecunque
2904 3037 3258 3092 meminerat
3283 3037 3355 3091 ab
3387 3029 3455 3092 eo
3489 3029 3647 3093 dicta

234 3101 681 3180 conscripserit.
714 3101 840 3180 Non
877 3109 1070 3180 tamen
1104 3119 1208 3180 per
1236 3101 1507 3180 ordinem
1539 3118 1643 3180 ea,_
1663 3118 1794 3180 qua)
1824 3101 1859 3157 a
1890 3104 2329 3180 Dominordicta
2358 3112 2496 3180 sunt
2519 3101 2609 3180 vel
2638 3101 2812 3180 facta,
2839 3108 3186 3180 digesserit;
3215 3110 3355 3178 quia
3376 3125 3496 3163 non
3518 3109 3646 3178 ipse

239 3173 741 3250 Domini‘auditor
765 3173 1059 3250 fuerit__vel
1092 3178 1366 3250 sectator,
1390 3173 1493 3250 sed
1515 3174 1855 3250 novissime,
1879 3180 1943 3227 ut
1964 3175 2302 3250 dixi,_Petro
2328 3176 2578 3231 adhmsit
2598 3179 2672 3233 ad
2697 3195 2872 3233 usum
2902 3173 2969 3233 ac
3001 3173 3395 3235 ministerium
3427 3173 3646 3250 prae-di-

234 3250 436 3317 candi,
466 3266 583 3303 non
617 3248 688 3321 ad
721 3244 1437 3321 conscribendos_l_)omini
1461 3261 1788 3321 sermones.
1815 3246 2015 3321 Itaque
2041 3247 2189 3321 nihil
2216 3250 2474 3321 peccavit
2494 3251 2719 3305 Marcus
2745 3250 2805 3303 in
2834 3267 2901 3304 eo
2926 3251 3082 3321 quod
3105 3251 3188 3307 ita
3209 3244 3483 3321 quasdam
3506 3251 3645 3306 scri-

236 3315 448 3394 pserit,
481 3320 647 3394 quasi
683 3318 1064 3394 quisparsim
1094 3315 1295 3394 audita
1325 3315 2040 3394 recordarivideatur.__Et
2067 3319 2181 3394 hoc
2207 3315 2745 3394 solu_m_satis‘egit,
2779 3338 2852 3394 ne
2885 3315 3026 3394 quid
3058 3338 3125 3375 ex
3158 3315 3373 3377 au'ditis
3405 3323 3644 3377 omitte-

239 3386 352 3455 ret,
386 3386 743 3461 aut'aliquid
772 3386 986 3443 falsum
1019 3386 1315 3441 scriberet.
1357 3389 1490 3461 Haec
1520 3387 1593 3441 de
1626 3389 1812 3441 Marco
1845 3388 2047 3442 scribit
2075 3390 2288 3459 Papias.
2329 3391 2440 3445 Sed
2472 3397 2530 3446 et
2573 3386 2945 3447 de'Matthzeo
2979 3392 3060 3447 ita
3089 3394 3304 3448 refert:
3341 3394 3644 3447 Matthzeus

240 3464 488 3535 quidem
523 3462 767 3535 scripsit
790 3461 1030 3535 Hebraeo
1051 3474 1358 3535 sermone.
1392 3460 1820 3535 Interpretatus
1851 3464 1941 3514 est
1970 3465 2187 3535 autern
2218 3478 2286 3516 ea
2334 3479 2465 3535 qua:
2516 3464 2755 3535 scripsit
2781 3465 3215 3533 unusquisque,
3250 3466 3403 3518 sicut
3434 3465 3641 3535 potuit.

244 3529 381 3591 Haec
414 3536 593 3589 etiam
624 3529 694 3587 de
727 3532 1013 3603 Matthzeo.
1051 3530 1243 3603 Utitur
1275 3546 1416 3583 sane
1446 3529 1605 3603 idem
1637 3532 1836 3603 Papias
1870 3532 2224 3603 testimoniis
2256 3550 2326 3586 ex
2353 3529 2618 3603 Epistola
2641 3529 2886 3588 Joannis
2920 3529 3130 3603 prima,
3166 3540 3221 3588 et
3254 3534 3408 3588 Petri
3436 3529 3650 3588 simili-

246 3615 339 3660 ter
366 3604 907 3681 prima._Simul__et_
947 3601 1257 3681 historiam
1314 3601 2001 3681 qua_mdam“suhjun‘gi.t.
2048 3601 2119 3681 de
2180 3601 2427 3681 muliere
2464 3604 2754 3681 adultera,
2787 3601 3223 3681 quin—accusata
3254 3612 3342 3659 est
3370 3621 3404 3681 a
3429 3603 3649 3681 Judazis

244 3671 403 3749 apud
436 3677 773 3731 Dominum.
807 3673 1066 3730 Habetur
1096 3678 1293 3727 autem
1326 3671 1385 3726 in
1416 3671 1725 3743 Evangelio
1758 3672 1914 3742 quod
1946 3672 2163 3727 dicitur
2188 3674 2516 3729 secundum
2547 3671 2821 3742 llebaaos,
2848 3676 3066 3746 scripta
3096 3675 3209 3730 ista
3240 3675 3541 3748 parabola.

1890 3788 1983 3843 IV.

390 3912 436 3964 E
464 3925 623 3964 LlBRO
656 3909 748 3963 IV.
779 3936 848 3947 —-
880 3905 1039 3976 Apud
1076 3906 1339 3959 Irenaeum
1372 3903 1469 3958 lib.
1503 3921 1534 3957 v
1563 3903 1858 3958 Adversus
1890 3904 2121 3974 haeres,
2159 3922 2278 3977 cap.
2314 3908 2402 3974 33,
2436 3922 2586 3962 num.
2617 3908 2647 3960 3
2682 3913 2733 3961 et
2764 3907 2818 3974 4,
2851 3908 3149 3976 lnte-rprete
3177 3910 3245 3962 H.
3284 3909 3519 3964 Valesio.

323 4034 661 4105 Presbyteri
720 4030 1144 4099 meminerunt,
1181 4029 1281 4101 qui
1328 4031 1614 4084 Joannem
1645 4028 1903 4099 discipu-
1936 4032 1977 4097 C
2006 4046 2159 4097 rum,
2193 4036 2249 4085 et
2281 4031 2748 4103 unumquodque
2808 4048 3058 4105 granum
3113 4033 3376 4105 quinque
3409 4033 3655 4090 bilibres

249 4128 375 4182 lum
409 4122 643 4179 Domini
675 4121 974 4186 viderunt,
1009 4119 1245 4175 audisse
1281 4135 1341 4172 se
1373 4119 1443 4173 ab
1483 4136 1571 4188 eo,
1623 4118 1903 4188 quemad-

251 4215 499 4271 modum
532 4213 604 4267 de
635 4208 1010 4281 temporibus
1040 4208 1159 4263 illis
1211 4208 1462 4263 docebat
1516 4208 1818 4271 Dominus,
1852 4211 1909 4261 et

253 4303 493 4359 dicebat
522 4318 535 4355 :
574 4300 821 4355 Venient
849 4298 975 4353 dies
1007 4298 1070 4352 in
1110 4299 1325 4369 quibus
1355 4298 1537 4351 vinea:
1570 4303 1911 4364 nascentur,

257 4391 509 4465 singulae
541 4389 617 4462 (5)
646 4389 853 4444 decem
884 4387 1073 4442 millia
1100 4386 1412 4458 palmitum
1440 4385 1746 4450 habentes,
1772 4390 1830 4440 et
1851 4385 1913 4439 in

256 4500 380 4539 uno
411 4480 653 4554 palmite
706 4478 860 4533 dena
920 4477 1106 4532 millia
1162 4476 1561 4543 brachiorum,
1611 4475 1759 4529 etin
1795 4491 1915 4530 uno

260 4588 398 4626 vero
421 4572 497 4641 (6)
524 4568 765 4640 palmite
789 4566 943 4621 dena
964 4565 1155 4620 millia
1181 4564 1574 4637 ﬂagellorum,
1602 4568 1660 4617 et
1689 4563 1747 4617 in
1772 4580 1918 4618 uno-

264 4676 505 4733 quoque
527 4656 758 4730 tlagello
782 4656 935 4710 dena
960 4653 1148 4722 millia
1170 4655 1469 4721 botruum,
1498 4653 1637 4707 etin
1659 4669 1922 4723 unoquo-

265 4766 382 4821 que
415 4748 584 4803 botro
618 4746 769 4800 dena
800 4744 986 4799 millia
1016 4744 1345 4811 acinorum,
1369 4746 1428 4796 et
1458 4742 1923 4811 unumquodque

267 4839 508 4894 acinum
542 4834 705 4890 dahit
732 4834 933 4905 viginti
961 4833 1224 4904 quinque
1249 4836 1527 4885 metretas
1554 4831 1769 4886 vini.Et
1791 4849 1925 4885 cum

269 4944 480 4983 eorum
512 4924 973 4996 apprehenderit
1031 4922 1247 4991 aliquis
1297 4925 1635 4975 sanctorum
1669 4920 1927 4989 botrum,

273 5018 428 5073 alius
461 5014 774 5070 clamabit:
806 5014 1016 5067 Botrus
1048 5028 1151 5083 ego
1184 5010 1399 5064 melior
1429 5026 1580 5075 sum,
1612 5026 1705 5064 me
1739 5027 1927 5076 sume,

273 5121 386 5177 per
416 5118 509 5157 me
536 5102 853 5155 Dominum
878 5098 1144 5155 benedic.
1168 5097 1457 5152 Similiter
1484 5102 1543 5151 et
1564 5112 1814 5167 granum
1838 5097 1936 5150 tri-

275 5192 380 5249 tici
416 5190 621 5246 decem
647 5190 833 5246 millia
855 5188 1151 5261 spicarum
1184 5190 1627 5258 generaturum,
1655 5191 1712 5240 et
1730 5202 1939 5241 unam-

279 5297 583 5354 quamque
617 5281 839 5351 spicam
870 5278 1206 5333 habituram
1247 5275 1455 5330 decem
1510 5274 1696 5329 millia
1726 5292 1939 5347 grano-

2015 4120 2224 4175 similae
2251 4120 2421 4175 clarae
2452 4121 2727 4176 mundze:
2782 4127 2839 4176 et
2886 4121 3116 4193 reliqua
3153 4128 3350 4177 autem
3378 4140 3571 4194 poma,
3603 4128 3662 4179 et

2018 4210 2269 4276 semina,
2301 4216 2357 4265 et
2406 4209 2673 4277 herbam,
2707 4210 3035 4267 Secundum
3092 4211 3536 4282 congruentiam
3589 4213 3662 4268 iis

2020 4305 2485 4370 consequentem
2508 4318 2520 4355 :
2544 4305 2601 4355 et
2627 4302 2829 4356 omnia
2849 4300 3129 4356 animalia
3158 4301 3231 4355 iis
3260 4301 3406 4356 cibis
3437 4302 3667 4356 utentia

2022 4404 2153 4459 quae
2175 4405 2209 4443 a
2237 4393 2391 4444 terra
2412 4390 2800 4461 accipiuntur.
2821 4390 3066 4460 pacifica
3087 4394 3145 4444 et
3164 4396 3564 4446 consentanea
3582 4391 3667 4444 in-

2024 4478 2209 4532 vicem
2243 4478 2391 4547 tieri,
2424 4479 2689 4551 subjecta
2715 4479 3056 4534 hominibus
3095 4496 3228 4534 cum
3274 4479 3433 4534 omni
3467 4478 3668 4551 subje-

2029 4567 2247 4624 cﬁone.

2106 4715 2238 4768 Hmc
2270 4717 2467 4785 autem
2499 4712 2577 4785 (7)
2609 4717 2666 4768 et
2710 4715 2811 4768 Pa-
2894 4784 2899 4785 γ
2956 4711 3140 4785 Ταῦτα
3172 4708 3253 4785 δὶᾲ
3284 4710 3391 4785 καὶί
3431 4710 3668 4785 Παπίας,

2034 4785 2183 4855 pias.
2247 4784 2488 4838 Joannis
2558 4783 2815 4851 auditor,
2890 4783 3142 4856 ’ῐιοεὶννου
3204 4783 3298 4856 μὲν
3344 4784 3669 4856 -νᾶικουστὴς,

2039 4852 2336 4925 l’olycarpi
2379 4861 2577 4910 autem
2618 4862 2818 4911 contu-
2890 4852 3254 4928 Πολυκᾶρπου
3341 4852 3395 4908 δὲ
3455 4856 3667 4928 ἑταῖρος

2038 4928 2316 5003 humidis,
2378 4933 2539 4981 vetus
2614 4928 2813 5003 homo,
2891 4926 3150 5003 γεγονὼς,
3209 4928 3440 5003 ἀερχαῖος
3513 4926 3674 5003 ἀνίήρ.

2040 5008 2144 5076 per
2176 4995 2537 5076 Scripturant
2560 4999 2821 5053 testimo-
2895 4995 3177 5076 ἑγξτράφιυς
3227 4995 3675 5076 ἔτέξμαρτυρ-εῖᾲἐν

2042 5068 2202 5155 nium
2233 5070 2501 5140 perhibet
2523 5071 2581 5124 in
2606 5076 2815 5139 quarto
2981 5068 3217 5155 ’τετάρτῃ
3249 5073 3357 5122 τῶν
3386 5068 3551 5155 αὐτοῦ
3578 5069 3676 5155 βεξ-

2046 5136 2348 5214 Librorum
2373 5136 2651 5196 suorum“:
2687 5146 2826 5214 sunt
2899 5136 3294 5214 suavem
3355 5140 3458 5214 γὰρ
3532 5136 3682 5210 αὖτῷ

2046 5214 2204 5267 enim
2254 5213 2359 5285 illi,
2388 5214 2652 5283 quinque
2686 5213 2822 5267 libri
2896 5212 3053 5285 πέντε
3137 5205 3330 5285 βιϐλία
3368 5205 3379 5214 ’
3422 5205 3676 5264 συντεταέ

2046 5284 2385 5355 conscripti.
2890 5284 3082 5358 γμὲνα.

358 5418 437 5503 (ξ)
466 5414 571 5499 Ὡς.
609 5410 845 5498 ἠδύνατο
901 5408 1165 5503 ἕκαστος.ι
1213 5409 1605 5503 Nieeph‘orusl
1633 5410 1812 5464 habet
1866 5410 1897 5503 εἰ

2009 5409 2018 5456 l
2050 5411 2342 5479 interpres
2387 5408 2784 5503 scribendum!
2807 5409 3040 5503 erat‘vel
3070 5409 3181 5463 haec
3204 5415 3464 5503 testatur,
3484 5408 3571 5463 vel
3596 5408 3696 5503 [loc

282 5483 613 5555 avem-,5;
642 5483 865 5545 ἕκαστος
894 5502 905 5537 :
940 5486 1033 5539 cui
1067 5483 1448 5555 subscribunt
1470 5486 1724 5550 quatuor
1753 5483 1940 5536 nostri

286 5553 463 5615 codd.
496 5553 658 5622 Man,
684 5558 854 5619 Med.,
890 5557 1031 5610 Fuk.
1066 5563 1124 5608 et
1154 5557 1280 5610 Sav.
1314 5553 1514 5606 VALES.

360 5632 440 5701 (5)
475 5632 659 5685 Decem
699 5629 897 5693 millia,
937 5628 1275 5701 Vosssdcna
1298 5624 1494 5679 millia.
1529 5625 1800 5677 Massam.

362 5698 439 5768 (6)
478 5701 731 5757 Palmite.
766 5701 932 5753 Forte
966 5699 1205 5751 barchio.
1240 5698 1412 5751 GRAB.

366 5773 448 5846 (ἲ)
483 5776 611 5828 Haec
641 5803 709 5813 —
741 5770 1108 5826 testimonium
1128 5769 1402 5838 perhibet.
1438 5768 1755 5837 Perperam
1781 5768 1954 5822 vertit

860 5888 1126 5949 Panos.
1171 5887 1281 5948 Ge.
1328 5885 1404 5948 V.

2053 5511 2122 5522 -—-
2179 5484 2545 5534 testimonium
2600 5482 2872 5547 perhibet.
2936 5482 3207 5535 Nassum.
3260 5511 3325 5521 —
3375 5482 3545 5535 Forte
3603 5481 3701 5533 hoc

2056 5553 2359 5623 scripserit
2391 5552 2545 5605 idem
2582 5551 2894 5621 interpres.
2925 5552 3170 5607 Grabius
3193 5569 3296 5622 pro
3321 5553 3436 5608 haec
3468 5552 3609 5623 legit
3634 5553 3701 5606 de

2058 5626 2159 5689 his,
2196 5626 2251 5676 in
2283 5624 2475 5691 Splcil.
2538 5629 2680 5675 tom.
2745 5624 2810 5682 ll.
2867 5639 2975 5694 pag
3032 5625 3118 5677 3|.
3164 5624 3364 5678 Graeca
3393 5641 3459 5678 ex
3492 5623 3704 5680 Euseb.

2060 5697 2198 5750 Hist.
2232 5694 2369 5749 Eccl.
2404 5693 2507 5748 lib.
2544 5711 2625 5761 III,
2659 5711 2786 5765 cap.
2817 5696 2903 5750 39.

3309 5880 3388 5942 40
