4034 6226
79 35 445 49 ῃςι-...σῄν--Ῠ
498 36 535 39 ην
586 36 595 37 κ

826 405 890 466 S.
938 400 1415 477 QUADRATUS
1459 399 1973 465 ATHENARUM
2013 397 2461 467 EPISCOPUS.
2505 438 2586 452 --—
2628 405 2971 470 NOTITIA.

1852 553 1927 610 IX

3450 410 3611 473 1262

976 652 1020 705 Ε
1049 663 1211 705 meno
1241 647 1332 702 IV.
1366 677 1431 687 —
1462 644 1632 716 Apud
1663 593 2126 717 Theophglactum
2154 647 2215 701 in
2244 647 2384 704 Acta
2413 649 2810 720 apostolorum.

267 782 344 842 Οὐ
377 781 481 861 γὰρ
510 773 796 837 ἐναπέθανε
831 780 901 852 τῇ
951 772 1166 854 ἀγχόνῃ
1200 774 1229 829 6
1259 767 1493 861 ἸούδαςΡ
1547 768 1674 826 ἀλλ’
1723 767 1848 825 ἐπε·
1877 825 1884 839 η

2033 772 2159 826 Non
2193 772 2351 828 enim
2382 773 2443 829 in
2474 774 2685 846 laqueo
2714 775 2893 832 Judas
2925 780 3193 835 mortuus
3225 782 3334 852 est,
3377 779 3481 836 sed
3511 798 3608 839 su-

200 870 307 930 ϐίω
337 859 670 947 καθαιρεθεὶς
700 867 807 945 πρὸ
836 871 932 922 τοῦ
963 866 1353 941 ἀποπνιγῆναι.
1385 859 1491 918 Καὶ
1540 863 1706 915 τοῦτο
1758 881 1852 915 σαο

198 963 454 1045 «ρέα-τερον
511 962 718 1035 ἱστορεῖ
766 956 975 1019 Παπίας
1007 956 1035 1011 6
1076 954 1328 1011 Ἰωάννου
1376 953 1625 1045 μαθητὴς
1774 954 1855 1023 τῷ

198 1039 445 1129 τετάρτῳ
473 1057 572 1121 τῆς
606 1050 950 1127 Ἐξηγήσεως
980 1050 1087 1101 τῶν
1117 1049 1400 1122 Κυριακῶν
1432 1042 1640 1120 λόγων,
1674 1039 1851 1117 λέγων

198 1143 395 1207 οὕτως’
438 1142 587 1218 Μέγα
644 1137 702 1194 δὲ
756 1133 1003 1199 ἀσεϐείας
1062 1132 1371 1213 ὑπόδειγμα
1428 1132 1480 1190 ἒν
1537 1131 1718 1206 τοῦτῳ
1773 1135 1854 1205 τῷ

193 1234 394 1309 κόσμῳ
448 1230 842 1307 περιεπάτησεν
872 1229 900 1284 6
935 1223 1162 1294 Ἰούδας,
1210 1224 1472 1298 πρησθεὶς
1526 1221 1613 1280 ἐπὶ
1661 1226 1851 1279 τοσοῦ-

192 1345 290 1382 τον
338 1325 437 1392 τήν
498 1322 693 1396 σάρκα,
750 1315 891 1375 ὥστε
952 1315 1093 1392 μηδὲ
1149 1315 1342 1371 ὁπόθεν
1400 1315 1580 1390 ἅμαξο
1649 1310 1852 1390 ῥᾳδίως

197 1411 500 1492 διέρχεται,
532 1410 736 1466 ἐκεῖνον
770 1406 1029 1472 δύνασθαι
1060 1403 1318 1462 διελθεῖν.
1371 1402 1552 1461 Ἀλλὰ
1585 1400 1728 1478 μηδὲ
1756 1401 1850 1492 ati-

197 1503 298 1559 τὸν
326 1490 492 1575 μόνον
520 1500 612 1555 τὸν
640 1505 740 1569 τῆς
767 1498 1013 1578 κεφαλῆς
1044 1494 1209 1573 ὄγκον
1248 1492 1438 1551 αὐτοῦ.
1486 1493 1562 1548 Τὰ
1616 1493 1712 1567 μὲν
1751 1490 1851 1565 γὰρ

208 1590 461 1667 βλέφαρα
488 1593 597 1645 τῶν
631 1585 930 1665 ὀφθαλμῶν
982 1584 1173 1655 αὐτοῦ,
1223 1584 1349 1661 φασὶ
1400 1585 1658 1638 τοσοῦτον
1713 1579 1856 1651 ἐξοι-

201 1679 391 1752 δῆσσι,
424 1679 498 1742 ὡς
543 1678 705 1734 αὐτὸν
755 1678 849 1751 μὲν
909 1675 1155 1732 παθόλου
1201 1672 1264 1729 τὸ
1315 1676 1430 1751 φῶς
1478 1673 1554 1746 μὴ
1612 1670 1850 1746 βλέπειν

197 1769 333 1832 τοὺς
361 1767 680 1849 ὀφθαλμοὺς
715 1764 772 1822 δὲ
799 1765 987 1835 αὐτοῦ,
1021 1761 1161 1838 μηδέ
1204 1764 1307 1819 ὑπὸ
1353 1762 1543 1838 ἰατροῦ
1592 1759 1852 1838 διόπτρας

199 1855 742 1939 ὄφθῆναιδΰνασθαυ
774 1860 1034 1912 τοσοῦτον
1067 1853 1232 1930 βάθος
1263 1853 1418 1928 εἶχον
1448 1852 1556 1909 ἀπὸ
1584 1858 1686 1922 τῆς
1729 1849 1858 1923 ἔξω·

201 1951 292 2005 θεν
352 1945 689 2025 ἐπιφανείας.
756 1947 828 2003 Τὸ
882 1942 940 2001 δὲ
997 1940 1207 1999 αἰδοῖον
1269 1942 1438 1997 αὐτοῦ
1494 1942 1672 2012 πάσης
1757 1941 1853 2013 μὲν

199 2036 606 2114 ἀσχημοσύνης
636 2033 961 2112 ἀηδέστερον
987 2034 1079 2090 καὶ
1120 2038 1304 2107 μεῖζον
1344 2030 1643 2107 φαίνεσθαι“
1699 2029 1852 2109 φέρε-

1961 863 2212 933 pervixit
2241 863 2515 936 demptus
2546 872 2867 938 antequam
2899 869 3308 927 suﬂ‘ocaretur.
3332 873 3522 944 Atque
3549 873 3610 929 id

1964 951 2225 1022 apertius
2248 952 2430 1008 tradit
2459 954 2669 1027 Papias
2701 955 3031 1028 discipulus
3054 959 3298 1016 Joannis
3318 961 3380 1016 in
3396 967 3608 1034 quarto

1965 1037 2117 1093 libro
2149 1040 2545 1111 Expositionis
2575 1044 3019 1100 Dominicorum
3050 1047 3505 1117 verborum,ubi
3530 1052 3613 1107 ita
3650 1094 3655 1097 -

1963 1126 2140 1184 dicit:
2167 1129 2437 1201 Magnum
2462 1131 2798 1203 exemplum
2822 1134 3145 1205 impietatis
3164 1136 3227 1191 in
3248 1137 3360 1193 hoc
3385 1138 3611 1195 mundo

1959 1216 2140 1273 Judas
2170 1222 2436 1274 versatus
2467 1224 2575 1288 est,
2608 1220 2778 1291 cujus
2809 1237 2945 1277 caro
2974 1222 3343 1282 inﬂammata
3357 1227 3504 1283 adeo
3531 1229 3617 1284 in-

1962 1307 2201 1376 tumuit,
2235 1313 2302 1364 ut
2330 1325 2405 1365 ne
2436 1326 2555 1381 qua
2585 1310 2917 1383 plaustrum
2950 1313 3191 1384 quidem
3224 1315 3395 1372 facile
3414 1317 3613 1374 tradu-

1964 1396 2140 1464 citur,
2173 1395 2271 1452 ille
2301 1399 2563 1469 potuerit
2597 1399 2868 1457 transire.
2899 1402 2975 1456 At
3002 1418 3077 1458 ne
3102 1403 3231 1474 ipsa
3251 1405 3491 1476 quidem
3513 1422 3610 1462 ca-

1961 1485 2101 1557 pitis
2133 1485 2295 1541 illius
2326 1486 2483 1541 mole
2540 1487 2686 1545 sola.
2734 1492 2883 1544 Nam
2941 1490 3256 1562 palpebras
3309 1494 3614 1551 oculorum

1962 1573 2126 1629 illius
2159 1574 2221 1629 in
2253 1580 2483 1630 tantum
2508 1576 2861 1633 intumuisse
2891 1579 3112 1647 ferunt,
3136 1586 3201 1637 ut
3223 1581 3348 1654 ipse
3372 1583 3613 1656 quidem

1963 1679 2210 1734 prorsus
2239 1679 2361 1718 non
2392 1663 2652 1719 videret:
2688 1666 2993 1722 oculivero
3017 1667 3146 1740 ejus
3170 1685 3246 1725 ne
3269 1672 3615 1743 permedici

1965 1752 2209 1822 quidem
2240 1751 2533 1825 dioptram
2566 1754 2728 1810 cerni
2760 1762 3042 1827 possent:
3088 1763 3255 1816 tanta
3298 1761 3611 1821 altitudine

1965 1841 2037 1897 ab
2065 1847 2330 1896 extrema
2346 1842 2659 1914 superﬁcie
2695 1844 2987 1901 introrsus
3030 1848 3459 1907 abscesserant.
3507 1854 3618 1909 Pu-

1969 1929 2165 1986 denda
2193 1947 2328 1985 vero
2361 1931 2520 1987 illius
2552 1934 2759 2004 quavis
2799 1951 2861 1990 re
2892 1935 3140 1993 deformi
3165 1937 3417 1997 fmdiora
3436 1947 3613 2013 atque

1966 2020 2389 2092 injucundiora
2417 2038 2485 2078 ac
2512 2024 2742 2096 majora
2768 2032 3158 2098 apparerent:
3190 2046 3297 2101 per
3326 2047 3455 2103 qum
3492 2047 3615 2087 ver-

202 2110 329 2184 σθᾷιί
361 2110 418 2183 δὲ
450 2125 520 2182 δι’
550 2127 717 2182 αὐτοῦ
744 2123 842 2181 τοῦ
898 2124 951 2196 ἐξ
1007 2126 1239 2188 ἅπαντος
1276 2127 1373 2179 τοῦ
1421 2123 1676 2196 σώματος
1725 2119 1849 2197 συρ-
1883 2142 1884 2147 ‘

1967 2126 2090 2166 mes
2131 2110 2294 2167 sanie
2325 2114 2619 2169 commisti
2652 2131 2726 2170 eu
2780 2120 2900 2171 toto
2949 2133 3195 2190 corpore
3240 2120 3610 2177 conﬂuentes

209 2221 436 2296 ῥέοντας
470 2216 680 2293 ἰχῶρας
708 2236 767 2272 τε
803 2214 893 2270 καὶ
924 2214 1217 2285 σκώληκας
1268 2212 1344 2276 εἷς
1383 2206 1537 2289 ὕϐριν
1580 2211 1645 2268 δι⁸
1676 2209 1853 2268 αὺτῶν

211 2309 378 2381 μόνον
407 2311 516 2363 τῶν
548 2305 875 2379 ἀναγκαίων.
912 2304 1066 2363 Μετᾶ
1094 2302 1310 2365 πολλὰς
1343 2299 1401 2358 δὲ
1456 2303 1715 2378 βασάνους
1765 2300 1853 2355 καὶ

205 2396 507 2471 τιμωρίας,
539 2396 590 2451 ἐν
623 2393 749 2468 ἰδίῳ
780 2394 907 2472 φασὶ
939 2394 1136 2470 χωρίῳ
1163 2392 1577 2464 τελευτήσαντα,
1616 2392 1706 2447 καὶ
1737 2396 1855 2453 τοῖς

208 2485 301 2542 ἐπὶ
333 2491 434 2554 τῆς
469 2481 598 2540 ὀδοῦ
627 2478 836 2560 ἔρημον
873 2483 964 2539 καὶ
1012 2482 1271 2554 ἀοίκητον
1309 2482 1372 2538 τὸ
1422 2482 1631 2557 χωρίον
1688 2478 1853 2556 μέχρι

203 2578 313 2642 τῆς
342 2578 430 2628 νῦν
463 2575 726 2650 γενέσθαι·
776 2571 901 2629 ἀλλ’
935 2569 1061 2628 οὐδὲ
1109 2571 1274 2647 μέχρι
1322 2578 1423 2641 τῆς
1472 2573 1711 2646 σήμερον
1760 2569 1855 2627 δύ-

204 2661 401 2728 νασθαί
457 2683 578 2718 τινα
635 2663 833 2718 ἐκεῖνον
885 2662 978 2718 τὸν
1033 2660 1199 2717 τόπον
1259 2659 1567 2736 παρελθεῖν,
1623 2660 1711 2717 ἐὰν
1774 2663 1850 2734 μὴ

199 2754 301 2817 τὰς
345 2753 497 2830 ῥῖνας
552 2758 674 2816 ταῖς
724 2754 910 2828 χερσὶν
966 2752 1249 2830 ἐπιφράξῃ·
1308 2750 1544 2823 τοσαύτη
1606 2747 1698 2806 διὰ
1750 2757 1850 2822 τῆς

201 2844 406 2920 σαρκός
430 2844 598 2899 αὐτοῦ
626 2843 718 2899 καὶ
750 2842 839 2898 ὲπί
868 2848 973 2919 γῆς
1005 2839 1218 2917 ἔκροσις
1251 2839 1506 2920 ἐχώρησε

1875 3107 1922 3164 Χ

1966 2216 2073 2272 per
2100 2199 2259 2272 ipsas
2288 2201 2442 2257 solas
2475 2203 2798 2272 (nimirum)
2844 2208 3212 2264 necessarias
3250 2216 3450 2281 partes
3481 2228 3612 2268 cor-

1965 2289 2127 2361 poris
2157 2289 2555 2347 elaberentur.
2589 2295 2729 2349 Post
2776 2295 2994 2351 multas
3042 2301 3242 2353 autem
3295 2316 3499 2371 poenas
3551 2306 3612 2356 et

1966 2379 2261 2435 cruciatus
2326 2380 2389 2436 in
2436 2398 2542 2437 suo
2592 2383 2813 2454 praedio
2857 2385 3025 2440 aiunt
3080 2386 3246 2443 illum
3303 2396 3609 2447 mortuum

1966 2485 2133 2524 esse:
2164 2472 2340 2541 atque
2371 2471 2443 2526 ab
2474 2472 2548 2527 iis
2579 2472 2679 2544 qui
2705 2473 2877 2544 juxta
2922 2473 3089 2530 illam
3140 2477 3293 2535 viam
3340 2479 3613 2537 habitant

1964 2563 2142 2630 atque
2172 2565 2501 2631 versantur,
2533 2562 2785 2619 fundum
2817 2563 2985 2620 illum
3015 2582 3203 2639 usque
3234 2568 3307 2624 ad
3328 2570 3440 2627 hoc
3458 2575 3612 2626 tem-

1964 2664 2076 2720 pus
2108 2647 2409 2705 desertum
2440 2655 2500 2707 et
2529 2650 2601 2707 ab
2632 2652 2844 2709 incolis
2875 2669 3120 2711 vacuum
3154 2672 3281 2713 esse
3309 2676 3322 2715 :
3356 2676 3425 2716 ac
3442 2678 3516 2717 ne
3539 2656 3616 2717 ad

1962 2737 2322 2796 hodiernum
2355 2741 2598 2812 quidem
2627 2760 2815 2816 usque
2844 2744 3003 2802 diem
3035 2763 3397 2820 quemquam
3419 2768 3531 2824 per
3554 2751 3620 2807 i1-

1960 2830 2084 2885 lum
2115 2827 2313 2887 locum
2344 2847 2519 2902 posse
2551 2833 2824 2903 transire,
2856 2835 2975 2891 nisi
3005 2852 3181 2893 nares
3196 2839 3471 2896 manibus
3502 2841 3608 2897 ob-
3692 2862 3709 2875 -

1962 2923 2160 2975 turet:
2195 2924 2395 2976 tantus
2424 2938 2531 2994 per
2560 2939 2800 2980 carnem
2845 2923 3003 2983 illius
3050 2927 3232 2984 etiam
3278 2929 3342 2986 in
3389 2934 3611 2988 terram

1962 3008 2156 3065 ﬂuxus
2188 3008 2421 3067 delatus
2451 3016 2561 3069 est.

197 3213 291 3268 Ea:
328 3210 449 3267 cod.
484 3210 622 3265 2397
654 3205 1355 3293 bibliotheca_130£eﬂiame,
1412 3223 1560 3293 anno
1617 3208 1756 3293 l§0§
1812 3216 1874 3293 et
1922 3212 2057 3293 13οἓ
2105 3212 2434 3293 ᾔηηαδὸᾳεία
2478 3213 2779 3293 ῼξηενεηεζ
2802 3231 2987 3293 prope
3044 3217 3319 3277 Omnium
3374 3223 3603 3293 scripto,

978 3279 1083 3348 fol.
1112 3278 1241 3346 286,
1269 3295 1404 3349 pag.
1438 3283 1492 3347 2,
1523 3281 1676 3351 apud
1703 3282 1989 3351 Grabium,
2022 3283 2295 3357 Spicileg.
2329 3291 2461 3340 tom.
2494 3287 2564 3354 ΙΙ,
2585 3278 2724 3356 pag.
2755 3278 2845 3343 34?.

277 3392 391 3465 (14)
421 3391 601 3447 Maria
628 3390 810 3446 Mater
826 3389 1060 3445 Domini
1087 3406 1099 3444 :
1135 3390 1315 3444 Maria
1335 3388 1603 3461 Cleophm
1627 3390 1748 3447 sive
1764 3391 1857 3447 ΑΙ·
1886 3394 1929 3462 C
1970 3397 2028 3448 et
2058 3395 2307 3450 Joannes
2336 3394 2580 3450 alterius
2602 3400 2934 3452 matertera:
2958 3398 3189 3454 Domini
3213 3400 3458 3457 fuerunt
3481 3402 3613 3458 ﬂlii.

202 3483 365 3556 phwi
405 3498 574 3549 uxor,
611 3497 741 3552 qum
770 3479 884 3534 fuit
911 3483 1103 3535 mater
1132 3479 1332 3535 Jacobi
1359 3479 1622 3551 episcopi
1643 3485 1702 3535 et
1720 3498 1858 3553 apo-

204 3572 368 3641 stoli,
403 3576 462 3626 et
490 3570 764 3643 Symonis
792 3573 852 3625 et
878 3568 1176 3637 Thaddaai,
1194 3574 1251 3623 et
1268 3568 1577 3640 cujusdam
1600 3570 1815 3642 Joseph
1841 3587 1853 3626 :
1894 3630 1899 3635 ,

202 3661 386 3718 Maria
427 3660 655 3716 Salome
685 3675 833 3714 uxor
861 3658 1148 3723 Zebedoei,
1185 3661 1378 3713 mater
1403 3658 1651 3714 Joannis
1680 3675 1859 3715 evan-

199 3750 432 3825 gelista)
463 3756 522 3805 et
550 3750 749 3805 Jacobi
778 3765 791 3804 :
825 3751 1009 3804 Marta
1047 3747 1407 3820 Magdalene.
1440 3748 1570 3803 Istaa
1603 3754 1859 3819 quatuor

200 3842 264 3896 in
296 3839 614 3913 Evangelio
645 3839 1041 3911 reperiuntur.
1073 3836 1325 3893 Jacobus
1358 3841 1418 3893 et
1437 3836 1638 3904 Judas,
1671 3843 1730 3893 et
1754 3839 1853 3893 Jo-

201 3931 349 4003 seph
382 3930 489 3986 ﬂlii
513 3935 683 3985 erant
707 3934 1039 3986 matertera;
1064 3927 1320 3984 Domini.
1346 3926 1598 3983 Jacobus
1617 3943 1856 3999 quoque

978 4071 1188 4085 Si:

882 4521 1863 4619 ATHENARUM

1043 4214 1223 4415 S.
1351 4207 2859 4450 QUADRATUS‘

1969 3482 2149 3538 Maria
2176 3483 2373 3539 Jacobi
2406 3484 2654 3541 minoris
2685 3490 2744 3540 et
2795 3487 3010 3557 Joseph
3057 3493 3269 3557 mater,
3319 3507 3471 3546 uxor
3514 3492 3616 3546 Al-

1967 3572 2128 3643 phei,
2162 3587 2332 3626 soror
2360 3572 2475 3626 fuit
2498 3572 2693 3627 Marias
2724 3574 2924 3628 Matris
2965 3575 3217 3642 Domini,
3250 3593 3429 3648 quam
3460 3579 3615 3634 Cleo-

1966 3659 2099 3732 phm
2128 3660 2385 3715 Joannes
2408 3660 2700 3729 nominat,
2723 3661 2868 3716 vela
2884 3667 3073 3733 patre,
3105 3664 3246 3720 vela
3265 3666 3617 3739 gentilitatis

1965 3747 2210 3817 familia,
2254 3748 2349 3803 vel
2378 3748 2497 3804 alia
2543 3764 2740 3805 causa.
2796 3750 2978 3805 Maria
3025 3751 3280 3820 Salome,
3312 3771 3347 3811 a
3374 3756 3497 3812 viro
3526 3758 3619 3813 vel

1966 3855 2000 3893 a
2029 3838 2156 3893 vico
2188 3837 2407 3893 dicitur
2434 3854 2446 3893 :
2480 3838 2634 3894 hanc
2665 3838 2935 3893 eamdem
2966 3839 3239 3913 Cleophaa
3258 3845 3501 3914 quidam
3522 3846 3618 3902 di-

1965 3932 2126 3992 cunt,
2160 3926 2317 3998 quod
2349 3926 2497 3982 duos
2524 3926 2682 3982 viros
2712 3927 3007 3984 habuerit.

2060 4520 2954 4619 EPISCOPUS

1660 4760 2184 4923 NOTITIA

1104 4987 1433 5056 (GALLAND.,
1465 4984 1732 5039 Biblioth.
1773 4990 1883 5039 vet.
1914 4985 2095 5052 Patr.,
2129 4985 2151 5038 Ι
2182 4980 2410 5055 Proleg.
2443 4999 2501 5054 p.
2531 4941 2737 5057 ιχιιιδ

276 5119 323 5172 Ι.
359 5118 415 5172 S.
459 5114 794 5194 Quadratus,
826 5113 1201 5194 apostolorum
1229 5112 1551 5194 discipulus,
1571 5109 1883 5194 Δρζόριιοιίέιιε
1908 5108 2065 5194 ιῗοηο¹
2084 5106 2337 5194 illustris,
2371 5110 2651 5194 episcopus
2679 5109 3063 5194 Atheniensis.

280 5190 353 5244 ll.
389 5179 501 5242 Pro
530 5179 1203 5260 defensione—Christianae
1232 5179 1517 5253 religionis
1540 5179 1797 5239 'A—dri’a-no
1827 5180 2154 5252 imperatori
2184 5179 2428 5235 libellum
2456 5182 2856 5252 apologeticum
2887 5183 3109 5252 obtulit,
3157 5187 3327 5243 multo
3356 5188 3413 5243 in
3442 5194 3627 5260 pretio

205 5259 468 5318 habitum
492 5275 505 5326 ;
538 5261 693 5329 cujus
721 5273 892 5313 unum
919 5262 1145 5327 superat
1172 5259 1569 5329 fragmentum.

280 5331 383 5387 Ill.
417 5332 571 5385 Anno
598 5325 704 5385 126
733 5330 919 5385 oblata
948 5325 1061 5383 haec
1090 5326 1394 5398 Apologia,
1427 5343 1547 5381 cum
1576 5331 1772 5382 auctor
1794 5332 2066 5396 provectw
2089 5325 2214 5395 jam
2244 5331 2376 5380 esset
2420 5327 2601 5381 atatis
2620 5343 2642 5390 ;
2699 5328 2797 5396 qui
2845 5332 3026 5383 tamen
3055 5346 3089 5384 a
3121 5331 3403 5394 Quadrato
3455 5334 3629 5389 Athe-

204 5420 415 5460 narum
434 5404 696 5474 pontiﬁce
717 5399 1136 5471 distinguendus
1155 5415 1265 5454 non
1293 5398 1531 5453 videtur.

281 5531 391 5601 (13)
428 5527 736 5603 Ἐχώρησε.
766 5530 926 5583 Hanc
944 5528 1135 5599 ipsam
1158 5525 1354 5599 Papia:
1377 5524 1447 5580 de
1470 5523 1872 5603 Juda_senten_-

206 5597 604 5672 tiam'pau'cis
637 5597 1024 5667 contractam,
1056 5597 1373 5672 suppresso
1404 5597 1662 5652 auctoris
1685 5598 1875 5672 nomi-

214 5690 319 5741 ne,
342 5670 573 5745 profert
602 5672 761 5727 idem
792 5671 1287 5743 Theophylactus,
1316 5686 1426 5725 nec
1456 5686 1575 5724 non
1608 5673 1667 5724 et
1696 5670 1873 5740 Euty-

214 5746 399 5810 mius,
432 5746 496 5799 in
525 5745 727 5801 Matth.
761 5761 891 5816 cap.
928 5760 1099 5799 xxvn.

288 5818 619 5897 (_l§_)_ll{aria
640 5816 812 5873 Mater
834 5813 1084 5897 Domini,
1117 5815 1483 5897 etc..Ista_.e_x
1520 5813 1719 5897 Papiae
1765 5831 1878 5897 no-

209 5890 324 5947 stri
352 5888 525 5945 libris
547 5891 900 5962 deprompto
924 5903 1049 5944 esse
1074 5885 1286 5942 exinde
1314 5885 1877 5959 colligo,quiainitio

1982 5520 2541 5598 borum_verbor}1m
2573 5523 2647 5578 ad
2666 5523 2991 5598 marginem
3017 5541 3290 5598 expresse
3312 5528 3635 5598 ascriptum

1984 5596 2114 5668 lego
2141 5613 2153 5650 :
2185 5596 2383 5665 Papia.
2402 5594 2524 5670 _Qui
2556 5602 2755 5670 autem
2788 5594 2912 5651 limo
2944 5594 3279 5670 descripsit.
3305 5594 3538 5655 addidit
3565 5601 3638 5656 de

1986 5666 2092 5723 suo
2123 5684 2135 5721 :
2169 5670 2349 5722 Maria
2381 5666 2590 5741 dicitur
2620 5668 3018 5741 illuminatrix,
3052 5666 3164 5726 sive
3196 5671 3372 5726 Stella
3428 5676 3596 5728 maris
3624 5691 3637 5741 ;

1986 5741 2175 5814 genuit
2207 5741 2351 5794 enim
2384 5737 2565 5793 lumen
2595 5740 2789 5814 mundi
2816 5757 2829 5794 :
2860 5756 3104 5797 sermone
3137 5749 3320 5799 autem
3356 5745 3494 5814 Syro
3540 5737 3644 5802 Do-

1986 5813 2137 5868 mina
2167 5815 2548 5883 nuncupatur,
2580 5811 2718 5883 quia
2746 5815 2940 5884 genuit
2970 5814 3286 5873 Dominum.
3320 5811 3492 5873 Gallia.
