4034 6226
474 335 631 399 1263

1430 323 1499 386 8.
1541 319 1950 390 QUADRATI
1993 317 2504 382 ATHENARUM
2545 316 2895 380 EPISGOPI

3672 330 3788 392 12“

544 472 589 527 Ι.
618 471 670 525 S.
696 460 1292 535 Quadratum,Publio
1320 457 1673 530 martyrium
1686 471 1880 527 passo,
1903 455 1965 510 in
2012 456 2122 511 Ec-
2149 459 2205 525 Α
2232 454 2365 523 fuit,
2388 460 2454 508 ut
2472 454 2953 526 persecutionem
2977 453 3380 527 gravissimam
3396 454 3540 514 illius
3560 463 3793 522 excellens

485 559 680 617 clesiae
713 553 1093 613 Atheniensis
1122 549 1409 622 regimine
1439 546 1814 612 successisse,
1848 545 2016 601 testis
2041 549 2131 600 est

486 645 751 717 locuples
783 642 937 715 apud
968 639 1286 696 Eusebium
1318 638 1391 709 (1)
1446 636 1757 709 Dionysius
1796 634 2128 690 Corinthio-

479 751 611 789 rum
645 732 956 802 episcopus
979 730 1039 784 in
1073 728 1327 799 epistola
1348 742 1521 797 quam
1557 723 2015 780 Atheniensibus
2038 722 2128 778 in-

480 821 720 893 scripsit
746 838 760 887 ;
800 819 901 875 ubi
935 823 994 874 et
1012 840 1040 869 «
1072 817 1201 891 ejus
1222 816 1426 872 labore
1458 820 1636 885 atque
1654 812 1948 868 industria
1976 812 2130 868 cives

482 911 677 967 denuo
703 911 765 965 in
796 908 1121 965 Ecclesiam
1162 906 1529 973 convenisse,
1563 910 1622 959 et
1641 903 1965 958 redivivum
1989 901 2128 957 fidei

482 1000 758 1057 ardorem
785 1000 847 1054 in
887 998 1008 1053 illis
1038 1002 1378 1068 reparatum
1404 1008 1530 1050 esse
1560 992 1894 1064 proﬁtetur.
1928 1011 1958 1040 »
2000 996 2133 1045 Επι-

488 1091 800 1163 μαρτυρῶν,
832 1086 906 1149 ὡς
940 1083 1029 1140 διὰ
1066 1091 1166 1154 τῆς
1223 1084 1390 1138 αὐτοῦ
1452 1078 1697 1150 σπουδῆς
1746 1077 2128 1155 ἐπισυναχθέν-

478 1199 607 1248 των,
638 1176 727 1231 καὶ
759 1182 860 1244 τῆς
899 1173 1133 1236 πίστεως
1179 1170 1597 1246 ἀναζωπύρησιν
1644 1166 1978 1244 εἰληχότων.
2035 1171 2124 1241 ἰρο

479 1284 610 1323 sum
646 1281 883 1338 quoque
926 1264 1270 1337 prophetica
1322 1261 1511 1335 gratia
1553 1260 1735 1315 fuisse
1788 1257 2131 1331 praeditum,

488 1361 741 1414 testatur
766 1354 919 1427 apud
952 1354 1228 1409 eumdem
1267 1349 1587 1406 Eusebium
1619 1349 1694 1420 (2)
1729 1349 1979 1419 scriptor
1998 1364 2133 1402 ano-

477 1462 715 1518 nymus,
749 1444 848 1515 qui
882 1442 1129 1499 Rhodon
1159 1441 1344 1496 fuisse
1375 1439 1591 1495 dicitur
1616 1438 1712 1509 (3).
1740 1436 2045 1508 Siquidem
2068 1437 2130 1491 in

477 1552 546 1589 eo
578 1534 730 1589 libro
763 1548 938 1603 quem
992 1529 1401 1585 innominatus
1448 1527 1545 1582 hic
1593 1530 1799 1581 auctor
1849 1525 2132 1582 adversus

478 1621 875 1693 Cataphrygas
897 1617 1252 1690 composuit,
1275 1616 1582 1671 universos
1614 1614 1755 1669 Novi
1773 1613 2132 1670 Testamenti

478 1714 795 1787 prophetas
819 1727 1201 1769 enumerans.
1222 1707 1585 1774 Quadratum
1605 1723 1840 1779 quoque
1861 1710 2132 1761 nostrum

484 1807 780 1869 recenset,
799 1816 1056 1872 eumque
1072 1815 1205 1854 cum
1229 1796 1485 1869 Philippi
1508 1795 1879 1868 evangelista:
1899 1794 2133 1850 ﬁliabus

481 1890 809 1963 conjungit,
844 1906 991 1960 quas
1031 1890 1090 1944 S.
1124 1889 1307 1942 Lucas
1347 1885 1750 1958 prophetissas
1800 1884 2061 1956 appellat
2092 1883 2132 1939 ί.

481 2003 509 2031 ‹‹
544 1982 667 2035 Non
701 1979 987 2051 Agabum,
1020 1976 1235 2048 inquit,
1264 1991 1385 2030 non
1409 1973 1641 2040 ludam,
1666 1990 1788 2029 non
1813 1974 2135 2033 Silam.nec

482 2068 742 2139 Philippi
776 2067 949 2131 filias,
1010 2082 1122 2121 nec
1189 2064 1482 2120 Ammiam
1547 2062 2130 2135 Philadelphensem,

482 2174 591 2213 nec
630 2156 1011 2221 Quadratum,
1041 2170 1150 2209 nec
1181 2153 1381 2224 plures
1412 2168 1647 2223 quoque
1688 2152 1837 2207 alios
1860 2151 1958 2223 qui
1980 2150 2135 2206 nihil

480 2245 552 2301 ad
594 2245 755 2315 ipsos
796 2243 1119 2314 pertinent,
1165 2240 1577 2313 praedicabunt
1623 2240 2059 2314 (Montanistaa).
2094 2259 2126 2293 υ

477 2332 619 2393 Οὔτε
646 2329 910 2409 Ἀγαϐον,
957 2332 1079 2388 οὕτε
1134 2328 1362 2404 Ἰούδαν,
1422 2326 1547 2385 οὔτε
1604 2328 1803 2398 Σίλαν,
1865 2325 1987 2383 οὔτε
2042 2328 2135 2391 τὰς

478 2421 765 2479 Φιλίππου
794 2420 1108 2497 θυγατέρας,
1141 2417 1265 2476 οὔτε
1301 2421 1402 2489 τήν
1457 2418 1511 2474 ἐν
1561 2416 1944 2495 Φιλαδελφείᾳ
1994 2418 2136 2491 Ἀμ-

483 2512 637 2587 μίαν,
671 2507 794 2567 οὔτε
849 2506 1149 2586 Κοδράπον,
1198 2505 1323 2565 οὔτε
1371 2509 1515 2570 τινὲς
1562 2505 1767 2568 ἄλλους
1824 2503 1990 2579 μηδὲν
2040 2506 2131 2561 αὗ-

473 2606 597 2664 τοῖς
637 2601 1020 2676 προσήκοντας
1078 2600 1478 2673 καυχήσονται.
1534 2597 1633 2653 His
1692 2596 1898 2652 al'linia
1952 2595 2136 2653 tradit

475 2692 617 2749 alibi
647 2691 921 2747 laudatus
953 2688 1331 2746 Cmsariensis
1362 2688 1674 2760 episcopus
1706 2686 1803 2758 (4).

546 2783 613 2835 ΙΙ.
651 2780 753 2836 Hic
784 2780 985 2851 itaque
1017 2780 1105 2833 vir
1124 2776 1483 2850 apostolicus
1508 2775 1766 2832 Adriano
1788 2774 2130 2846 imperatori

392 2888 399 2895 ·
477 2869 725 2926 Athenis
748 2869 943 2941 agenti
970 2866 1240 2923 libellum
1262 2865 1696 2937 apologeticum
1718 2863 2102 2932 obtulit,Chri
2117 2891 2133 2906 -

478 2958 807 3013 stianorum
842 2957 1246 3011 innocentiam
1275 2960 1334 3010 et
1354 2955 1616 3025 iniquam
1651 2969 1856 3009 eorum
1878 2953 2133 3008 vexatio-

478 3062 615 3102 nem
649 3044 986 3100 luculenter
1033 3060 1353 3116 exponens.
1408 3044 1488 3099 De
1543 3060 1659 3113 quo
1712 3041 1951 3113 quidem
2004 3042 2131 3098 haec

475 3136 529 3190 S.
564 3134 957 3205 Hieronymus
987 3134 1101 3205 (5);
1136 3155 1163 3182 ‹‹
1206 3131 1539 3197 Quadratus
1590 3130 1994 3202 apostolorum
2049 3131 2133 3186 di-

2237 542 2475 599 sedaret
2502 542 2827 614 ingenium.
2868 564 2893 591 ι)

2311 654 2339 683 α
2373 633 2607 688 Utinam
2641 648 2794 699 vero,
2827 636 2894 686 ut
2922 648 3057 687 cum
3086 632 3295 688 Grabio
3324 634 3524 706 loquar
3538 636 3624 706 (8),
3646 639 3705 696 de
3719 641 3801 699 hac

2238 722 2517 789 Quadrati
2549 723 2817 793 Apologia
2845 738 3005 777 nunc
3035 722 3293 779 scribere
3337 742 3637 797 possemus,
3683 734 3801 803 quod

2240 810 2385 867 olim
2409 809 2697 867 Eusebius
2718 811 2778 866 in
2804 810 2932 866 haec
2978 810 3249 875 verba(9)
3284 830 3298 868 :
3331 811 3503 868 Εἷσὲτι
3545 812 3597 869 δὲ
3637 819 3802 893 pigeret

2237 901 2385 972 παρᾶ
2411 897 2693 961 πλείστοις
2730 898 2839 954 τῶν
2901 896 3179 976 ἀδελφῶν,
3235 900 3370 974 ἀτὰρ
3425 902 3507 956 καὶ
3555 907 3661 979 παρ’
3706 910 3807 981 ἡμῖν

2238 989 2300 1043 τὸ
2340 987 2688 1063 σύγγραμμα·
2731 986 2785 1058 ἐξ
2824 988 2886 1042 οὗ
2944 985 3184 1042 κατιδεῖν
3241 988 3355 1045 ἐστι
3412 988 3618 1066 λαμπρὰ
3656 1001 3809 1069 rex”.

2243 1097 2331 1154 ρια
2358 1083 2459 1146 τῆς
2486 1096 2543 1131 τε
2573 1080 2671 1132 τοῦ
2700 1073 2896 1151 ἀνδρὸς
2929 1073 3171 1139 διανοίας
3217 1078 3308 1132 καὶ
3365 1086 3462 1149 τῆς
3504 1080 3817 1155 ἀποστολικῆς

2247 1166 2601 1241 ὀρθοτομίας.
2650 1186 2673 1215 ι
2704 1167 2906 1223 Exstat
2935 1167 3230 1239 hodieque
3265 1169 3424 1241 apud
3470 1171 3737 1244 plerosque
3760 1195 3811 1232 ex

2244 1256 2525 1313 fratribus
2550 1256 2676 1311 hinc
2707 1257 2918 1323 oratio,
2950 1273 3130 1328 quam
3174 1274 3283 1313 nos
3333 1260 3502 1314 etiam
3548 1262 3811 1327 habemus:

2242 1361 2311 1400 ex
2348 1361 2466 1417 qua
2485 1350 2546 1399 et
2566 1345 2866 1415 ingenium
2890 1343 3052 1399 illius
3082 1344 3211 1415 viri,
3233 1351 3518 1403 etrectam
3544 1354 3813 1421 apostolica

2244 1434 2380 1489 tldei
2413 1433 2745 1489 doctrinam
2776 1433 3087 1505 perspicue
3118 1451 3474 1507 cognoscere
3501 1437 3641 1495 licet.
3671 1463 3693 1487 η
3731 1444 3815 1498 Sed

2242 1523 2420 1596 periit
2450 1521 2638 1579 eheu!
2674 1522 2972 1597 egregium
3000 1523 3156 1579 istud
3210 1523 3560 1599 σύγγραμμα,
3603 1529 3815 1602 nihilque

2247 1614 2375 1686 ejus
2394 1617 2665 1685 superest
2688 1618 2908 1685 praeter
2923 1613 3597 1684 unicum,brevissimum
3613 1620 3816 1690 quidem,

2244 1710 2305 1761 at
2330 1704 2530 1760 nobile
2559 1704 2955 1775 fragmentum
2982 1704 3142 1776 quod
3174 1705 3349 1761 nobis
3389 1712 3720 1766 conservavit
3740 1714 3821 1767 Eu-

2250 1793 2468 1849 sebius.
2502 1791 2680 1848 Plura
2700 1792 3004 1860 darentur,
3024 1794 3072 1848 si
3106 1795 3457 1864 superstites
3477 1797 3651 1853 adhuc
3674 1807 3823 1855 essent

2168 1847 2214 1912 Β
2244 1881 2490 1938 alterius
2519 1880 2759 1935 Eusebii
2817 1881 3029 1936 sarculo
3083 1898 3139 1935 Vl
3199 1883 3462 1956 episcopi
3514 1887 3823 1945 Thessaloni-

2239 1971 2435 2027 censis
2466 1969 2603 2025 libri
2641 1973 2708 2023 10
2732 1977 2925 2025 contra
2961 1970 3235 2026 Andream
3284 1974 3634 2041 monachum;
3671 1984 3822 2049 utpote

2237 2077 2415 2133 quem
2450 2059 2784 2115 adversario
2816 2075 2922 2115 suo
2966 2060 3247 2126 Quadrati
3297 2062 3475 2118 verba
3520 2067 3819 2138 opposuisse,

2245 2166 2521 2222 expresse
2552 2153 2804 2204 testatur
2831 2149 3080 2204 Photius
3108 2152 3238 2213 (10).

2310 2240 2405 2295 lll.
2474 2240 2637 2294 Hanc
2692 2254 2827 2293 vero
2884 2240 3207 2309 Apologiam
3285 2241 3502 2299 obtulit
3553 2244 3820 2311 Quadratus

2236 2329 2496 2385 Adriano
2528 2331 2812 2400 Augusto,
2846 2345 2979 2385 cum
3011 2335 3305 2401 provectas
3327 2332 3457 2404 jam
3488 2338 3631 2389 esset
3655 2334 3819 2389 etatis.

2237 2421 2304 2474 In
2335 2435 2405 2475 ea
2427 2419 2745 2491 siquidem,
2779 2419 2974 2491 inquit
3001 2420 3293 2476 Eusebius
3334 2424 3463 2493 (ll),
3486 2426 3684 2495 ipsemet
3707 2427 3823 2480 anti-

2238 2512 2503 2580 quitatem
2531 2525 2687 2565 suam
2725 2511 2857 2565 satis
2904 2510 3133 2581 prodit:
3190 2510 3253 2567 Ὀ
3308 2508 3356 2564 δ’
3396 2510 3550 2574 αὑτὸς
3603 2515 3689 2582 τήν
3734 2515 3822 2576 καθ’

2242 2596 2428 2652 ἑαυτὸν
2462 2594 2805 2675 ἀρχαιότητα
2833 2596 3179 2675 παραφαίνει.
3209 2600 3338 2666 Qua
3381 2601 3453 2657 de
3504 2620 3566 2658 re
3614 2603 3668 2659 in
3707 2606 3823 2660 Grai-

2242 2688 2328 2743 cis
2356 2686 2611 2743 Chronici
2640 2687 2955 2744 Eusebiani
2987 2689 3061 2744 ad
3091 2705 3316 2746 annum
3347 2692 3588 2748 Adriani
3642 2697 3696 2748 10
3735 2695 3827 2749 hac

2241 2777 2525 2849 leguntur
2581 2775 2690 2838 (12)
2717 2794 2730 2832 :
2780 2772 3135 2851 Κουαδρᾶτος
3166 2777 3194 2832 ὁ
3225 2778 3376 2853 ἱερὸς
3425 2784 3531 2834 τῶν
3564 2781 3825 2837 ἀποστόλων

2237 2865 2529 2934 ἀκουστὴς,
2572 2862 2756 2937 Αῗλίῳ
2814 2862 3086 2940 Ἀδριανῷ
3138 2870 3218 2940 τῷ
3274 2868 3629 2944 αὐτοκράτορι
3672 2870 3825 2945 λόγους

2236 2947 2538 3023 ἀπολογίας
2596 2948 2730 3023 ὑπὲρ
2774 2953 3135 3025 Χριστιανῶν,
3188 2951 3279 3006 καὶ
3342 2952 3667 3029 Ἀριστείδης
3711 2958 3828 3025 Ἀθη-

2237 3043 2385 3099 ναῖος
2436 3038 2464 3091 ὁ
2518 3035 2824 3116 φιλόσοφος
2889 3035 3183 3097 ἐπέδωκαν.
3266 3042 3449 3118 Ἀπερ
3514 3040 3825 3119 δεξάμενοςὸ

2240 3132 2441 3201 Καῖσαρ
2475 3125 2568 3181 σὺν
2599 3132 2717 3191 τοῖς
2763 3128 2909 3203 παρὰ
2968 3127 3219 3204 Σερενίου
3278 3137 3568 3206 Γρανιανοῦ
3622 3132 3822 3208 λαμπρο-

478 3221 761 3295 scipulus,
794 3221 1002 3277 Publio
1035 3221 1400 3275 Athenarum
1447 3220 1725 3291 episcopo
1778 3218 1852 3274 ob
1904 3219 2122 3274 Christi

2238 3216 2402 3272 τάτου
2436 3214 2771 3292 ἡγουμὲοου,
2813 3216 2889 3278 ὠς
2937 3214 3121 3273 ἄδικον
3177 3218 3260 3290 εἴη
3316 3221 3677 3297 γραψαμένου,
3719 3225 3823 3297 Χρι-

481 3312 659 3369 fidem
688 3311 970 3382 martyrio
1002 3316 1305 3379 coronato,
1346 3310 1407 3364 in
1438 3309 1636 3364 locum
1670 3308 1800 3380 ejus
1829 3308 2133 3363 substitui-

477 3408 593 3467 tur,
629 3407 689 3457 et
716 3400 1040 3458 Ecclesiam
1073 3398 1279 3473 grandi
1313 3404 1538 3454 terrore
1572 3397 1899 3471 dispersam
1930 3397 2041 3454 tide
2073 3403 2132 3454 et

480 3491 775 3547 industria
802 3507 909 3546 sua
927 3494 1260 3563 congregat.
1286 3490 1550 3559 Cumque
1571 3487 1865 3543 Adrianus
1882 3488 2129 3544 Athenis

480 3581 773 3654 exegisset
802 3581 1083 3649 hiemem,
1116 3578 1377 3634 invisens
1398 3577 1676 3634 Eleusina
1703 3595 1717 3645 ;
1751 3583 1809 3633 et
1850 3577 2129 3633 omnibus

477 3686 648 3741 pame
679 3670 915 3726 Graeciaa
948 3667 1132 3725 sacris
1162 3667 1452 3732 initiatus,
1474 3666 1734 3722 dedisset
1753 3668 2125 3723 occasionem

478 3757 573 3814 his
604 3759 705 3829 qui
736 3758 1103 3814 Christianos
1129 3756 1401 3822 oderant,
1431 3755 1656 3826 absque
1698 3761 1991 3827 praacepto
2021 3756 2127 3810 im-

477 3846 767 3918 peratoris
798 3863 1004 3902 vexare
1027 3844 1337 3901 credentes
1362 3861 1377 3911 ;
1408 3843 1668 3915 porrexit
1693 3843 1745 3899 ei
1777 3843 1995 3900 librum
2020 3861 2125 3916 pro

476 3936 763 4008 religione
796 3941 1021 4002 nostra,
1053 3934 1219 3991 valde
1253 3933 1462 3989 utilem
1494 3933 1856 4005 plenumque
1878 3934 2126 3990 rationis

478 4030 538 4079 et
569 4023 728 4091 ﬁdei,
765 4028 821 4077 et
852 4022 1180 4094 apostolica
1211 4021 1485 4076 doctrina
1514 4021 1793 4093 dignum;
1827 4021 1887 4076 in
1920 4038 2034 4092 quo
2069 4026 2127 4077 et
2168 4044 2189 4049 ί

475 4113 893 4183 antiquitatem
928 4129 1048 4168 sua:
1081 4111 1270 4166 aetatis
1301 4110 1623 4166 ostendens
1648 4111 1729 4165 ait
1774 4110 2061 4182 plurimos
2092 4127 2128 4167 a

473 4218 536 4256 se
564 4201 736 4268 visos,
772 4201 872 4272 qui
907 4200 1016 4256 sub
1044 4200 1294 4255 Domino
1326 4199 1503 4254 variis
1534 4200 1596 4255 in
1626 4199 1826 4255 Judwa
1856 4200 2126 4272 oppressi

472 4290 911 4347 calamitatibus
944 4290 1134 4346 sanati
1167 4290 1423 4358 fuerant,
1459 4291 1518 4343 et
1561 4287 1660 4360 qui
1695 4304 1727 4344 a
1759 4290 2003 4344 mortuis
2031 4306 2122 4346 re-

469 4384 869 4437 surrexerant.
911 4403 931 4429 ι
986 4381 1109 4436 Huc
1161 4395 1351 4450 usque
1402 4377 1747 4435 summatim
1824 4394 1893 4432 ex
1950 4381 2126 4437 Euse-

470 4470 568 4525 bio
600 4470 676 4539 (6)
710 4470 917 4525 doctor
956 4469 1285 4534 maximus;
1319 4467 1421 4538 qui
1454 4472 1514 4521 et
1542 4466 1683 4521 alibi
1725 4466 1797 4520 ad
1853 4469 2122 4539 Magnum

2237 3305 2489 3369 στιανοὺς
2522 3306 2761 3380 ἀκρίτως
2808 3305 2896 3361 ἐπὶ
2931 3305 3121 3379 μηδενὶ
3165 3314 3275 3365 τῶν
3316 3309 3670 3386 ἐγκλημάτων
3721 3311 3824 3367 κτεί-

2236 3416 2371 3466 νειν,
2428 3395 2623 3474 γράφει
2683 3397 2963 3469 Μινουκίῳ
3047 3396 3348 3472 Φουνδανῷ
3433 3400 3699 3474 ἀνθυπάτῳ
3752 3407 3825 3469 τῆς

2240 3486 2444 3555 Ἀσίας,
2479 3482 2686 3559 μηδένα
2714 3486 2938 3541 κτείνειν
2984 3484 3107 3542 ἄνευ
3156 3486 3524 3564 ἐγκλημάτων
3572 3493 3654 3546 καὶ
3694 3511 3823 3558 κατη-

2233 3574 2443 3651 γορίας.
2480 3576 2726 3632 Gemina
2754 3577 2964 3632 recitat
2993 3578 3303 3650 Syncellus
3329 3584 3466 3651 (13),
3496 3581 3646 3638 unde
3673 3583 3825 3638 Greca

2237 3681 2345 3720 sua
2374 3665 2705 3721 Eusebiana
2735 3666 2993 3737 Scaliger
3017 3666 3424 3740 desumpsisse
3456 3672 3702 3737 videtur;
3728 3686 3823 3740 qua:

2236 3754 2478 3826 quidem
2492 3755 2552 3809 in
2568 3756 2835 3810 versione
2850 3756 3409 3829 Hieronymianaita
3424 3760 3824 3831 eﬂeruuturﬂi):

2234 3846 2573 3916 Quadratus,
2634 3846 2938 3917 discipulus
3023 3850 3419 3918 apostolorum,
3504 3859 3555 3907 et
3620 3849 3827 3906 Aristides

2233 3936 2594 4004 Atheniensis,
2635 3944 2817 3992 noster
2829 3937 3211 4009 philosophus,
3243 3940 3413 3997 libros
3429 3959 3540 4013 pro
3567 3942 3827 3999 Christiana

2232 4026 2502 4095 religione
2541 4027 2736 4081 dedere
2791 4029 3133 4096 compositos.
3189 4030 3253 4083 Et
3309 4032 3546 4088 Serenus
3600 4030 3823 4087 Grunnius

2234 4115 2465 4183 legatus,
2492 4117 2580 4169 vir
2607 4114 2859 4185 apprime
2888 4116 3108 4185 nobilis,
3144 4118 3359 4176 litteras
3398 4121 3475 4176 ad
3503 4124 3824 4194 imperatorem

2234 4207 2428 4275 mittit,
2464 4203 2719 4274 iniquum
2748 4220 2858 4259 esse
2885 4205 3089 4275 dicens,
3149 4209 3486 4266 clamoribus
3526 4211 3669 4279 mlgi
3704 4209 3825 4263 inno-

2234 4295 2473 4349 centium
2505 4291 2786 4349 hominum
2834 4297 3157 4365 sanguinem
3200 4299 3423 4353 concedi
3440 4319 3463 4364 ;
3508 4307 3557 4355 et
3598 4301 3703 4355 sine
3738 4295 3825 4350 ulla

2234 4384 2484 4449 crimine,
2510 4381 2750 4437 nominis
2797 4389 3011 4439 tantum
3043 4392 3094 4440 et
3122 4392 3281 4443 δείξειε
3321 4404 3446 4444 reos
3489 4391 3624 4458 ﬁeri.
3666 4386 3825 4453 Quibus

2233 4480 2529 4525 commotus
2586 4471 2870 4526 Adrianus
2927 4472 3169 4529 Minucio
3228 4478 3498 4531 Fundano
3562 4473 3824 4548 proconsuli

470 4565 764 4614 oratorem
799 4560 1085 4624 scribens,
1118 4559 1178 4612 in
1197 4557 1468 4613 eamdem
1490 4558 1845 4613 sententiam
1871 4558 1996 4613 haec
2027 4560 2121 4615 ha-
2151 4581 2198 4648 D
2236 4558 2375 4613 Asiae
2405 4560 2647 4628 scripsit,
2679 4576 2791 4615 non
2832 4562 2948 4616 sine
3004 4564 3215 4634 objecta
3274 4568 3567 4623 criminum
3607 4564 3825 4621 Christia-

464 4647 566 4703 bet
596 4648 707 4719 (7):
761 4670 788 4699 ‹‹
823 4648 1154 4714 Quadratus
1202 4647 1608 4719 apostolorum
1658 4646 2001 4719 discipulus,
2062 4656 2121 4705 et
2152 4646 2185 4648 _
2227 4666 2325 4703 nos
2341 4649 2799 4704 condemnandos.
2826 4650 3070 4707 Adriani
3090 4654 3444 4726 rescriptum
3470 4658 3544 4713 ad
3560 4654 3822 4711 Minucium

463 4737 844 4793 Atheniensis
865 4737 1129 4809 pontifex
1150 4737 1651 4799 Ecclesiaamonne
1673 4736 1934 4792 Adriano
1952 4738 2115 4808 prin-

460 4827 577 4896 cipi
610 4826 901 4881 Eleusium
933 4843 1100 4881 sacra
1130 4826 1428 4890 invisenti,
1493 4824 1705 4878 librum
1757 4842 1862 4895 pro
1912 4833 2115 4881 nostra

460 4916 746 4988 religione
780 4916 1065 4971 tradidit?
1095 4920 1152 4969 et
1184 4920 1359 4970 tantae
1405 4912 1783 4969 admirationi
1835 4916 2112 4972 omnibus

529 5085 547 5120 ί
579 5090 705 5142 Act.
736 5103 854 5155 xxi,
886 5088 939 5141 9.

523 5264 601 5336 (1)
633 5263 844 5319 Euseb.
880 5263 1023 5320 Hist.
1055 5264 1264 5329 eccles,
1298 5263 1401 5318 lib.
1435 5279 1509 5331 ιν,
1542 5280 1668 5335 cap.
1705 5266 1793 5319 23.

524 5339 600 5398 t2)
631 5336 796 5399 Ibid,
834 5336 934 5390 lib.
969 5353 1020 5398 v,
1054 5352 1180 5407 cap.
1217 5340 1302 5389 17.

519 5410 594 5478 (3)
626 5407 862 5463 Hieron.
901 5411 973 5461 De
1002 5410 1089 5461 vir
1118 5409 1345 5468 illustr.,
1382 5423 1509 5477 cap.
1554 5410 1638 5461 3‘7.

517 5482 591 5551 (le)
624 5479 831 5551 Euseb.
866 5481 1007 5535 Hist.
1041 5479 1253 5541 (ιτ-εἰει..
1284 5479 1385 5532 lib.
1421 5495 1503 5545 HI,
1537 5495 1667 5551 cap.
1702 5482 1791 5534 37.

515 5548 593 5618 (5)
622 5548 863 5621 illieron.
897 5552 972 5605 De
1001 5554 1088 5605 vir
1116 5552 1342 5617 illustr.,
1375 5565 1502 5621 cap.
1544 5548 1629 5607 l9:

514 5621 589 5693 (εξ)
621 5620 830 5693 Euseb.
866 5622 1009 5693 Hist.
1042 5623 1251 5690 eccles.,
1281 5621 1382 5676 lib.
1417 5620 1490 5688 iv,
1523 5638 1651 5693 cap.
1686 5625 1736 5675 5.

517 5688 594 5766 (7)
626 5687 864 5766 Hieron.
897 5692 1068 5761 epist.
1098 5696 1188 5761 ‘70,
1220 5687 1276 5748 τί.
1321 5695 1375 5764 4,
1421 5687 1564 5765 Opp.
1598 5687 1763 5748 'tom.
1800 5696 1843 5761 Ι,
1875 5711 1931 5766 p.
1968 5694 2095 5761 426»

447 5754 590 5807 edit.
626 5771 757 5807 nov.
794 5754 1005 5813 Vero‘n.

2224 4738 2579 4793 Fundanum
2603 4755 2720 4808 quo
2745 4741 3218 4809 persecutionem
3243 4759 3278 4798 a
3298 4744 3514 4800 Graecis
3532 4741 3822 4801 etAsiaticis

2226 4827 2535 4880 excitatam
2571 4827 2896 4896 prohibuit,
2933 4831 3207 4899 Apologia?
3239 4848 3359 4885 sum
3411 4834 3650 4889 intexuit
3692 4828 3823 4885 Justi-

2222 4933 2333 4971 nus
2367 4917 2581 4986 Martyr
2611 4918 2736 4987 (t5).
2772 4919 2852 4972 Ex
2912 4919 3127 4989 quibus
3163 4936 3299 4993 ergo
3329 4925 3697 4995 perspicuum
3738 4922 3817 4979 est.

2282 5266 2357 5343 (τι)
2385 5263 2562 5343 grai).
2594 5263 2788 5343 snitu.
2822 5265 3257 5343 SS._PP._,__tom.
3292 5271 3362 5339 ιι,
3396 5290 3451 5343 ρ.
3490 5272 3606 5327 124.

2282 5338 2366 5414 (9)
2393 5335 2606 5414 Euseb.
2819 5338 3028 5414 eccles.,
3064 5339 3164 5394 lib.
3202 5357 3275 5410 IV,
3309 5335 3434 5414 cap.
3470 5346 3523 5398 3.

2282 5411 2396 5475 (10)
2428 5410 2593 5462 Phot.
2639 5408 2782 5462 Bibl.
2812 5409 2939 5463 cod.
2978 5414 3099 5466 126.

2279 5481 2392 5557 (tt)
2417 5480 2629 5557 Euseb.
2664 5481 2806 5557 Ifist.
2842 5481 3050 5557 eccles.,
3084 5482 3184 5537 lib.
3222 5501 3292 5551 iv,
3327 5502 3453 5557 cap.
3485 5488 3535 5539 3.

2280 5550 2390 5626 (l2)
2422 5550 2651 5626 Euseb;
2671 5550 2869 5626 Cliron.
2896 5553 3017 5616 Gr.,
3049 5571 3181 5626 pag.
3212 5550 3339 5612 ⁸211.

2276 5615 2324 5698 t1
2413 5618 2692 5698 _S_ync_ell;
2702 5615 3204 5698 _Chronogr.,‘pdg.
3239 5630 3363 5683 348.
3708 5656 3715 5659 -

2277 5688 2390 5770 fit)
2413 5688 2625 5770 Euseb.
2651 5693 2854 5770 Chron.
2878 5688 2978 5751 lib.
3010 5688 3108 5752 ret
3134 5688 3803 5770 ii,p.i7,m7,edit.Sca|ig.

2274 5756 2388 5835 (15)
2418 5764 2632 5819 Justin.
2667 5764 2896 5836 Apolog.
2932 5785 2969 5839 ι,
3002 5770 3028 5836 §
3056 5770 3143 5826 69.
