4034 6226
306 424 465 485 1973

1843 424 2194 490 {\‘OTITIA.

3558 428 3715 489 1274

311 559 677 615 mentionem
708 578 742 616 a
772 562 927 618 Luca
956 563 1104 618 forte
1150 564 1366 620 factam
1396 564 1635 633 dixerit,
1693 564 1754 617 in
1793 562 1953 617 Actis
1983 564 2035 628 Α
2068 558 2444 616 doctissimus
2484 557 2883 628 comperitur;
2916 557 3041 612 Ιιωο
3076 559 3232 613 enim
3264 561 3560 616 sententia
3589 578 3708 617 non

310 648 538 702 scilicet
579 650 1005 721 apostolorum,
1039 652 1165 707 Ιιωο
1216 654 1376 708 male
1430 652 1502 709 ad
1534 654 1722 724 ipsam
1753 654 1956 721 Dispu-

309 740 574 791 tationem
607 755 734 792 esse
765 741 971 796 relata.
1010 764 1030 789 ιι
1068 743 1200 796 Haec
1230 743 1351 796 ille.

375 829 664 883 Caeterum
697 830 868 901 longe
901 830 1001 885 diu
1034 839 1169 886 ante
1202 833 1518 887 Maximum
1550 831 1818 887 eamdem
1842 831 1956 885 Dis-

295 920 642 986 putuliuncm
703 920 925 990 legerat
972 921 1173 977 Celsus
1223 923 1567 993 Epicureus,
1617 924 1788 992 cujus
1845 921 1954 974 ini-

301 1024 489 1076 quum
514 1008 585 1062 de
618 1007 718 1063 illa
740 1010 1036 1081 judicium
1070 1012 1278 1068 recitat
1307 1014 1397 1068 his
1450 1013 1644 1068 verbis
1677 1011 1954 1082 Origenes

300 1099 374 1164 (0)
408 1113 421 1149 :
459 1096 739 1151 Παπίσκου
763 1098 911 1159 τινὸς
940 1099 1031 1153 καὶ
1066 1099 1304 1161 ἰάσονος
1332 1099 1647 1176 ἀντιλογίαν
1678 1097 1951 1173 ἔγνων,οὑ

296 1183 565 1258 γέλωτος,
635 1184 780 1241 ἀλλὰ
841 1186 1054 1259 μᾶλλον
1108 1187 1295 1252 ἐλέους
1355 1188 1446 1243 καὶ
1536 1189 1726 1263 μίσους
1784 1188 1948 1261 ἀξίαν.

297 1272 521 1345 Ἒιμῡυί
555 1272 645 1327 οὖν
672 1273 732 1329 οὐ
766 1274 1170 1352 ταῦτ’ἐλὲγχειν
1195 1279 1492 1350 πρόκειταιο
1525 1276 1639 1333 ἔστέ
1668 1278 1769 1353 γὰρ
1792 1276 1948 1332 παττί

294 1381 405 1414 που
438 1357 605 1430 δῆλα.
638 1386 666 1413 ‹‹
708 1365 939 1436 Papisci
970 1367 1280 1439 cujusdam
1314 1373 1373 1423 et
1432 1369 1663 1423 Jasonis
1712 1373 1953 1423 conten-

294 1450 522 1506 tionem
550 1453 705 1523 novi,
738 1470 858 1509 non
888 1456 1013 1510 risu
1043 1456 1146 1511 sed
1203 1457 1588 1512 miseratione
1639 1458 1834 1529 potius
1868 1455 1953 1510 di-

294 1554 473 1610 gnam
492 1547 547 1595 et
570 1542 865 1597 odio.Hzec
888 1544 1086 1614 itaque
1107 1545 1411 1600 confutare
1426 1545 1572 1600 mihi
1597 1563 1717 1600 non
1737 1544 1951 1600 estani-

295 1645 433 1683 mus
466 1632 721 1702 ;quippe
750 1650 1001 1703 quorum
1028 1634 1364 1690 absurditas
1408 1635 1683 1690 omnibus
1706 1639 1885 1706 patet.
1920 1657 1949 1683 ››

294 1718 515 1773 Verum
542 1719 955 1792 Origenes,qui
990 1731 1048 1777 et
1070 1723 1197 1794 ipse
1218 1723 1514 1779 Aristonis
1532 1723 1822 1793 Dialogum
1854 1740 1951 1778 no-

298 1813 484 1870 verat,
520 1809 671 1865 Celsi
697 1811 1055 1867 calumniam
1082 1813 1166 1868 ila
1186 1814 1499 1881 refellit,ut
1515 1814 1672 1869 haud
1693 1813 1948 1868 otiosum

2065 648 2344 715 Aristoni,
2371 647 2474 702 sed
2504 647 2744 719 ipsimet
2798 646 3031 719 Origeni
3068 647 3377 703 tribuenda
3408 670 3420 718 ;
3446 651 3545 720 qui
3578 652 3711 706 effa-

2067 744 2188 791 tum
2208 737 2350 791 illud
2384 736 2856 792 velutcommune
2880 736 3147 791 omnium
3169 737 3702 809 Ecclesizescripto-
3800 744 3803 747 λ

2062 843 2196 880 rum
2244 826 2601 898 principium
2658 826 3041 897 pronuntiat;
3097 831 3164 881 ut
3211 825 3321 882 rite
3353 825 3602 882 advertit
3631 828 3705 883 cl.

2064 917 2334 970 Maranus
2367 918 2459 987 (9).

2133 1007 2273 1059 Post
2303 1005 2613 1076 Origenem
2666 1010 2863 1060 autem
2899 1006 3173 1060 meminit
3228 1022 3464 1075 quoque
3522 1006 3708 1061 semel

2062 1096 2395 1164 iterumque
2429 1095 2482 1150 S.
2516 1094 2908 1165 Hieronymus
2957 1094 3220 1163 ejusdem
3284 1097 3706 1165 Disputationis,

2063 1202 2235 1255 quam
2272 1191 2330 1237 et
2361 1184 2785 1238 Altm'cau‘onem
2830 1190 3034 1250 vocat;
3063 1184 3296 1255 duoque
3350 1184 3537 1255 ipsius
3576 1184 3706 1240 loca

2059 1273 2308 1328 inferius
2337 1273 2746 1328 retulimus.F.t
2774 1272 2836 1326 in
2866 1289 3072 1327 eorum
3104 1272 3344 1342 quidem
3375 1273 3558 1328 altero
3591 1273 3704 1346 (10)

2060 1366 2273 1421 falsum
2305 1381 2436 1420 esse
2467 1364 2680 1421 asserit
2725 1363 2931 1419 doctor
2987 1365 3302 1433 maximus,
3338 1364 3495 1436 quod
3544 1365 3605 1418 in
3638 1381 3704 1419 ea

2060 1456 2346 1526 scriptum
2380 1455 2698 1522 erat,initio
2730 1455 3020 1509 Geneseos
3043 1454 3103 1508 in
3127 1454 3369 1509 Hebraeo
3384 1454 3587 1510 haberi
3614 1456 3706 1510 :In

2060 1545 2200 1599 Fili.)
2229 1546 2364 1610 fecit
2395 1546 2529 1598 Deus
2560 1542 2748 1598 caelum
2778 1549 2828 1597 et
2858 1551 3078 1598 terram.
3102 1542 3215 1597 Sed
3252 1543 3592 1598 Aristonem
3615 1544 3707 1598 de-

2059 1632 2422 1687 fendendum
2446 1631 2707 1702 suscepit
2720 1631 3169 1703 BartolocciusU
3188 1635 3291 1700 1);‹‹
3314 1633 3425 1687 Pro
3439 1632 3704 1702 Hebrmo,

2062 1720 2633 1793 inquit,intelligitur
2658 1721 2876 1776 idioma
2900 1720 3519 1790 ilierosolymitanum,
3547 1721 3706 1792 quod

2062 1811 2412 1866 llebraicum
2470 1810 2591 1865 lato
2642 1810 2816 1865 modo
2884 1809 3211 1878 dicebatur,
3263 1815 3320 1865 et
3362 1810 3572 1865 litteris
3606 1812 3706 1866 lle-

292 1897 621 1969 fueritejus
648 1904 1095 1971 responsionem
1114 1903 1208 1957 hic
1222 1902 1555 1958 describere
1582 1921 1595 1970 ;
1622 1919 1690 1957 ex
1707 1902 1948 1957 eaenim
1982 1937 2026 2002 Β
2058 1901 2274 1956 braicis
2300 1899 2687 1956 scribebatur.
2726 1901 2787 1954 In
2818 1900 2929 1954 hoc
2950 1899 3242 1969 siqnidem
3276 1899 3579 1969 idiomate,
3614 1916 3707 1955 cu-

296 2002 434 2040 cum
468 1989 663 2057 operis
688 1989 1161 2061 inscriptionem,
1200 1997 1318 2046 tum
1342 1992 1405 2046 in
1429 1992 1634 2063 primis
1659 1993 1785 2063 ejus
1816 1991 1950 2047 cha-

284 2081 588 2130 racterem
620 2084 799 2148 atque
832 2079 1166 2135 doctrinam
1188 2080 1603 2152 perspicimus.
1635 2082 1728 2136 Sic
1773 2080 1951 2152 igitur

296 2164 396 2220 ille
431 2183 442 2219 :
476 2163 644 2221 Οὐδὲν
678 2163 722 2220 δ’
755 2168 921 2236 ἧττον
954 2164 1269 2242 ἐϐουλόμην
1308 2171 1463 2224 πάνθ’
1521 2171 1764 2225 ὁντινοῦν
1796 2170 1950 2224 ἀκού-

293 2274 461 2306 σαντςι
491 2250 931 2330 δεινολογοῦντος
962 2255 1291 2327 Κέλσου,καὶ
1323 2259 1618 2338 φάσκοντος
1650 2259 1711 2314 τὸ
1737 2258 1949 2336 ἐπιγεγ-

293 2340 575 2414 ραμμένον
608 2343 956 2419 σῦγγραμμίι.
990 2347 1223 2409 Ἰάεονος
1279 2350 1369 2402 καὶ
1427 2346 1711 2404 Ηαττίσκου
1737 2348 1948 2403 ἀντιλο-

291 2430 421 2503 γίαν
452 2430 573 2505 περὶ
606 2432 861 2506 Χριστοῦ,
919 2440 982 2488 ού
1043 2434 1309 2511 γέλωτος,
1364 2435 1510 2492 ἀλλᾶ
1567 2438 1758 2511 μίσους
1800 2435 1943 2510 ἄξιον

293 2520 458 2592 εἶναι,
493 2515 681 2576 λαϐεῖν
718 2521 794 2586 εἷς
820 2522 1015 2599 χεῖρας
1064 2526 1125 2580 τὸ
1183 2528 1651 2602 συγγραμμάτιον,
1685 2527 1771 2581 καὶ
1806 2528 1944 2583 ὑπο-

297 2615 476 2680 μεῖναι
510 2610 594 2665 καῖ
630 2612 949 2687 ἀνασχέσθαι
984 2614 1204 2669 ἀκοῦσαι
1227 2619 1335 2670 τῶν
1364 2615 1413 2670 ἐν
1448 2615 1942 2689 αὖτῷ·’ίν⁹εεῦτόοεν

292 2703 546 2775 καταγνῷ
573 2704 669 2754 τοῦ
704 2699 930 2771 Κέλσου,
967 2700 1136 2775 μηδὲν
1173 2704 1438 2777 εὑρίσκων
1473 2708 1667 2780 μίσους
1717 2704 1861 2778 ἄξιον
1895 2704 1945 2761 ἐν

290 2793 374 2860 τῷ
409 2782 635 2861 βιϐλίῳ.
663 2790 784 2846 Ἐὰν
820 2787 866 2844 δ’
899 2789 1208 2855 ἁδεκάστως
1236 2814 1323 2857 τις
1369 2793 1697 2870 ἐντυγχάνῃ,
1724 2796 1943 2870 εὑρήσει

292 2878 378 2933 ὅτι
410 2874 525 2932 οὐδ’
555 2876 642 2932 ἐπὶ
673 2877 891 2954 γὲλωτα
919 2888 1059 2935 κινεῖ
1078 2883 1137 2936 τὸ
1161 2879 1456 2957 βτϐλίον,ἐν
1482 2884 1527 2956 ᾧ
1553 2883 1940 2960 ἀναγέγραπται

292 2968 615 3042 Χριστιανὸς
646 2966 894 3042 Ἰουδαίῳ
925 2968 1316 3048 διαλεγόμενος
1349 2972 1454 3028 ἀπὸ
1477 2978 1585 3028 τῶν
1612 2973 1941 3042 Ἰουδαϊκῶν,

290 3063 543 3134 Γρκφῶν,
576 3058 666 3113 καὶ
701 3057 908 3122 δεικνὺς
935 3061 1031 3124 τὰς
1058 3061 1181 3137 περὶ
1211 3067 1307 3117 τοῦ
1339 3065 1577 3137 Χριστοῦ
1603 3064 1939 3142 προφητείας

292 3148 623 3222 ἐφαρμόζειν
682 3154 762 3222 τῷ
806 3152 1012 3220 Ἰησοῦ*
1070 3152 1249 3207 καίτοι
1315 3173 1378 3227 γε
1421 3152 1519 3208 οὐκ
1569 3153 1796 3230 ἆγεινέις
1827 3151 1941 3207 ουδ’

289 3237 548 3311 ἀπρεπῶς
578 3260 655 3309 τῳ
684 3236 970 3312 Ἰουδαῖκῷ
1023 3242 1304 3315 προσώπῳ
1356 3246 1457 3297 τοῦ
1508 3242 1692 3315 ἑτέρου
1724 3243 1942 3314 ἱσταμὲ-

2049 1989 2468 2072 jus_reliquiaa
2524 1990 2716 2044 adhuc
2764 1990 2825 2043 in
2881 1989 3130 2061 Targum
3173 1986 3701 2059 Hierosolymitano

2056 2080 2230 2134 hodie
2262 2086 2600 2151 supersunt,
2669 2079 2973 2133 invenitur
3007 2095 3019 2131 :
3051 2079 3115 2131 In
3167 2079 3455 2148 Sapientia
3495 2080 3701 2133 ereavit

2058 2170 2211 2235 Deus,
2247 2174 2358 2223 etc.
2387 2170 2499 2223 Per
2527 2168 2740 2223 Filium
2774 2168 2963 2221 Patris
2996 2167 3222 2234 aaterni,
3248 2172 3305 2222 et
3334 2166 3394 2220 in
3426 2166 3567 2221 Filio
3599 2166 3700 2237 qui

2057 2259 2360 2329 Sapientia
2389 2258 2491 2313 Dei
2525 2258 2713 2314 Patris
2746 2262 2854 2325 est,
2888 2263 3085 2312 creata
3115 2261 3254 2312 sunt
3283 2256 3520 2323 omnia;
3545 2255 3700 2310 unde

2055 2347 2117 2401 in
2148 2347 2259 2402 hoc
2284 2346 2410 2401 loco
2441 2352 2499 2402 et
2526 2346 2854 2401 secundum
2881 2346 3040 2401 hunc
3070 2344 3511 2411 sensum,idem
3552 2343 3706 2398 valet

2053 2439 2115 2492 In
2145 2436 2433 2508 Sapientia
2491 2452 2558 2491 ac
2608 2438 2666 2490 In
2716 2436 2881 2492 Filio.
2926 2457 2955 2485 ››
3003 2436 3298 2491 Hactenus
3350 2434 3468 2490 ille.
3503 2435 3704 2503 Neque

2054 2527 2292 2596 mirum,
2328 2527 2376 2581 si
2408 2526 2601 2581 Aristo
2631 2524 2879 2580 Pellmus
2904 2524 3097 2581 locum
3142 2525 3323 2579 istum
3356 2540 3425 2577 ex
3451 2525 3700 2593 Targum

2053 2607 2584 2680 Hierosolymitano
2602 2607 3015 2680 desumpserit.
3041 2606 3287 2661 consilio
3310 2605 3699 2674 institutoque

2055 2715 2158 2753 suo
2191 2698 2345 2752 haud
2380 2713 2588 2769 parum
2621 2703 3085 2769 congruentem;
3114 2695 3213 2765 qui
3248 2693 3475 2749 scilicet
3502 2694 3703 2764 dispu-

2054 2788 2341 2842 tationem
2374 2803 2542 2842 suam
2574 2787 2646 2841 De
2680 2786 2891 2841 Christo
2922 2784 2982 2838 in
3005 2784 3213 2854 primis
3235 2781 3558 2854 inscripsit,
3577 2782 3715 2852 qui»

2052 2893 2166 2946 que
2194 2892 2315 2931 non
2343 2876 2532 2932 solum
2554 2877 2827 2930 Jasonem
2863 2873 3260 2929 Christianum
3294 2869 3400 2925 ἀπὸ
3423 2874 3529 2924 τῶν
3559 2871 3701 2924 Ἰου-

2052 2961 2252 3019 δκῖκῶν
2275 2969 2519 3043 γραφῶν,
2571 2982 2640 3020 ea:
2698 2967 2827 3035 ipsis
2877 2964 3194 3018 ludiarum
3253 2962 3447 3017 litteris
3494 2961 3699 3032 dispu-

2050 3061 2296 3126 tantem,
2351 3073 2555 3112 verum
2601 3057 2781 3111 etiam
2845 3053 3155 3124 Papiscum
3212 3052 3524 3108 Hebraeum
3596 3050 3698 3104 οὐκ

2050 3146 2289 3223 ἀγεννῶς
2314 3142 2427 3200 οὐδ’
2460 3147 2717 3218 ἀπρεπῶς
2744 3148 2823 3216 τῷ
2872 3140 3178 3214 Ἰουδαῖκῷ,
3211 3150 3429 3198 strenue
3456 3145 3719 3212 satisque.

2046 3236 2277 3291 Judaice
2305 3234 2811 3291 contradicentem
2842 3234 3099 3302 induxit,
3149 3238 3214 3288 ut
3271 3231 3448 3287 modo
3480 3247 3699 3288 assere-

287 3308 387 3380 νου
416 3328 550 3403 πρὸς
582 3308 672 3382 τὸν
705 3328 892 3403 Λόγον.
927 3308 990 3386 Id
1021 3308 1111 3387 est
1139 3348 1151 3387 :
1187 3355 1215 3382 «
1248 3308 1363 3402 ligo
1397 3308 1605 3389 tamen.
1636 3308 1936 3406 cuperem,

2058 3325 2149 3379 bat
2167 3325 2471 3398 Origenes.
2505 3323 2672 3380 Haud
2702 3324 2980 3395 equidem
3030 3323 3259 3395 ignoro,
3320 3321 3458 3376 huic
3502 3321 3696 3375 Barto-

289 3434 710 3491 quemcunque
740 3426 874 3491 post
903 3420 1106 3476 audita
1143 3422 1391 3494 grandia
1439 3423 1590 3479 Celsi
1636 3423 1831 3489 verba,
1866 3423 1946 3478 di-

288 3508 481 3564 centis
513 3510 864 3581 opusculum
896 3511 1272 3583 inscriptum,
1308 3535 1336 3563 »
1366 3514 1599 3569 JaSOnis
1632 3518 1689 3568 et
1714 3513 1943 3584 Papisci

288 3599 589 3654 contentio
617 3598 689 3655 de
712 3599 966 3669 Christo,
1001 3622 1031 3650 »
1065 3622 1093 3652 ‹‹
1115 3617 1237 3655 non
1270 3601 1391 3655 risu
1424 3602 1529 3657 sed
1558 3601 1692 3657 odio
1745 3602 1943 3673 potius

286 3689 530 3760 dignum
559 3707 710 3759 esse,
745 3697 986 3764 accepto
1007 3692 1069 3747 in
1101 3708 1315 3748 manus
1340 3691 1941 3762 libello,aliquantum

284 3795 483 3851 operae
515 3779 760 3836 lectioni
795 3781 927 3852 ejus
955 3782 1278 3846 insumere,
1311 3787 1397 3849 ut,
1430 3799 1492 3837 re
1542 3781 1671 3854 ipsa
1713 3782 1942 3849 doctus,

281 3867 438 3923 Celsi
461 3870 966 3941 vaniloquentiam
998 3871 1429 3941 damnct,nihil
1461 3871 1595 3928 odio
1618 3872 1941 3945 dignumin

281 3973 350 4011 eo
388 3957 538 4013 libro
573 3961 899 4030 reperiens.
934 3963 1133 4032 Neque
1167 3962 1347 4017 etiam
1378 3961 1701 4035 quidquam
1720 3961 1943 4016 ridicu-

275 4045 405 4101 lum
438 4048 500 4102 in
530 4047 633 4103 illo
664 4048 926 4105 inveniet
958 4066 971 4117 ;
1006 4051 1066 4105 in
1115 4068 1233 4122 quo
1292 4051 1519 4106 scilicet
1573 4050 1942 4106 Christianus

278 4136 592 4193 inducitur
613 4155 746 4193 cum
777 4139 980 4194 Judaeo
1013 4139 1346 4210 disputans,
1379 4146 1556 4211 atque
1585 4157 1655 4195 ex
1682 4139 1826 4211 ipsis
1854 4141 1943 4195 Ju-

278 4227 545 4282 daeorum
580 4231 905 4301 Scripturis
928 4231 1226 4295 evincens,
1246 4233 1668 4301 prophetarum
1703 4232 1944 4287 oracula

281 4317 357 4372 de
382 4319 612 4373 Christo
643 4320 715 4374 ad
742 4322 940 4374 Jesum
963 4321 1298 4391 pertinere;
1328 4306 1668 4390 quanquam
1702 4327 1942 4376 strenue

279 4406 546 4478 satisque
576 4409 814 4464 Judaice
868 4408 1236 4464 contradicat
1291 4409 1685 4464 adversarius.
1718 4433 1738 4459 ι
1774 4410 1942 4475 Quod

281 4502 486 4552 autem
549 4515 619 4552 ex
675 4497 927 4571 Origene
961 4496 1034 4569 (‘7)
1096 4497 1322 4570 colligit
1373 4497 1789 4553 Tillemontius
1841 4499 1937 4566 (8),

279 4586 551 4658 ejusdem
591 4586 775 4642 libelli
810 4592 1113 4643 auctorem
1143 4586 1255 4642 hoc
1311 4586 1534 4642 dictum
1588 4587 1831 4656 ursisse,
1864 4589 1938 4643 ad

2049 3413 2214 3469 loccii
2249 3414 2558 3470 sententia:
2590 3413 2690 3468 illa
2719 3412 2975 3474 ofﬁcere,
3015 3427 3146 3481 quas
3196 3409 3267 3465 de
3301 3410 3471 3465 istius
3529 3424 3704 3480 para—
3744 3456 3749 3465 .

2049 3504 2303 3574 phrastaa
2361 3501 2877 3572 Hierosolymitani
2909 3506 3145 3556 aetatea
3204 3498 3503 3569 plerisque
3561 3498 3700 3553 viris

2049 3594 2257 3660 doctis,
2282 3593 2657 3663 potissimum
2674 3608 2809 3647 vero
2839 3607 2875 3646 a
2895 3590 3118 3645 Morino
3139 3588 3251 3661 (12)
3271 3589 3701 3655 edisseruntur,

2049 3681 2447 3737 statuentibus
2477 3680 2646 3735 illum
2696 3679 2908 3735 saeculo
2948 3695 3000 3733 v1
3027 3678 3212 3734 fuisse
3258 3676 3649 3733 recentiorem
3685 3693 3700 3743 ;

2048 3771 2376 3843 utproinde
2398 3769 2747 3843 paraphrasi
2765 3768 2864 3840 huj
2875 3768 3106 3824 usmodi
3133 3767 3291 3823 haud
3313 3766 3398 3822 uti
3423 3765 3643 3822 saeculo
3663 3783 3699 3831 ιι

2046 3870 2306 3941 potuerit
2359 3869 2576 3924 Aristo.
2639 3870 2851 3923 Verum
2902 3866 3039 3922 huic
3089 3864 3408 3937 objectioni
3440 3864 3701 3920 occurrit

2045 3959 2349 4015 Waltonus
2388 3960 2518 4030 (13),
2585 3957 2883 4030 duplicem
2950 3956 3249 4012 exstitisse
3301 3953 3697 4025 Paraphrasin

2048 4048 2645 4121 Hierosolymitanam
2705 4048 3145 4103 demonstrans.
3199 4046 3325 4110 Qua
3356 4043 3427 4099 de
3457 4059 3521 4098 re
3553 4058 3701 4097 non-

2047 4138 2214 4194 nulla
2236 4139 2481 4210 insuper
2512 4138 2755 4194 Wolﬁus
2773 4137 3207 4209 (14).Ca2terum
3228 4135 3498 4191 eamdem
3523 4132 3700 4202 hujus

2047 4229 2160 4283 loci
2191 4230 2484 4284 Geneseos
2507 4227 3062 4301 interpretationem
3086 4225 3158 4280 ab
3177 4225 3449 4279 Aristone
3467 4221 3702 4278 adhibi-
3762 4238 3765 4239 '

2048 4325 2191 4387 tam,
2223 4318 2423 4374 hausit
2451 4317 2678 4383 itidem,
2736 4323 2805 4371 ut
2860 4317 3112 4381 videtur,
3172 4330 3241 4368 ex
3299 4311 3699 4367 vetustissimo

2045 4408 2555 4481 pseudepigrapho
2608 4406 3026 4461 Prwd-icationis
3081 4404 3235 4459 Petri
3264 4401 3534 4456 Clemens
3566 4397 3698 4453 Ale-
3734 4480 3735 4483 η

2045 4497 2372 4553 xandrinus
2402 4498 2536 4566 (15),
2555 4500 2621 4550 ut
2649 4495 2798 4550 alios
2825 4496 3029 4548 Patres
3063 4497 3479 4563 prmtereamus
3505 4503 3517 4551 ;
3540 4485 3701 4558 quod

2049 4587 2291 4657 quidem
2340 4585 2559 4657 fugisse
2591 4582 2867 4639 Grabium
2907 4582 3018 4654 (16)
3052 4578 3253 4634 mirari
3287 4577 3461 4631 subit.
3496 4576 3698 4646 Neque
3728 4626 3731 4629 γ

278 4692 482 4731 mores
512 4677 922 4732 informandos
968 4693 1147 4747 quam
1178 4678 1434 4732 maxime
1465 4676 1646 4732 utile:
1673 4699 1701 4727 ‹‹
1734 4678 1937 4734 Omnis
1966 4666 2014 4733 D
2044 4677 2287 4732 omnino
2305 4675 2581 4731 dissentit
2604 4675 2860 4745 ipsemet
2887 4668 3410 4741 llieronymus,qui
3436 4667 3473 4723 1.
3497 4685 3547 4723 c.
3572 4666 3699 4721 hznc

281 4766 591 4836 sapientiae
621 4767 844 4822 fontem
871 4783 998 4821 esse
1031 4782 1098 4821 ac
1127 4765 1509 4837 principium,
1532 4782 1740 4822 omnes
1756 4767 1938 4822 actio-

278 4871 392 4910 nes
423 4871 493 4908 eo
514 4854 756 4920 referre,
791 4860 857 4909 ut
881 4856 995 4911 Deo
1019 4855 1314 4927 placeant,
1342 4873 1409 4911 ac
1441 4872 1515 4911 ne
1547 4857 1805 4929 cogitare
1820 4856 1939 4928 qui-

283 4943 420 4998 dem
436 4943 760 5014 quidquam
786 4942 941 5015 quod
968 4943 1048 4998 illi
1070 4944 1382 5015 displiceat
1402 4961 1415 5011 ;
1432 4946 1649 5017 quippe
1663 4962 1796 5001 cum
1815 4962 1937 5000 non

284 5033 482 5088 solum
506 5033 665 5087 dicta
686 5039 745 5087 et
762 5032 1047 5102 facta,sed
1070 5035 1248 5088 etiam
1269 5034 1654 5106 cogitationes
1668 5034 1936 5106 judican-

283 5121 375 5177 daa
399 5123 553 5178 sint:
587 5144 615 5172 »
659 5123 719 5177 id
770 5123 1009 5193 quidem
1063 5123 1259 5178 minus
1303 5131 1463 5179 recte
1511 5125 1820 5196 collegisse
1849 5126 1936 5179 vir

355 5268 431 5348 (ti)
454 5266 690 5348 Origen.
715 5270 1082 5348 contn._(_.'cls.,
1113 5266 1211 5321 lib.
1252 5285 1323 5332 ιν,
1356 5271 1381 5336 §
1412 5271 1500 5335 52,
1535 5274 1678 5324 tom.
1716 5271 1761 5337 Ι,
1796 5287 1927 5325 nov.

282 5340 426 5395 edit.
454 5340 617 5392 Paris
652 5381 664 5397 .
698 5355 825 5409 pag.
858 5342 983 5392 544.

350 5413 434 5480 (7)
466 5410 544 5465 id.
582 5410 697 5464 ibid
729 5454 740 5476 ,
774 5417 800 5478 ᾗ
832 5414 920 5471 53,
954 5427 1082 5481 pag.
1119 5413 1244 5473 545,
1279 5411 1494 5465 noviss.
1549 5412 1689 5466 edit.
1742 5413 1926 5467 Paris.

280 5483 391 5539 Ubi
438 5488 637 5535 tamen
690 5482 913 5551 absque
971 5482 1149 5536 ullius
1208 5498 1317 5535 ms.
1373 5481 1500 5537 eod.
1555 5484 1927 5549 auctoritate,

274 5550 564 5627 ὠφελείας,
598 5570 702 5623 pro
736 5550 943 5627 σοφίας,
978 5553 1208 5627 legitur.

339 5613 424 5695 ’(8)
456 5613 686 5698 Τιιιεὶω.
720 5614 875 5679 Mein.
910 5613 1116 5698 acciti/3.,
1149 5630 1289 5678 tom.
1325 5629 1371 5681 ll
1423 5643 1552 5698 pag.
1591 5628 1709 5680 138,

348 5698 428 5769 (91
462 5697 681 5750 Maran.
732 5698 836 5750 Vit.
887 5698 925 5751 S
1002 5696 1287 5765 Cypriani,
1320 5696 1448 5767 ejus
1507 5696 1651 5769 Opp.
1701 5698 1923 5769 praeﬁx.

273 5771 301 5838 §
337 5771 582 5838 36,pag.
619 5769 740 5833 130,
773 5769 911 5821 edit.
943 5769 1127 5823 Paris.
1164 5768 1320 5823 1726.

351 5838 466 5911 (10)
500 5838 740 5911 Hieron.
775 5839 854 5891 lih
909 5841 1110 5903 Quaest.
1147 5839 1304 5893 Hebr.
1339 5843 1395 5893 in
1442 5843 1598 5906 Gem,
1634 5839 1740 5893 sub
1792 5840 1922 5894 init.

349 5915 462 5986 (11)
486 5910 805 5968 Bartolocc.
837 5912 977 5968 Bibl.
1008 5911 1265 5981 Baebia,
1306 5919 1457 5983 part.
1491 5929 1568 5985 ιιι,
1595 5928 1725 5984 pag.
1758 5914 1810 5966 2.

2052 4766 2267 4819 habet:
2302 4787 2327 4813 «
2357 4764 2532 4835 Magis
2561 4764 2761 4832 itaque
2811 4761 3137 4816 secundum
3197 4775 3461 4821 sensum,
3518 4771 3697 4825 quam

2049 4853 2372 4908 secundum
2400 4851 2559 4906 verbi
2587 4851 3082 4923 [translationem,
3114 4847 3187 4901 de
3245 4846 3476 4900 Christo
3508 4843 3692 4913 accipi
3788 4880 3793 4881 κ
3880 4858 3901 4917 λ
3922 4854 3973 4939 ,ζ

2047 4951 2279 5017 potest;
2307 4944 2407 5016 qui
2430 4950 2549 5000 tam
2582 4944 2644 4998 in
2666 4943 2795 5015 ipsa
2838 4943 3029 4998 fronte
3049 4942 3340 4996 Geneseos
3362 4954 3490 5008 quae
3518 4939 3695 5005 caput

2048 5036 2314 5091 omnium
2337 5033 2621 5089 librorum
2641 5039 2934 5102 est,quam
2954 5030 3131 5086 etiam
3150 5030 3211 5083 in
3226 5026 3515 5099 principio
3530 5026 3696 5080 Joan-
3764 5022 3771 5029 “

2046 5126 2140 5181 nis
2163 5122 2702 5197 Evangelistm,coeli
2716 5129 2774 5178 et
2791 5129 2961 5177 terras
2985 5120 3257 5177 conditor
3276 5116 3695 5189 approbatur.»

2043 5286 2207 5324 num.
2234 5272 2358 5323 584.

2113 5342 2225 5410 (12)
2257 5340 2463 5396 Morin.
2496 5339 2596 5394 lib.
2635 5355 2693 5401 ιι,
2730 5339 2953 5392 Emercit
3002 5334 3143 5389 Bibl.
3210 5350 3329 5401 vm,
3385 5347 3512 5403 cap.
3547 5332 3600 5397 7,
3632 5346 3689 5401 p.

2042 5414 2503 5553 34ῗ13ῗᾛξίειηοιι.
2549 5482 2854 5549 Prolegom.
2891 5495 2994 5552 xu,
3052 5480 3112 5533 in
3166 5476 3313 5532 Bibl.
3366 5473 3689 5545 polyglott.,

2109 5626 2216 5694 (14)
2251 5626 2415 5679 Wolf.
2443 5623 2587 5678 Bibl.
2616 5624 2801 5692 Helm,
2836 5628 2975 5695 tom.
3010 5622 3080 5686 II,
3114 5636 3243 5692 pag.
3278 5619 3442 5695 11679.
3564 5688 3661 5695 ΜΔ
3716 5694 3719 5695 ν
3776 5668 3787 5675 .

2112 5688 2433 5777 (lSLClem.
2459 5696 2624 5751 Alex.
2658 5688 2860 5749 Strdm.
2895 5694 3001 5747 lib.
3058 5688 3132 5760 νι,
3191 5688 3319 5763 cap.
3354 5694 3408 5756 7,
3470 5706 3530 5760 p.
3562 5688 3688 5753 769,

2039 5767 2180 5822 edit.
2215 5768 2394 5839 Oxop.

2112 5841 2223 5911 (16)
2249 5838 2419 5894 Grab.
2454 5839 2645 5911 Spicil.
2684 5839 2773 5893 SS.
2812 5839 2910 5894 SS.
2946 5854 2982 5902 ι,
3020 5836 3060 5890 1.
3097 5850 3265 5909 pagg.
3300 5835 3371 5889 62
3399 5830 3489 5890 68.

2038 5556 2091 5622 ἐξ
2124 5555 2179 5606 11
2214 5556 2381 5609 etii.

4016 2930 4019 2995 1

4018 3016 4019 3043 1

4017 3058 4019 3143 1

4018 3202 4019 3243 1

4018 3260 4019 3297 1

4018 3300 4019 3345 1

4015 3352 4019 3479 1

4017 3518 4019 3571 1

4017 3706 4019 3737 l

4017 3762 4019 3793 l

4016 3936 4019 4005 ι

4015 4134 4019 4241 l

4015 4244 4019 4405 1

4016 4494 4019 4579 1

4018 4588 4019 4669 1

4017 5012 4019 5121 1
