4000 6220
443 355 596 418 i275

1760 346 2172 412 ARISTONIS
2213 349 2520 416 PELLEI

3632 366 3740 426 1276

515 489 587 544 Il.
632 487 816 560 Hujus
873 501 1009 540 vero
1056 481 1460 553 Dzsputationis
1503 481 1860 553 jamdudum
1917 480 2091 554 periit
2122 479 2174 548 Α
2205 483 3234 560 stonianiopusculiversionem,nos
3265 487 3396 544 alibi
3425 495 3750 563 opportunius,

441 585 633 636 textus
665 571 1217 646 Graecus,periitque
1246 572 1420 628 simul
1447 573 1803 645 perantiqua
1821 571 2089 645 ejusdem

443 665 710 738 opusculi
742 662 944 718 Latina
973 659 1188 730 versio,
1213 676 1247 715 a
1277 659 1444 716 Celso
1469 659 1727 732 quodam
1761 676 1902 716 sene
1934 659 2095 714 Chri-

441 756 632 811 stiano
665 752 982 808 elaborata.
1017 751 1156 823 Ejus
1178 755 1375 806 tamen
1389 756 1660 822 superest
1690 748 2091 822 epistolasatis

445 844 682 915 elegans
714 846 893 912 atque
925 839 1176 910 erudita,
1211 857 1327 912 qua
1359 839 1563 912 Vigilio
1597 839 1872 911 episcopo
1905 839 2090 893 inter-

441 933 837 1006 pretationem
869 947 1038 987 suam
1070 931 1456 1002 nuncupavit,
1483 929 1639 985 inter
1684 946 1864 1002 opera
1895 929 1950 984 S.
1984 929 2090 999 Cy-

442 1023 650 1095 priano
675 1022 930 1094 ascripta
961 1021 1072 1094 (17)
1107 1035 1121 1087 ;
1154 1019 1311 1076 unde
1343 1019 1633 1075 nonnulla
1663 1019 1969 1088 discimus,
2020 1016 2094 1073 ad

441 1113 637 1184 ipsum
668 1116 893 1168 textum
925 1109 1302 1183 deperditum
1334 1109 1716 1182 pertinentia,
1749 1125 1880 1180 quas
1911 1107 1996 1163 sic
2033 1123 2094 1162 se

440 1204 664 1259 habent
693 1202 806 1277 (18)
840 1219 852 1256 :
879 1224 906 1252 ‹‹
939 1200 1093 1256 Illud
1113 1200 1467 1273 praeclarum
1498 1205 1675 1272 atque
1706 1197 2095 1256 memorabile

440 1295 877 1368 gloriosumque
911 1293 1142 1348 Jasonis
1174 1291 1403 1347 Hebraei
1434 1291 1752 1347 Christiani
1779 1295 1836 1346 et
1864 1287 2097 1362 Papisci

445 1383 828 1440 Alexandrini
853 1382 1038 1439 Judaei
1099 1382 1512 1454 disputationis
1544 1381 1836 1448 occurrit;
1867 1378 2096 1434 Judaici

444 1475 639 1532 cordis
663 1474 1017 1530 obstinatam
1082 1473 1383 1536 duritiam,
1444 1472 1606 1527 brevi
1663 1472 1774 1543 (19)
1835 1467 2097 1526 admoni.

443 1566 602 1620 tione
656 1581 724 1620 ac
779 1564 891 1619 levi
945 1563 1348 1635 increpatione
1407 1562 1748 1628 mollitam;
1812 1565 1870 1614 et
1897 1558 2096 1614 victri—

444 1673 573 1712 cem
604 1655 663 1709 in
695 1653 922 1725 Papisci
959 1653 1133 1708 corde
1154 1653 1382 1708 Jasonis
1413 1652 1484 1707 de
1509 1650 1760 1723 Spiritus
1791 1648 1982 1705 sancti
2003 1649 2092 1702 in-

443 1746 674 1802 fusione
708 1744 1036 1799 doctrinam
1071 1761 1083 1799 :
1115 1760 1231 1814 qua
1258 1744 1541 1814 Papiscus
1599 1741 1672 1797 ad
1723 1739 2092 1796 intellectum

443 1835 706 1891 veritatis
733 1834 1117 1901 admissus,et
1141 1833 1214 1888 ad
1239 1833 1511 1888 timorem
1540 1831 1796 1895 Domini,
1819 1831 1946 1902 ipso
1969 1822 2093 1884 Do-
2127 1862 2170 1928 Β

444 1925 606 1979 mino
637 1923 980 1989 miserante,
1012 1921 1322 1991 formatus,
1355 1926 1414 1976 et
1441 1923 1640 1977 Jesum
1672 1920 1970 1975 Christum
2001 1918 2092 1972 Fi-

443 2015 589 2069 lium
623 2013 722 2069 Dei
755 2013 1090 2080 credidit,et
1111 2018 1177 2067 ut
1197 2012 1566 2084 signaculum
1599 2015 1862 2067 sumeret
1894 2009 2097 2080 depre-

442 2109 628 2170 catus,
659 2103 942 2159 Jasonem
996 2101 1330 2175 postulavit.
1391 2101 1608 2156 Probat
1663 2101 1776 2156 hoc
1807 2099 2098 2169 scriptura

442 2193 901 2248 concertationis
934 2193 1360 2264 ipsorum,qum
1390 2191 1804 2246 collidentium
1833 2189 1988 2242 inter
2010 2202 2094 2254 se,

441 2283 672 2352 Papisci
704 2282 1072 2338 adversantis
1103 2283 1354 2352 veritati,
1388 2287 1447 2337 et
1499 2280 1729 2336 Jasonis
1777 2276 2096 2336 asserentis

444 2377 502 2425 et
521 2371 874 2427 vindicantis
901 2373 1353 2442 dispositionem
1387 2377 1444 2425 et
1478 2369 1914 2442 plenitudinem
1937 2367 2096 2423 Chri'

446 2461 541 2531 sti,
574 2462 757 2518 (ἕνωσὶ
791 2462 1083 2519 sermonis
1115 2479 1292 2534 opere
1325 2462 1555 2534 signata
1606 2465 1713 2516 est.
1751 2482 1777 2510 »
1827 2461 1960 2516 llam
1991 2459 2093 2515 ibi.

513 2552 821 2624 Conjicere
843 2552 1066 2624 placuit
1087 2551 1297 2608 Grabio
1329 2551 1463 2624 (20),
1485 2553 1761 2607 Jasonem
1784 2550 2096 2606 Hebraeum

443 2643 846 2700 Christianum
877 2649 938 2699 et
964 2644 1280 2716 Papiscum
1304 2643 1573 2700 Judaeum
1606 2641 2092 2711 Alexandrinum,

444 2733 601 2790 inter
627 2752 688 2790 se
712 2735 1101 2808 disputantes,
1138 2735 1305 2790 fictas
1355 2734 1537 2790 fuisse
1570 2750 1878 2806 personas,
1910 2736 1978 2788 ut
2032 2732 2094 2787 in

445 2824 692 2897 dialogis
724 2826 853 2881 ﬁeri
886 2825 1210 2882 consuevit.
1240 2825 1388 2879 Aliis
1419 2829 1619 2881 tamen
1675 2823 1851 2879 aliter
1879 2823 2091 2879 visum.

448 2914 644 2970 Sixtus
675 2915 957 2972 Senensis
981 2917 1239 2988 primum
1268 2915 1404 2986 (21),
1427 2915 1642 2971 deinde
1663 2913 1963 2970 Pamelius
1985 2911 2093 2985 (22)

443 3019 592 3073 quos
625 3009 862 3059 secutus
895 3011 985 3059 est
1005 3004 1405 3060 Bartoloccius
1435 3004 1476 3058 1.
1506 3021 1556 3059 c.
1590 3004 1815 3075 Opinati
1836 3003 2092 3071 sunt,Ja-

441 3094 844 3149 sonemistum
872 3093 1147 3149 eumdem
1168 3093 1348 3150 fuisse
1381 3111 1516 3150 cum
1545 3096 1756 3150 Iasone
1783 3093 2092 3150 Thessalo-

439 3181 690 3249 nicensi,
722 3183 894 3254 cujus
925 3183 1331 3239 meminerunt
1364 3184 1546 3239 Lucas
1568 3184 1630 3238 in
1660 3183 1820 3239 Actis
1849 3201 1983 3253 xvu,
2033 3186 2085 3251 5,

439 3276 498 3326 et
539 3272 776 3343 Paulus,
829 3275 996 3330 Rom.
1045 3290 1160 3339 xvr,
1216 3273 1308 3339 21,
1357 3273 1520 3328 nullo
1553 3278 1751 3328 tamen
1783 3288 1813 3327 e
1844 3273 2087 3328 vetustis

440 3362 830 3433 scriptoribus
877 3363 1220 3419 testimonio
1271 3363 1334 3418 in
1383 3363 1649 3419 medium
1698 3362 1950 3418 adducto
1986 3367 2093 3429 ;ut

437 3452 685 3523 proinde
713 3454 1006 3524 Spencero
1060 3454 1192 3525 (23),
1245 3453 1615 3510 Tillemontio
1673 3452 1784 3525 (24)
1839 3452 2090 3524 aliisque

437 3543 782 3614 conjectura
811 3543 1151 3617 hujusmodi
1186 3543 1346 3599 haud
1387 3543 1690 3614 probetur.
1735 3543 2089 3616 Episcopum

436 3631 633 3703 potius
665 3637 767 3688 aut
795 3633 1003 3689 saltem
1062 3633 1475 3705 presbyterum
1505 3632 1672 3689 illum
1728 3632 1912 3688 fuisse
1955 3649 2092 3689 cum

439 3722 678 3778 Marano
705 3723 1032 3793 putaverim
1054 3724 1200 3795 (25);
1234 3723 1472 3779 Celsum
1491 3722 2093 3794 siquideminterpre-

439 3817 557 3866 tem
587 3813 764 3868 modo
797 3813 967 3868 nobis
999 3818 1380 3870 enarrantem
1403 3813 1923 3885 audivimus,quod
1945 3814 2092 3868 «Pa-

437 3903 636 3974 piscus
667 3904 741 3960 ad
767 3905 1141 3961 intellectum
1172 3905 1436 3962 veritatis
1467 3904 1870 3972 admissus,ut
1895 3904 2087 3976 signa-

438 3993 639 4049 culum
669 4000 931 4051 sumeret
957 3993 1612 4066 deprecatus,Jasonem
1634 3993 2090 4066 postulaverit.»

439 4085 640 4154 Neque
672 4084 900 4140 dubitat
922 4085 1082 4140 idem
1115 4085 1201 4139 vir
1231 4085 1460 4157 doctus,
1494 4085 1638 4157 quin
1669 4084 1884 4140 saaculo
1915 4100 1958 4140 ιι
1987 4083 2091 4138 ille

437 4173 666 4228 vixerit.
699 4175 768 4228 Et
781 4174 919 4245 jure
951 4172 1191 4246 quidem
1217 4191 1228 4228 :
1264 4175 1389 4230 haec
1420 4174 1579 4230 enim
1595 4175 1908 4246 Disputatio
1925 4172 2090 4228 Celso

438 4262 724 4332 Epicureo
742 4268 1052 4334 perspecta
1063 4262 1249 4318 fuisse
1263 4264 1919 4335 comperiturzadeoque
1936 4261 2094 4318 circa

438 4351 703 4420 ejusdem
737 4351 938 4407 saaculi
963 4352 1377 4424 medium,sive
1390 4371 1496 4426 pro
1511 4354 1730 4409 nostris
1760 4352 2092 4409 rationibus

437 4441 594 4498 circa
611 4441 822 4498 Christi
855 4459 1079 4498 annum
1112 4446 1233 4511 136,
1267 4460 1398 4500 eam
1445 4443 1629 4499 fuisse
1654 4442 1868 4498 litteris
1898 4440 2094 4497 consi-

439 4538 677 4604 gnatam
717 4533 1144 4591 existimamus.
1187 4533 1269 4590 De
1303 4533 1472 4590 Celso
1517 4538 1716 4590 autem
1746 4532 2088 4603 interprete,

437 4627 614 4694 atque
646 4621 717 4678 de
747 4623 935 4696 ipsius
964 4624 1312 4697 praefatione
1344 4623 1419 4680 ad
1459 4640 1628 4682 suam
1657 4623 1922 4681 Latinam
1950 4621 2084 4680 Ari-

506 4908 620 4979 (17)
678 4907 849 4978 Cypr.
910 4906 1158 4977 Append.
1217 4920 1348 4977 pag.
1408 4920 1677 4972 ccxxxm,
1723 4901 1865 4960 edit.
1898 4902 2083 4958 Paris.

509 5054 616 5123 (18)
650 5050 840 5114 [θεάς
875 5052 928 5117 8,

508 5117 616 5192 (19)
647 5123 739 5177 Sic
771 5117 1108 5177 emendavit
1155 5121 1226 5176 el.
1286 5122 1558 5192 Maranus
1617 5135 1690 5192 ex
1739 5117 2084 5192 codicems.

435 5190 800 5267 Remigiano,
836 5212 942 5264 pro
975 5212 1042 5250 eo
1093 5193 1252 5267 quod
1283 5197 1459 5267 antea
1494 5190 1826 5267 legebatur,
1859 5190 2088 5267 Hebraea

435 5261 758 5322 monitione.
803 5261 949 5322 Hinc
979 5261 1128 5322 vero
1144 5265 1386 5322 brevem
1424 5261 1606 5320 fuisse
1636 5261 1790 5318 hanc
1823 5264 2087 5332 Disputa-

437 5339 636 5395 tionem
670 5338 1026 5412 colligimus.

503 5416 610 5482 (20)
643 5407 1034 5481 Grabepicil.
1070 5410 1167 5466 SS.
1200 5409 1335 5476 PP.,
1368 5411 1512 5482 tom.
1549 5407 1620 5473 ll,
1649 5423 1708 5478 p.
1752 5408 1869 5482 129.

502 5477 616 5555 (21)
649 5484 791 5537 Sixt.
826 5477 962 5538 Sén.
997 5482 1138 5537 Bibl.
1170 5486 1373 5549 sanct.,
1424 5479 1529 5534 lib.
1592 5477 1666 5547 n,
1698 5495 1757 5549 p.
1790 5481 1879 5545 71,
1941 5477 2084 5533 edit.

432 5555 618 5608 Paris.
645 5558 802 5610 1610.

505 5627 616 5692 (22)
647 5623 870 5696 Pamel.
902 5625 964 5680 in
1012 5628 1138 5681 not.
1189 5623 1264 5680 ad
1295 5639 1500 5696 opusc.
1550 5623 1628 5680 De
1685 5620 1900 5678 incred.
1931 5621 2087 5688 Jud.,

435 5695 610 5765 inter.
644 5695 789 5765 Qpp.
823 5695 992 5765 Cypr.

509 5763 617 5832 (23)
649 5762 927 5831 Spence'r‘.
959 5765 1174 5822 Adnot.
1202 5765 1276 5822 ad
1320 5766 1425 5824 lib.
1486 5781 1560 5826 ιγ.
1629 5764 1860 5838 Origen.
1911 5769 2086 5826 contr.

1003 5066 1092 5122 ag.
1117 5065 1418 5122 ccitxxvm.

2270 574 2364 630 III.
2387 576 2585 648 Neque
2619 582 2848 635 tantum
2908 581 3125 636 Iasonis
3169 584 3220 635 et
3278 579 3481 651 Papisci
3506 583 3755 644 Alter-catio-

2200 680 2341 734 nem,
2392 683 2594 723 verum
2649 670 2828 726 etiam
2883 672 3083 727 Rerum
3152 670 3486 726 orientalium
3535 673 3754 732 historiam

2203 757 2398 812 Aristo
2421 759 2670 817 Pellaaus
2702 761 3013 834 scripsisse
3044 760 3293 816 videtur.
3324 761 3592 833 Siquidem
3618 766 3756 822 Moses

2205 847 2619 922 Chorenensis,
2651 852 3003 908 Armeniace
3041 856 3098 907 et
3152 851 3348 906 Latine
3404 869 3434 906 a
3459 853 3695 910 Gulielmo
3719 863 3758 910 et

2205 937 2448 1012 Georgio
2479 941 2824 997 Wisthoniis
2855 958 3046 1014 nuper
3076 940 3321 996 Londini
3344 941 3626 1014 evulgatus,
3643 961 3759 1001 com-

2204 1026 2375 1097 plura
2404 1029 2582 1086 refert
2614 1031 2676 1086 in
2706 1048 2814 1087 sua
2843 1033 3091 1087 Historia
3121 1032 3449 1088 Armeniaca
3475 1033 3586 1102 (26),
3612 1050 3664 1087 ex
3687 1052 3761 1090 au-

2204 1120 2365 1173 ctore
2402 1125 2605 1177 nostro
2634 1120 2932 1193 descripta
2964 1139 2978 1189 ;
3012 1137 3266 1192 quorum
3300 1120 3563 1176 nonnulla
3586 1137 3689 1176 cum
3710 1122 3763 1178 iis

2203 1208 2440 1280 gemina
2466 1226 2592 1266 esse
2624 1211 3173 1283 perhibentur,quae
3204 1227 3274 1266 ex
3306 1210 3427 1282 ipso
3447 1211 3766 1266 Aristonetra-

2205 1297 2292 1352 dit
2316 1299 2602 1356 Eusebius
2647 1302 2796 1374 (27);
2853 1301 3084 1372 reliqua
3142 1316 3277 1354 vero
3339 1298 3488 1354 haud
3541 1299 3609 1354 ita
3641 1299 3764 1355 facile

2205 1387 2360 1458 apud
2382 1387 2528 1444 alios
2586 1389 2904 1462 scriptores
2963 1394 3320 1446 occurrunt:
3354 1389 3645 1460 cujusmodi
3670 1398 3766 1443 sunt

2205 1495 2335 1549 quae
2363 1479 2434 1535 de
2466 1486 2655 1536 morte
2688 1481 2909 1537 Artasis
2941 1482 3039 1548 III,
3071 1481 3420 1535 Parthorum
3469 1479 3620 1550 regis,
3644 1495 3768 1533 enar-

2204 1574 2435 1640 rantur,
2478 1570 2586 1625 sub
2634 1570 2893 1626 Adriano
2949 1570 3252 1643 regnantis
3299 1587 3314 1635 ;
3393 1568 3602 1638 aliaque
3661 1585 3768 1639 prm-

2205 1663 2388 1726 terea,
2455 1661 2631 1734 digna
2695 1661 2872 1733 plane
2941 1678 3072 1732 qum
3123 1660 3397 1716 solertius
3452 1659 3768 1714 excutiantur.

2205 1751 2404 1820 Neque
2429 1752 2589 1805 enim
2621 1751 2862 1807 demum
2883 1750 3128 1806 omnino
3163 1749 3771 1805 contemnendusauctor

2203 1838 2314 1894 iste
2344 1841 2658 1907 Armenus,
2692 1840 2795 1912 qui
2827 1840 3044 1897 smculo
3103 1857 3132 1892 v
3169 1840 3440 1895 floruisse
3465 1838 3768 1908 comperitur.

2204 1929 2335 1983 Fuit
2365 1928 2460 1984 ille
2494 1930 2734 2000 quidem
2756 1929 3446 1998 mediocriterdoctus,ut
3473 1928 3537 1982 de
3557 1928 3771 1998 ipsocen-

2205 2022 2338 2072 sent
2367 2019 2582 2075 eruditi
2606 2020 2862 2075 editores
2882 2017 3290 2075 Londinenses
3318 2019 3424 2088 (28)
3449 2015 3770 2084 ;atilludsane

2202 2107 2526 2179 ingenuum
2563 2109 2622 2164 in
2668 2126 2735 2166 eo
2766 2109 3228 2182 agnoscendum,
3264 2107 3421 2179 quod
3462 2107 3572 2161 fere
3601 2121 3773 2176 semper

2200 2197 2396 2253 fontes
2435 2199 2678 2270 indicet,
2710 2199 2871 2255 unde
2909 2216 3045 2254 suas
3102 2197 3502 2254 enarrationes
3532 2195 3770 2248 hauserit:

2202 2289 2346 2358 quin
2378 2294 2438 2344 et
2465 2289 2613 2345 illud
2672 2290 2799 2362 ejus
2831 2291 3081 2345 Historiae
3129 2289 3452 2360 plurimum
3484 2284 3773 2343 auctoritatis

2201 2377 2515 2436 conciliare
2528 2396 2703 2435 nemo
2728 2380 2961 2435 inficias
2987 2379 3176 2445 iverit,
3201 2377 3366 2449 quod
3396 2376 3642 2448 epistolas
3682 2373 3776 2428 alia-

2201 2484 2315 2539 que
2345 2475 2736 2526 monumenta
2751 2468 2909 2525 velut
2922 2486 2952 2524 e
2973 2467 3230 2541 publicis
3256 2467 3469 2522 tabulis
3482 2465 3775 2537 deprompta,

2199 2557 2261 2612 in
2276 2575 2448 2614 suum
2471 2575 2617 2631 opus
2639 2559 3056 2632 conjecerit,ut
3075 2556 3328 2630 proinde
3342 2555 3477 2612 licet
3495 2553 3774 2626 quandoque

2192 2647 2511 2720 judicium,
2549 2649 2729 2704 ﬁdem
2761 2654 2960 2704 tamen
2984 2649 3113 2720 ejus
3144 2664 3276 2703 raro
3305 2645 3615 2702 desideres.

2270 2737 2381 2792 Sed
2410 2742 2477 2794 ut
2515 2738 2590 2794 ad
2621 2738 2960 2794 Aristonem
3012 2743 3407 2804 revertamur,
3440 2734 3560 2805 ejus
3577 2729 3774 2788 Historia

2199 2828 2461 2883 orientali
2491 2828 2706 2900 potiori
2731 2829 2869 2901 jure
2900 2826 3282 2884 tribuendum
3307 2824 3684 2881 existimamus
3704 2820 3779 2875 fra-

2199 2921 2505 2989 gmentum
2537 2917 2588 2985 1,
2622 2917 2779 2988 quod
2809 2932 3186 2989 praspropere
3219 2914 3501 2970 Grabium
3534 2910 3708 2972 secuti,
3731 2924 3777 2961 ex

2197 3006 2449 3062 Eusebio
2481 3007 2860 3079 protulimus,
2876 3011 3163 3077 tanquam
3194 3022 3267 3060 ex
3300 3004 3651 3060 Altercatione
3673 2999 3778 3052 Iaso-

2196 3099 2282 3153 nis
2297 3103 2348 3151 et
2363 3098 2584 3167 Papisci
2597 3096 2668 3152 ab
2684 3112 2750 3152 eo
2766 3094 3279 3168 desumptum,ubi
3294 3093 3370 3149 de
3391 3093 3649 3147 Bettherae
3663 3087 3777 3142 urbis

2199 3186 2510 3243 obsidione
2533 3203 2601 3242 ac
2623 3185 3168 3257 Hierosolymorum
3194 3183 3428 3239 excidio
3459 3197 3632 3236 sermo
3657 3175 3779 3232 habe-

2201 3279 2510 3348 tur.Atque
2543 3277 2603 3332 id
2617 3276 2858 3348 quidem
2889 3275 3138 3331 suadere
3166 3273 3523 3347 perspicitur
3541 3273 3777 3325 contextus

2197 3367 2457 3438 Eusebii,
2488 3367 2588 3439 qui
2619 3371 2833 3440 praeter
2861 3366 3049 3422 altum
3079 3364 3151 3420 de
3199 3364 3573 3434 Disputatione
3611 3357 3778 3413 Aristo-

2198 3459 2381 3514 niana
2410 3457 2736 3527 silentium,
2769 3457 2922 3513 hanc
2972 3456 3216 3527 insuper
3240 3452 3524 3526 loquendi
3554 3449 3778 3505 rationem

2197 3552 2445 3620 usurpat
2477 3563 2490 3603 :
2519 3544 2785 3620 Ἀρίστων
2815 3545 2843 3599 ὁ
2876 3543 3151 3605 Πελλαῖος
3181 3543 3414 3616 ἱστορεῖ.
3445 3539 3643 3598 Eodem
3680 3537 3777 3590 item

2199 3654 2379 3694 sensu
2404 3636 2582 3694 verba
2609 3635 2847 3693 Eusebii
2869 3635 3166 3706 accepisse
3207 3637 3555 3699 noscuntur,
3583 3629 3684 3683 sive
3707 3623 3778 3678 do-

2199 3732 2328 3782 ctus
2349 3725 2537 3798 ipsius
2558 3725 2854 3797 interpres
2876 3722 3291 3789 Valesius,sive
3322 3721 3579 3779 cl.abbas
3600 3716 3658 3770 de
3679 3715 3778 3768 Lon~

2197 3830 2416 3889 guerue
2447 3815 2560 3887 (29)
2585 3833 2598 3882 ;
2625 3814 2842 3885 quibus
2862 3820 3064 3869 tamen
3104 3811 3366 3884 Scaliger
3387 3801 3780 3882 praaivissevideo

2198 3911 2295 3962 tur
2324 3907 2456 3979 (30).
2489 3905 2602 3962 Sed
2634 3906 2695 3960 in
2726 3905 2934 3976 primis
2983 3904 3044 3959 id
3092 3919 3329 3974 quoque
3387 3903 3566 3956 Moses
3616 3895 3778 3950 Chore-

2199 3997 2408 4052 nensis
2466 3996 2660 4068 palam
2710 3994 2977 4067 profiteri
3037 3998 3364 4060 censetur;
3415 3991 3659 4062 quicum
3698 3996 3779 4037 uno

2199 4087 2529 4158 eodemque
2550 4092 2756 4142 tenore
2801 4091 2927 4141 tum
2958 4083 3311 4151 Eusebiana,
3373 4087 3497 4136 tum
3527 4077 3590 4133 de
3615 4070 3779 4131 Artasis

2199 4177 2553 4232 Parthorum
2585 4176 2739 4248 regis
2772 4174 2938 4230 obitu
2968 4173 3185 4228 litteris
3213 4171 3453 4236 tradita,
3485 4185 3552 4224 ex
3579 4168 3684 4238 ipso
3699 4159 3781 4216 Ari-

2200 4272 2370 4324 stone
2393 4266 2721 4332 describat;
2754 4282 2826 4320 ex
2855 4265 2984 4336 ejus
3012 4262 3209 4335 potius
3239 4260 3498 4316 Historia
3525 4257 3615 4312 illa
3634 4248 3778 4307 omnia

2199 4357 2449 4422 eruisse,
2472 4371 2651 4426 quam
2682 4371 2752 4409 ex
2781 4353 3020 4409 laudata
3077 4352 3466 4422 Disputatione
3515 4342 3778 4403 dicendus:

2198 4447 2337 4502 licet
2374 4445 2535 4501 enim
2582 4445 2759 4500 Jason
2817 4447 2875 4499 et
2932 4441 3235 4512 Papiscus,
3278 4444 3345 4494 ut
3373 4435 3660 4494 contendit
3681 4433 3777 4485 Gra-

2199 4535 2332 4591 bius
2363 4536 2494 4607 (31),
2527 4533 2598 4590 de
2633 4533 2918 4588 Bettheraa
2962 4528 3270 4585 obsidione
3294 4527 3488 4598 deque
3514 4523 3777 4607 Judaeum}

2118 4604 2163 4670 Ῑ)
2196 4603 2463 4682 Οὶᾶάθήίῐί
2489 4640 2557 4680 eo
2586 4622 2818 4695 dialogo
2857 4619 3036 4677 verba
3089 4617 3297 4675 fecisse
3345 4615 3634 4690 potuerint
3660 4631 3672 4676 ;
3697 4603 3774 4660 veri

2197 4901 2642 5062 ffé’iipiiiiém.
2677 4971 2836 5026 Mem.
2879 4967 3034 5030 βοείη
3071 4971 3214 5022 tom.
3241 4965 3313 5034 ll,
3347 4981 3405 5034 p.
3458 4964 3570 5030 139,
3600 4955 3776 5021 etX,p.

2195 5048 2380 5187 50(22.5)
2410 5113 2792 5187 Maran.MVit.
2829 5110 2993 5187 Cypr.
3024 5124 3153 5187 pag.
3188 5125 3424 5187 (και-η
3718 5169 3762 5183 ν,

2270 5119 2358 5187 (25
2410 5119 2630 5170 Maran.
2679 5119 2792 5168 Vit.
2829 5119 2993 5181 Cypr.
3024 5124 3153 5180 pag.
3188 5125 3352 5163 cxxx.
3718 5169 3762 5183 υ-

2270 5119 2382 5259 (26)
2408 5188 2596 5241 Moses
2627 5183 2876 5239 Choren.
2911 5183 3044 5237 Hist.
3078 5185 3330 5246 Armen.,
3364 5177 3466 5232 lib.
3498 5193 3554 5242 Il,
3589 5188 3694 5242 cap.
3717 5191 3776 5231 θ’,

2196 5277 2255 5332 Ρ.
2291 5262 2411 5313 174.

2270 5332 2380 5402 (27)
2405 5328 2615 5424 Euseb.
2645 5329 2784 5382 Hist.
2819 5325 2974 5393 eccl.,
3005 5325 3110 5378 lib.
3145 5340 3214 5393 iv,
3244 5339 3368 5449 catp.
3401 5324 3453 5422 6..

2270 5405 2386 5449 {28)
2418 5402 2706 5449 “istlion-
2742 5400 2969 5449 Praefat.
3003 5396 3076 5449 ad
3116 5397 3248 5449 Mos.
3345 5394 3453 5446 hau

2270 5394 2386 5472 (28)
2418 5401 2706 5456 Wistbon-
2741 5400 2969 5466 Ρνᾶεΐαι.
3003 5396 3076 5472 qd
3116 5397 3248 5452 Mos.
3303 5394 3775 5472 Choren.‘pag.1ix_.

2295 5464 2384 5540 29)
2415 5474 2705 5545 Longuer.
2743 5464 2965 5526 Dissert.
2999 5468 3065 5524 de
3094 5485 3216 5523 var.
3257 5464 3462 5538 epoch.,
3507 5468 3589 5516 etc
3613 5500 3627 5526 ,
3655 5468 3774 5528 pagg-

2199 5548 2624 5690 16ῗέοῗοἓέᾶὶὶς.
2657 5612 3048 5690 Animadvzin
3095 5611 3294 5666 Chron.
3361 5605 3540 5662 Euseb.
3596 5599 3660 5656 ad
3681 5609 3773 5653 ann.

2199 5685 2461 5746 nncxnvu
2491 5693 2550 5743 et
2573 5685 2900 5813 inrumpag.
2935 5685 3059 5741 216.

2271 5763 2384 5813 (31)
2415 5759 2585 5813 Grab.
2609 5759 2805 5813 Smctl.
2881 5757 2938 5813 S.
2970 5755 3059 5812 PP

2271 5763 2384 5834 (31)
2415 5759 2585 5816 Grab.
2609 5744 2805 5830 spic'ii.
2839 5744 2938 5814 S’s.
2970 5755 3105 5826 ΡΡ..
3138 5757 3282 5811 tom.
3313 5744 3638 5822 I,pag.131.
