4000 6220
459 315 609 382 1287
1613 303 1676 363 S.
1713 299 2108 365 CLAUDIUS

453 461 572 513 tem
605 449 935 524 Hierapolis
965 445 1167 503 civitas
1226 441 1285 498 in
1339 438 1595 512 Phrygia
1652 437 1806 494 Asiae
1861 435 2102 493 Minoris

457 544 759 620 provincia
789 541 920 595 sita.
951 539 998 591 A
1031 532 1353 604 Serapione
1381 531 1456 598 (1)
1484 528 1856 584 Antiocheno
1889 528 2111 600 episco-

458 617 553 708 po,
579 635 678 704 qui
701 628 966 702 proxime
987 624 1116 694 ejus
1139 625 1373 676 aetatem
1400 619 1518 674 vita
1535 635 1644 674 sua
1662 617 2108 691 attigerat,bea-

461 705 667 778 tissimi
703 715 891 772 Patris
922 712 1166 768 nomine
1193 707 1475 764 hcnorari
1509 707 1744 762 meruit.
1769 705 2108 776 Subsequiis

461 808 732 867 Ecclesiae
765 803 998 861 sacculis
1030 801 1342 874 episcopus
1401 799 1586 854 beatas
1649 796 1974 866 memorim,
2025 795 2110 850 vir

459 899 619 956 omni
651 895 1059 953 cncomiorum
1091 907 1304 966 genere
1339 889 1724 962 dignissimus
1757 885 2104 952 habebatur,

457 997 633 1061 atque
653 986 832 1042 veluti
863 989 1217 1040 cantet-orum
1247 979 1627 1052 prazlatorum
1662 977 1892 1050 insigne
1922 992 2106 1032 orna-

461 1082 725 1135 mrntum
757 1093 823 1132 ac
857 1073 1175 1145 exemplar,
1209 1075 1266 1125 et
1301 1070 1582 1124 adversus
1607 1067 2106 1139 Cataphrygarum

457 1167 734 1224 hmresim
766 1163 1154 1221 fortissimum
1187 1176 1356 1230 neque
1391 1176 1458 1213 ac
1485 1157 1768 1212 invictum
1801 1155 1960 1211 velut
2005 1157 2106 1210 Ec-

457 1258 652 1315 clesize
686 1255 1095 1312 fulcimentum
1125 1254 1205 1321 (2)
1246 1247 1676 1304 celebrabatur.

528 1377 851 1437 Bollandus
882 1377 956 1447 (3)
991 1372 1352 1444 Hierapolim
1411 1371 1574 1425 illius
1623 1369 1804 1424 fuisse
1857 1371 2107 1438 patriam

457 1475 678 1524 censet.
713 1467 916 1522 .ludice
946 1463 1312 1518 Theodoreto
1344 1463 1443 1531 (4),
1479 1481 1505 1508 (ι
1541 1465 1754 1529 praeter
1774 1457 2106 1512 divinarum

459 1574 657 1614 rerum
682 1555 1100 1628 cognitionem,
1135 1556 1380 1607 externa
1410 1564 1643 1620 quoque
1681 1547 1997 1618 disciplina
2029 1547 2107 1602 (id

462 1654 551 1704 est
581 1647 844 1720 profanis
885 1662 952 1700 ac
1008 1639 1458 1698 humanioribus
1508 1637 1791 1704 scientiis)
1841 1636 1952 1691 fuit
2008 1652 2104 1690 ex-

460 1738 676 1793 cultus.
713 1758 740 1785 ››
775 1736 917 1790 Vitze
947 1733 1076 1803 ejus
1100 1729 1481 1803 particulares
1513 1727 1987 1782 circumstantias
2010 1742 2107 1796 pe-

357 1869 364 1882 .
461 1829 620 1896 nitus
652 1827 1013 1898 ignoramus.
1050 1824 1261 1875 Verum
1322 1816 1615 1879 encomia,
1665 1815 1881 1887 quibus
1911 1832 1945 1870 a
1972 1815 2115 1870 viris

463 1915 827 1972 doctissimis
851 1919 1025 1984 atque
1051 1907 1442 1966 sanctissimis
1465 1904 2108 1976 commendabatur.ju-

464 2004 701 2060 dicandi
721 2003 891 2058 nobis
919 2001 1147 2072 capiam
1165 1995 1822 2067 faciunt,Apollinarem
1840 1999 2110 2050 nostrum

467 2095 645 2150 vitam
680 2107 995 2162 moresque
1027 2106 1164 2144 suos
1195 2085 1744 2155 adamussirnjuxta
1764 2084 2109 2156 praecellen-

468 2189 588 2238 tem
617 2181 967 2253 episcopalis
993 2177 1292 2252 dignitatis
1311 2175 1554 2248 gradum
1577 2174 1905 2228 instituisse
1935 2180 2110 2243 atque

465 2272 889 2331 conformasse,
924 2284 1116 2339 neque
1147 2283 1282 2320 eum
1315 2263 1587 2320 minusiu
1610 2263 2112 2333 charitate,quam

470 2363 534 2418 in
566 2361 834 2416 scientiis
867 2358 1239 2415 excelluisse.
1274 2355 1498 2411 Floruit
1525 2359 1720 2410 autem
1745 2353 1917 2424 juxta
1941 2355 2116 2408 Euse-

464 2451 631 2506 bium
654 2453 754 2517 (5),
784 2449 1202 2518 Hieronymum
1225 2447 1300 2515 (6)
1322 2450 1498 2514 atque
1519 2443 1816 2508 Photium,
1841 2445 1912 2496 M.
1936 2447 2113 2497 Aure-

460 2540 543 2594 lio
575 2538 872 2594 Antonino
929 2537 1280 2608 imperante.
1334 2535 1533 2604 Neque
1583 2533 1739 2586 hunc
1792 2531 2114 2603 supervixit

467 2629 818 2700 principem.
851 2626 1022 2681 Forte
1073 2624 1133 2678 in
1183 2623 1524 2695 episcopatu
1575 2619 2014 2694 Hierapolitano
2055 2621 2111 2677 S.

463 2717 710 2774 Abercio
741 2715 834 2772 vel
863 2713 1058 2786 Papiae
1089 2712 1376 2768 successit
1405 2713 1502 2784 (7).

535 2877 614 2950 (1)
645 2876 856 2950 Euseb.
888 2877 960 2950 Η.
993 2877 1059 2950 1:2.
1092 2891 1144 2950 _c.
1187 2877 1272 2937 19,
1304 2871 1409 2927 lib.
1441 2889 1493 2950 v.

537 2945 611 3020 ('2)
642 2949 854 3020 Euseb.
889 2949 958 3004 Η.
991 2949 1057 3002 Ε.
1092 2945 1131 3000 l.
1168 2961 1378 3020 v,cap.
1419 2947 1498 3010 i6,
1541 2949 1600 3020 et
1649 2945 1907 3020 adversus
1955 2948 2114 2999 Cata-

505 3017 805 3090 hrygarum
828 3019 1100 3073 haeresim.
1135 3059 1163 3090 .7
1186 3057 1208 3090 ._
1230 3019 1384 3070 Deus
1411 3017 1815 3090 Apollinarem
1841 3017 2118 3090 Hierapo-

505 3039 805 3090 urygarum
828 3039 1100 3073 Ιιῦενεδιηι.
1135 3059 1149 3072 .
1186 3057 1198 3070 ο
1230 3039 1384 3070 UCUS
1411 3039 1815 3086 Λρυιιιιιᾶιᾘω
1841 3039 2114 3088 IllBI‘llpO'

457 3039 712 3148 ﬁtanum
745 3099 1028 3160 tanquam
1061 3087 1319 3143 validum
1367 3095 1544 3156 atque
1595 3088 1876 3142 invictum
1930 3089 2114 3143 telum

464 3163 754 3220 excitavit.

536 3236 611 3305 (3)
642 3234 728 3289 Ad
761 3233 918 3288 diem
949 3235 978 3284 7
1005 3230 1334 3305 Februarii.

533 3301 610 3378 (4)
645 3311 908 3362 llwretic.
933 3304 1109 3371 fabul.
1145 3301 1246 3356 lib.
1282 3317 1366 3363 ιιι,
1394 3317 1522 3371 cap.
1553 3302 1588 3354 2
1618 3301 1764 3371 Opp.
1818 3305 1960 3355 tom.
2011 3303 2108 3366 ιν,

483 3395 598 3444 )ag.
631 3381 758 3430 227.

468 3398 598 3450 pag.
631 3398 758 3430 ιω.

541 3453 616 3515 (5)
649 3446 860 3502 Euseb.
893 3448 962 3502 Η.
998 3447 1056 3500 Ε.
1090 3445 1130 3500 l.
1165 3460 1237 3506 ιν,
1271 3460 1398 3515 cap.
1432 3447 1498 3498 26
1534 3448 1591 3497 et
1629 3446 1718 3497 27.

558 3524 614 3586 6)
646 3521 709 3574 in
743 3518 1005 3585 Calalogo
1035 3520 1138 3572 vir.
1168 3517 1396 3583 illuslr.,
1429 3531 1556 3585 cap.
1590 3518 1678 3568 26.

538 3587 562 3662 (
569 3595 624 3659 7)
656 3590 970 3645 Tillemont
1000 3630 1016 3656 ,
1049 3595 1208 3643 tomo
1241 3588 1288 3642 ll
1319 3587 1410 3662 des
1445 3589 1881 3662 illdmoircsipag.
1914 3591 2038 3662 207.

542 3658 620 3734 (8)
653 3665 939 3717 Disserlas.
975 3661 1238 3734 cyprian.
1274 3661 1388 3734 2.‘§
1417 3661 1505 3719 39.
1541 3674 1679 3734 pag.
1721 3658 1953 3734 264'et7
1983 3658 2110 3734 Dis-

473 3731 675 3788 sertat.
706 3734 946 3796 lrlren.,
991 3733 1053 3801 §§
1100 3733 1170 3785 34
1221 3735 1280 3784 et
1328 3732 1415 3795 39,
1471 3747 1526 3800 p.
1589 3733 1691 3783 359
1747 3734 1809 3801 et
1860 3733 1984 3784 372.
2045 3731 2110 3784 ι).

473 3806 864 3875 Hieronymus
896 3809 954 3857 in
986 3800 1248 3875 catalogo
1277 3801 1522 3875 virorum
1548 3800 1848 3875 illustrium
1903 3802 2116 3875 Apolo-

469 3877 620 3946 giam
658 3871 810 3930 hanc
842 3882 1009 3946 vocat
1035 3873 1601 3946 volumeninsrgne,
1653 3871 1964 3946 quodmpro
1999 3872 2113 3927 ﬁde

469 3943 938 4002 {‘hristianorum
959 3945 1120 4000 dedit
1145 3943 1660 4014 Apollinaris.cap.
1685 3945 1773 3996 26.
1796 3943 2115 3998 Tillemon—

475 4020 575 4084 tio,
609 4018 890 4073 Me‘moires
920 4019 985 4071 de
1011 4017 1214 4077 l'Hisl.,
1250 4022 1288 4068 t.
1323 4016 1392 4080 ll,
1438 4031 1568 4084 pag.
1600 4017 1724 4082 207,
1779 4021 1955 4086 atque
2002 4017 2116 4070 lle-

475 4090 655 4157 migio
677 4087 1135 4143 Ceillierio..llisl.
1167 4091 1344 4153 ρέιιόν.
1365 4092 1404 4138 1..
1437 4087 1570 4152 ll.p.
1587 4086 1674 4140 83.
1694 4093 1818 4140 haec
1835 4086 2118 4156 Apologia

477 4161 734 4231 primum
775 4176 930 4231 anno
960 4175 1100 4231 arras
1115 4157 1377 4231 vulgaris
1405 4158 1454 4210 .l.
1488 4157 1588 4210 tib.
1615 4160 1724 4231 175
1755 4158 1864 4231 vel
1893 4161 1993 4231 176
2042 4158 2115 4212 ab

473 4227 798 4302 Apollinari
833 4229 1271 4302 Hierapolitano
1295 4233 1554 4302 exarata
1580 4227 1831 4302 videtur;
1857 4229 2014 4302 hisce
2046 4245 2119 4284 ex

473 4299 877 4358 fundamentis
901 4317 914 4354 :
949 4299 1138 4371 primo
1169 4299 1432 4369 quidem,
1460 4299 1599 4369 quia
1627 4299 1909 4354 Eusebius
1926 4301 2118 4354 Caesa-

472 4375 709 4437 riensis,
745 4372 898 4427 facta
929 4371 1233 4427 mentione
1295 4371 1643 4440 Apologclici
1688 4373 1752 4426 υ.
1799 4371 2116 4437 Melitonis,

473 4446 674 4502 statim
707 4445 895 4514 capite
928 4447 992 4497 27
1025 4443 1424 4513 subsequente
1447 4443 1774 4497 orationem
1794 4443 2120 4514 apologeti-

475 4535 603 4573 eam
636 4515 996 4586 Apollinaris
1027 4516 1286 4585 subjicit.
1309 4515 1435 4586 iam
1463 4531 1596 4568 vero
1621 4514 1913 4586 Melitonis
1931 4515 2119 4583 Apol.»

475 4593 646 4658 giam.
681 4585 744 4642 ut
774 4603 952 4658 supra
979 4586 1249 4652 vidimus,
1283 4585 1356 4640 ad
1384 4601 1607 4658 annum
1636 4587 1684 4639 J.
1720 4585 1823 4640 Ch.
1877 4589 1977 4658 175
2029 4601 2122 4640 re-

479 4657 696 4713 ferunt.
732 4657 1001 4712 Secundo
1049 4659 1216 4713 aiunt
1272 4673 1401 4711 eam
1455 4657 1784 4726 Apologiam
1841 4657 2122 4727 scriptam

480 4731 663 4784 fuisse
690 4736 824 4800 post
855 4730 1157 4784 victoriam
1181 4728 1343 4800 illam
1365 4727 1778 4783 miraculosam
1803 4729 1872 4780 M.
1900 4727 2123 4782 Aurelii

478 4803 550 4856 de
584 4799 1015 4855 Marcomannis
1047 4807 1104 4855 et
1131 4799 1347 4856 Guadis
1395 4807 1777 4869 reportatam,
1828 4799 2123 4870 siquidem

479 4876 536 4930 S.
570 4871 933 4943 Apollinaris
984 4873 1164 4939 hujus
1217 4871 1467 4943 victorias
1519 4873 1577 4924 in
1621 4888 1728 4925 suo
1778 4871 2124 4943 Apologelico

477 4942 846 5000 mentionem
879 4943 1038 5008 facit,
1064 4949 1240 5012 atque
1273 4942 1382 4996 hoc
1405 4959 1473 4996 ex
1498 4943 1657 4996 fonte
1679 4942 1967 4996 Eusebius
1989 4943 2130 4996 hau-

481 5017 577 5082 sit,
611 5015 875 5086 quidque
905 5015 976 5068 de
1007 5012 1240 5086 legione
1275 5013 1550 5086 Melitina.
1573 5013 1989 5078 fulminea,seu
2013 5013 2124 5086 fult

481 5084 793 5142 minatrice
825 5084 1276 5156 posthacdicta.
1297 5084 1552 5138 disserit.
1578 5087 1659 5156 Ern
1681 5085 1868 5155 ipsius
1897 5084 2127 5139 Eusebii

478 5159 676 5224 verba,
704 5161 774 5213 H.
904 5157 944 5210 l.
977 5174 1029 5211 v.
1063 5173 1191 5226 cap.
1225 5159 1254 5209 5
1282 5171 1294 5209 :
1331 5156 1526 5210 «Cum
1557 5155 1837 5210 adversus
1887 5157 2128 5211 Germa-

477 5248 589 5285 nos
621 5237 681 5283 et
711 5231 1008 5285 Sarmatas
1037 5233 1404 5298 pugnaturus
1457 5227 1646 5282 aciem
1679 5227 2022 5289 instrueret.
2071 5231 2130 5282 et

481 5302 776 5358 exercitus
807 5301 993 5370 ipsius
1025 5300 1120 5354 siti
1157 5303 1546 5370 premeretur,
1575 5315 1725 5369 pene
1757 5299 1831 5353 ad
1861 5298 2127 5368 inopiam

481 5373 712 5428 consilii
751 5373 1054 5427 redactum
1089 5387 1238 5438 esse,
1272 5379 1624 5424 memorant.
1658 5371 1801 5424 Tum
1849 5387 1985 5424 vero
2018 5372 2128 5423 mi-

481 5445 615 5500 lites
647 5444 894 5511 legionis
917 5443 1212 5507 Melitinae,
1237 5458 1368 5511 quas
1394 5441 1526 5496 lidei
1552 5443 1764 5496 merito
1779 5443 1956 5496 etiam
1971 5457 2131 5496 nunc

482 5523 701 5580 manet,
737 5516 874 5568 dum
905 5515 1062 5569 acies
1093 5513 1373 5568 adversus
1395 5511 1594 5568 hostes
1615 5513 1942 5580 ordinatur,
1962 5513 2131 5567 ﬂexis

477 5587 538 5638 in
578 5596 790 5640 terram
829 5586 1098 5653 genibus,
1135 5593 1198 5639 ut.
1229 5585 1448 5638 nostris
1505 5585 1812 5639 orantibus
1858 5602 1988 5640 mos
2019 5588 2130 5650 est,

481 5671 689 5730 preces
719 5656 789 5730 ad
815 5658 1000 5730 Deum
1029 5656 1249 5730 fudisse
1276 5655 1886 5730 perhibentur.Cujus
1903 5660 2130 5730 specta-

488 5723 609 5802 puli
639 5724 901 5802 novitate
925 5725 1194 5802 hostibus
1225 5723 1590 5802 stupefactis,
1641 5723 2130 5802 aliudquiddam

490 5791 665 5860 longe
698 5791 906 5858 majori
938 5793 1181 5862 dignum
1212 5791 1603 5852 admiratione
1660 5791 1946 5855 accidisse
1991 5815 2135 5852 nar-

2147 301 2697 371 APOLLlNARIS.

2129 436 2184 506 Α

2779 436 3176 497 ARTICULUS
3213 437 3283 494 Π.

2610 548 2833 608 Claudii
2863 546 3197 619 Apollinaris
3225 545 3442 615 scripta.

2288 657 2372 710 Ex
2393 656 2464 712 iis
2485 673 2642 726 vero,
2667 673 2798 727 quas
2819 655 3036 710 litteris
3061 651 3300 708 tradidit
3328 651 3550 708 illustris
3575 653 3665 709 iste
3686 657 3763 712 Ec-

2217 744 2411 802 clesiae
2443 746 2717 818 scriptor,
2749 743 3042 816 ejusmodi
3073 747 3212 798 sunt
3252 741 3525 796 veteribus
3565 742 3760 801 laudata.

2219 839 2269 890 1.
2303 837 2492 892 Oratio
2505 851 2613 906 pro
2631 835 2763 904 fidei
2783 835 3096 904 defensione
3118 831 3192 887 ad
3214 833 3457 886 Marcum
3481 833 3764 888 Antoninum

2218 926 2456 992 Verum,
2483 941 2640 980 anno
2675 924 2913 979 circiter
2942 923 3072 994 ejus
3102 921 3351 992 imperio
3383 921 3462 985 10,
3489 920 3663 974 Christi
3694 938 3766 976 au.

2219 1017 2336 1068 tem
2357 1031 2463 1085 pro
2485 1030 2604 1069 mra
2627 1013 2847 1086 vulgari
2881 1013 3003 1074 170,
3037 1010 3258 1074 oblata,
3289 1013 3356 1064 ut
3379 1009 3552 1081 arguit
3578 1009 3767 1064 Dodwel.

2218 1103 2308 1159 lus
2339 1107 2430 1173 (8).
2463 1108 2516 1158 2.
2552 1105 2826 1159 Adversus
2850 1109 3035 1172 gentes
3063 1100 3202 1155 libri
3233 1100 3504 1170 quinque.
3524 1099 3642 1153 3.0a
3664 1104 3767 1155 veri-

2217 1199 2326 1248 tale
2358 1193 2491 1248 libri
2535 1192 2650 1248 duo
2720 1195 2774 1247 4.
2830 1193 2951 1246 Duo
3009 1191 3151 1246 item
3202 1190 3452 1244 adversus
3501 1189 3692 1244 Judzos.
3733 1194 3770 1243 3.

2215 1284 2279 1337 Et
2313 1281 2434 1350 alii,
2468 1299 2616 1352 quos
2647 1279 3025 1352 postmodum
3071 1277 3330 1334 exaravit
3367 1276 3616 1331 adversus
3653 1278 3770 1332 Cala-

2216 1371 2492 1444 phrygas,
2529 1377 2666 1426 tunc
2696 1371 2956 1441 primum
2989 1374 3224 1423 exortes
3249 1384 3262 1432 ;
3296 1365 3368 1421 de
3390 1365 3586 1436 quibus
3607 1372 3775 1436 postre-

2216 1461 2328 1516 mis
2360 1460 2530 1518 libris
2560 1459 2767 1514 eodem
2803 1455 3318 1514 secundolabentc
3342 1455 3544 1509 saeculo
3563 1456 3776 1524 Serapion

2219 1548 2620 1604 Antiochenus
2652 1548 2962 1619 episcopus
3002 1545 3075 1601 ad
3120 1545 3387 1600 Caricum
3439 1548 3494 1596 et
3541 1543 3778 1597 Ponticum

2216 1637 2502 1704 scribens,
2537 1637 2694 1708 apud
2723 1635 3044 1692 Eusebium
3073 1635 3201 1689 haec
3232 1633 3448 1688 habet:
3480 1631 3778 1686 «Beatissimi

2215 1728 2443 1784 Claudii
2465 1726 2955 1799 Apollinaris,qui
2979 1724 3440 1794 Hierapolitanm
3459 1721 3608 1777 urbis
3625 1722 3672 1776 in
3689 1722 3781 1776 Asia

2143 1805 2190 1870 B
2221 1817 2532 1888 episcopus
2562 1814 2693 1880 fuit,
2726 1813 2947 1885 scripta
2977 1814 3097 1868 sive
3147 1813 3333 1867 libros
3384 1809 3454 1864 ad
3489 1826 3578 1863 vos
3622 1809 3738 1862 misi.
3764 1833 3779 1853 ιο

2223 1907 2434 1961 Verum
2462 1905 2587 1960 haec
2618 1903 2853 1974 aliaque
2895 1901 3322 1974 Hierapolitani
3373 1899 3541 1968 hujus
3584 1897 3782 1970 episcopi

2220 1993 2394 2048 modo
2416 1998 2741 2048 memorata
2759 1991 2934 2046 hodie
2953 1991 3682 2057 desiderantur,eorumque
3700 1991 3784 2040 tan-

2219 2089 2344 2138 tum
2378 2081 2802 2152 inscriptiones
2832 2080 2906 2136 ad
2938 2097 3047 2135 nos
3071 2082 3488 2151 pervenerunt.

2289 2175 2512 2227 Prazter
2539 2171 2825 2224 hactenus
2859 2174 3186 2224 memorata
3219 2184 3420 2239 opera,
3448 2183 3568 2236 qum
3609 2165 3784 2235 penitus

2220 2259 2890 2328 interciderunt,librum
2912 2274 3146 2330 quoque
3169 2259 3244 2312 De
3281 2256 3535 2311 Paschale
3552 2253 3786 2325 scripsisse

2219 2347 2582 2421 comperitur
2614 2347 3004 2420 Apollinaris,
3028 2347 3201 2418 cujus
3230 2346 3554 2419 fragmenta
3573 2340 3788 2413 duoapud

2220 2445 2521 2496 auctorem
2547 2436 2807 2492 Chronici
2836 2437 3118 2492 Paschalis
3165 2436 3342 2507 vulgo
3373 2432 3702 2491 Alexandrini
3723 2447 3789 2484 su-

2220 2528 2572 2602 persunt.l)e
2592 2527 2804 2582 horum
2827 2530 3024 2580 autem
3043 2525 3506 2596 fragmenlorum
3518 2521 3790 2575 auctoritate

2219 2616 2491 2673 nonnulli
2516 2615 2882 2672 recentiores
2903 2614 3206 2670 dubitasse
3229 2617 3582 2680 noscuntur;
3603 2608 3792 2680 quosin-

2221 2714 2311 2763 ter
2342 2706 2568 2764 eminet
2594 2704 3005 2761 Tillemontius
3037 2704 3138 2776 (9),
3169 2720 3238 2760 eo
3268 2702 3552 2758 nimirum
3592 2698 3790 2762 nomine,

2219 2883 2357 2934 rant
2385 2895 2398 2932 ε
2435 2877 2574 2933 hinc
2603 2876 2843 2948 quidem
2873 2875 3191 2930 fulminum
3215 2875 3440 2946 jactus,
3495 2871 3684 2948 quibus
3719 2868 3794 2948 ho-

2222 2951 2400 3006 stium
2432 2945 2704 3020 capias—in
2736 2950 2933 3020 fugam
2960 2945 3339 3020 versantque
3366 2945 3648 3020 exstinctae.
3667 2946 3791 3000 sunt;

2222 3023 2388 3076 illinc
2419 3017 2552 3076 vero
2588 3017 2864 3074 imbrium
2897 3021 3034 3080 vim,
3061 3019 3276 3089 quibus
3311 3017 3599 3072 exercitus
3624 3026 3792 3089 eorum,

2221 3093 2321 3164 qui
2354 3095 2537 3148 Deum
2573 3091 2794 3162 precati
2826 3085 3363 3161 l‘uerant,‘jumjam
3398 3089 3491 3144 siti
3547 3085 3793 3164 periturus.

2135 3177 2182 3242 ο
2223 3163 2436 3242 praeter
2463 3179 2629 3242 spem
2662 3169 2974 3242 recreatus
3008 3167 3118 3216 est.
3176 3165 3373 3242 Atque
3405 3175 3493 3242 _ea
3529 3173 3620 3238 res
3659 3163 3751 3242 tua:
3773 3168 3796 3204 a

2222 3225 2608 3307 scriptoribus
2637 3250 2672 3289 a
2703 3234 2816 3288 ﬁde
2848 3239 3052 3287 nostra
3081 3225 3322 3303 penitus
3367 3229 3590 3307 alienis,
3637 3225 3796 3307 quibus

2221 3296 2376 3362 curas
2398 3307 2508 3362 fuit
2527 3323 2619 3360 res
2645 3321 2716 3360 eo
2738 3311 3007 3376 tempore
3028 3296 3221 3376 gestas
3245 3302 3548 3376 memoria;
3563 3296 3795 3376 mandare.

2222 3385 2344 3434 tum
2379 3395 2413 3434 a
2443 3378 2664 3432 nostris
2693 3369 2882 3431 etiam
2917 3369 3258 3430 horninibus
3281 3375 3552 3428 refertur.
3580 3369 3677 3426 Sed
3691 3382 3797 3445 geu-

2223 3451 2418 3504 tilium
2450 3449 2790 3519 scriptores,
2822 3454 3028 3518 utpote
3057 3464 3091 3500 a
3120 3447 3416 3518 religione
3447 3449 3634 3499 nostra
3675 3437 3798 3519 dissi-

2221 3521 2452 3582 dentes,
2486 3515 2597 3574 boc
2627 3519 2867 3589 quidem
2891 3515 3260 3572 miraculum
3282 3515 3796 3571 commemomrunt;

2223 3610 2344 3647 non
2379 3601 2573 3646 tamen
2593 3591 2650 3645 id
2674 3595 3015 3644 nostrorum
3041 3589 3321 3660 precibus
3349 3589 3565 3660 factum
3587 3596 3802 3659 essecon-

2220 3664 2357 3718 fessi
2377 3662 2738 3717 sunt.Nostri
2762 3677 2898 3716 vero
2920 3659 3120 3732 utpote
3153 3661 3421 3732 veritatis
3443 3659 3677 3732 cultores
3695 3667 3797 3732 sun-

2221 3736 2456 3806 pliciter
2485 3740 2662 3806 atque
2694 3733 2950 3806 ingenue
2983 3721 3109 3806 rem
3138 3733 3344 3806 ipsam_
3365 3729 3571 3806 litteris
3602 3721 3798 3806 tradide-

2221 3795 2380 3862 runt.
2413 3808 2494 3860 Ex
2519 3795 2612 3860 his
2643 3810 2732 3858 est
2761 3795 3278 3875 Apollinaris,'qui
3329 3803 3618 3873 legionem
3659 3795 3796 3875 illam.

2223 3880 2390 3948 cujus
2423 3875 2698 3947 precibus
2729 3875 2788 3948 id
2817 3873 3175 3948 miraculum
3197 3873 3795 3948 (perpetratumestxx-

2223 3941 2361 4003 inde
2391 3941 2650 4016 congruo
2686 3947 2770 4002 rei
2801 3946 3084 4001 vocabulo
3114 3941 3491 4000 Fulmineam
3516 3942 3584 3997 ab
3613 3941 3798 4016 imper?-

2227 4026 2350 4074 tore
2373 4006 2848 4090 cognominatam
2873 4033 3001 4090 esse
3033 4017 3256 4090 scribit.
3293 4039 3322 4065 ››
3347 4017 3437 4071 lta
3467 4006 3733 4090 Eusebius:
3757 4006 3796 4056 In

2225 4107 2402 4162 quem
2436 4079 2631 4145 locum
2664 4106 2714 4162 v.
2747 4089 2821 4144 cl.
2859 4089 3124 4162 Valesius
3147 4089 3455 4162 observat,
3489 4087 3609 4162 jam
3634 4079 3798 4162 dudum

2227 4153 2530 4218 monuisse
2559 4161 2921 4231 Scaligerum
2959 4161 3019 4214 in
3059 4153 3661 4231 animadversionibus
3681 4153 3800 4231 Eas?-

2226 4234 2442 4299 biauis,
2476 4218 2790 4304 Legionem
2818 4231 3279 4304 fulnrinatricem
3310 4231 3387 4285 ab
3428 4233 3539 4284 hoc
3583 4218 3799 4304 miracula

2232 4297 2707 4375 cognominatam
2735 4319 2858 4375 non
2885 4303 3088 4370 fuisse,
3139 4303 3360 4374 quippe
3410 4317 3541 4372 quas
3584 4297 3679 4375 diu
3707 4297 3800 4375 ante

2236 4367 2503 4446 tempora
2532 4376 2602 4429 Μ.
2665 4374 2916 4446 Aurelii
2945 4367 3388 4446 Antonini-ita
3425 4367 3618 4425 vocata
3659 4367 3799 4446 ξιξεςὶι·

2233 4432 2415 4503 Docet
2433 4447 2492 4501 id
2521 4446 2832 4500 manifeste
2855 4444 2958 4499 Dio
2979 4446 3214 4500 Cassius
3236 4445 3297 4498 in
3329 4444 3482 4498 libro
3507 4459 3588 4517 ev,
3633 4432 3801 4517 ubi}?

2228 4520 2432 4590 giones
2463 4523 3022 4590 omnesenumerat.
3052 4518 3406 4590 Vetusgquoq
3418 4514 3801 4590 ue‘inscriplw-a

2235 4585 2528 4660 Scaligero
2560 4588 2788 4658 prolata
2815 4587 3075 4660 idipsum
3098 4585 3442 4660 confirmat.
3461 4585 3801 4660 Quantam!!!

2234 4662 2306 4715 de
2330 4645 2458 4732 ipso
2483 4645 2723 4729 quidem
2744 4645 3032 4732 miraculo
3057 4659 3266 4732 pluviae
3285 4675 3320 4712 a
3336 4645 3666 4732 Christianis
3691 4645 3800 4732 inill-

2237 4720 2391 4786 tibu's
2423 4720 2747 4801 imperatis,
2780 4735 2838 4783 et
2869 4720 3192 4800 Apollinari
3227 4737 3284 4781 et
3308 4720 3804 4801 'l‘ertulliamwtllu—

2237 4804 2399 4858 schio
2433 4799 2806 4864 testantibus,
2839 4799 3010 4855 facile
3053 4801 3370 4866 credimus,
3409 4799 3690 4864 Legionem
3716 4801 3803 4866 vel}!

2235 4857 2558 4929 Melitinam
2589 4871 2662 4927 ob
2694 4873 2750 4927 id
2792 4857 3252 4928 fuhninatricem
3299 4857 3514 4926 dictam
3565 4881 3677 4921 esse
3701 4878 3726 4914 τι
3760 4857 3804 4929 11-

2235 4945 2536 5001 Antonino
2562 4926 2918 5014 imperatore
2941 4943 3207 4998 nendum
3231 4943 3374 5014 mihi
3395 4937 3670 5012 persuasit
3686 4926 3806 5014 ῥΡιξΙ·

2236 5017 2464 5083 linaris,
2499 5006 2665 5070 nam-
2683 5014 2884 5084 judice
2945 5031 3178 5069 summo
3232 5006 3437 5068 critico
3486 5014 3643 5084 Patre
3683 5006 3802 5084 Pal;th

2236 5089 2310 5144 ad
2340 5076 2564 5144 annum
2594 5087 2642 5141 .l.
2675 5076 2776 5140 (λι.
2822 5087 2944 5148 174,
2977 5103 3096 5140 non
3128 5085 3492 5140 dubitamus.
3525 5076 3804 5152 quiumgilfl

2236 5161 2385 5215 lalsa
2415 5159 2566 5213 veris
2597 5157 2853 5213 admista
2881 5157 3120 5212 fuerint.
3158 5156 3411 5211 Consule
3463 5147 3628 5209 etiam
3673 5147 3802 5194 Ἥβη

2238 5231 2535 5286 diatriben
2583 5229 2657 5283 de
2700 5229 2948 5298 Legione
2990 5227 3388 5283 fulminatrice
3415 5222 3802 5298 Christianum!

2238 5285 2346 5359 sub
2371 5285 2727 5372 imperatore
2751 5285 2822 5354 Μ’.
2846 5299 3088 5372 Aurelio
3107 5299 3430 5372 Antonino,
3454 5285 3802 5372 Amstelodagll

2245 5376 2375 5429 1683
2395 5361 2769 5442 impressam.
2795 5371 3063 5442 Doniqne
3085 5371 3326 5425 observa
3352 5361 3485 5423 cum
3509 5361 3803 5442 :l‘illeulouli"

2239 5427 2311 5500 ad
2349 5427 2670 5514 Apologiam
2699 5427 3058 5514 Apollinaris
3086 5459 3099 5496 :
3133 5459 3204 5496 ex
3235 5458 3325 5514 eo,
3369 5437 3527 5514 quod
3557 5427 3806 5514 anliqullﬁ’

2241 5499 2413 5571 nobis
2444 5499 2592 5569 nihil
2626 5514 2697 5568 de
2729 5499 2838 5568 liae
2868 5513 3135 5568 oratione
3163 5499 3520 5584 apologatica
3547 5499 3804 5584 reliquetil:

2235 5587 2506 5658 judicatu
2537 5585 2916 5658 difﬁcileiest,
2974 5575 3247 5658 quasnam
3303 5575 3362 5658 iri
3407 5578 3594 5652 specie
3639 5575 3806 5640 objecti

2243 5653 2346 5714 illa
2377 5657 2653 5728 attigerit.
2686 5653 3119 5723 Tillemontius,
3153 5655 3264 5728 loc.
3298 5653 3391 5728 cit.

2316 5733 2393 5798 (9)
2423 5715 2607 5784 ιιῖῖίνθ
2635 5744 2708 5782 au
2739 5731 2803 5800 lt.
2837 5730 2899 5782 P.
2933 5715 3125 5798 Lumy,
3157 5727 3186 5800 Ξ
3216 5729 3306 5792 72,
3337 5727 3367 5779 ii
3397 5723 3455 5778 la
3485 5721 3564 5776 fin
3599 5715 3669 5769 du
3708 5715 3804 5763 lolli-

2243 5800 2292 5857 ll
2321 5800 2427 5857 des
2450 5802 2606 5857 Mem.
2641 5799 2778 5855 eccl.
2987 5838 2997 5846 .
