4034 6226
231 338 390 401 1293

1688 340 2157 403 FRAGMENTA
2169 387 2185 402 .

3492 356 3651 417 1294

228 472 431 529 enasci
462 469 669 542 coepit;
705 467 989 525 nimirum
1022 468 1179 525 circa
1207 468 1422 525 Christi
1480 487 1703 526 annum
1756 474 1879 543 171,
1908 478 1966 547 Α
1994 478 2135 530 tunc
2164 475 2359 547 fuerit,
2382 476 2481 548 qui
2511 476 2786 551 episcopo
2814 496 2920 536 suo
2941 482 3325 555 prascipiente
3348 488 3632 545 sectarios

230 580 348 635 quo
372 562 551 635 igitur
568 566 833 632 tempore
860 557 1157 613 scribebat
1182 558 1884 631 Apollinaris,Montanus

221 669 359 709 cum
392 651 553 707 falsis
584 650 812 706 vatibus
845 648 968 703 suis
1000 648 1297 704 haereseos
1328 666 1448 704 sum
1493 649 1884 708 fundamenta

212 743 519 817 jaciebat;
553 757 683 812 qum
715 738 955 811 quidcm
988 755 1108 794 non
1138 738 1311 812 longe
1341 744 1546 812 postea
1590 740 1883 796 maximos

222 832 517 890 tumultus
542 829 831 886 excitavit.
866 830 1099 895 Verum,
1123 835 1329 884 auctor
1349 830 1753 885 innomiuatus
1775 832 1884 886 Eu-

223 922 526 983 sebianus,
561 918 632 974 de
665 935 781 991 quo
812 917 1063 990 agimus,
1106 923 1239 990 post
1303 918 1561 973 Montani
1614 918 1876 988 demum,

226 1010 567 1068 Maximillae
590 1026 657 1064 ac
685 1007 970 1063 Theodoti
995 1008 1333 1076 mortem,id
1355 1014 1443 1065 est
1461 1025 1581 1064 non
1604 1014 1741 1065 ante
1771 1025 1881 1064 an-

224 1102 510 1165 num2l2,
534 1099 721 1154 libros
742 1114 882 1153 suos
894 1098 1246 1163 exaravit,ut
1267 1115 1338 1153 ex
1352 1114 1558 1154 eorum
1577 1097 1877 1171 fragmen-

222 1193 301 1246 tis
333 1191 408 1247 ab
432 1188 684 1244 Eusebio
718 1187 964 1242 servatis
995 1192 1365 1257 compertum
1396 1187 1479 1242 fit.
1509 1188 1879 1259 Quapropter

222 1281 474 1353 insuper
494 1276 768 1335 habenda
797 1292 931 1331 cum
956 1276 1247 1331 Dodwello
1269 1278 1376 1347 (44)
1420 1276 1641 1331 Rufﬁni
1673 1282 1874 1333 aucto-

220 1371 371 1425 ritas
395 1366 766 1425 licentissimi
798 1365 1083 1420 nimirum
1113 1364 1456 1437 interpretis
1481 1382 1494 1432 ;
1531 1381 1727 1435 neque
1758 1382 1878 1420 ma-

221 1458 313 1530 gis
344 1455 616 1513 ducenda
646 1455 938 1527 sequioris
968 1455 1075 1509 α)νὶ
1107 1455 1463 1526 scriptorum
1496 1454 1873 1520 assertio,Ni-

221 1545 491 1618 cephori,
517 1543 760 1612 Callisti,
794 1543 1093 1615 libellique
1116 1542 1382 1613 Synodici
1410 1543 1691 1611 auctoris,
1725 1559 1874 1614 quo-

216 1651 357 1690 rum
388 1634 485 1689 hic
514 1633 732 1689 saaculo
765 1649 845 1698 1x,
879 1633 980 1688 ille
1011 1649 1145 1687 vero
1204 1649 1317 1698 xw,
1349 1631 1621 1687 ﬂoruisse
1675 1632 1875 1704 perhi-

215 1727 401 1781 betur
424 1741 437 1792 ;
460 1726 521 1779 hi
553 1724 849 1797 siquidem
871 1723 1108 1778 Eusebii
1126 1728 1386 1778 mentem
1416 1722 1573 1778 haud
1594 1723 1874 1791 assecuti,

218 1816 357 1888 ejus
389 1816 790 1871 narrationem
816 1831 921 1885 pro
952 1812 1603 1885 arbitriointerpolasse
1625 1828 1875 1866 noscun-

218 1911 341 1961 tur.
368 1905 515 1960 Huic
541 1904 781 1959 demum
804 1903 1117 1959 sententim
1140 1901 1572 1975 defragmentis
1595 1900 1667 1957 ab
1688 1903 1868 1955 Euse-

216 1996 322 2051 bio
354 1994 638 2060 recitatis,
669 1993 912 2050 Claudio
936 1992 1263 2065 Apollinari
1293 1990 1657 2047 ascribendis
1679 2008 1870 2063 nuper

216 2102 403 2158 quam
456 2084 726 2155 proxime
768 2082 1018 2138 accessit
1065 2081 1148 2136 Cl.
1197 2081 1551 2153 Lequienius
1603 2080 1737 2153 (45).
1787 2083 1871 2136 Ex

215 2174 482 2248 quadam
514 2174 673 2228 enim
700 2173 828 2227 Vita
850 2173 907 2227 S.
935 2170 1163 2226 Abercii
1191 2171 1594 2242 llierapolisin
1618 2171 1870 2244 Phrygia

210 2266 503 2339 episcopi,
535 2280 715 2336 quam
734 2280 805 2318 ex
837 2262 1229 2334 Metaphraste
1249 2262 1454 2318 Latine
1475 2263 1734 2335 primum
1748 2262 1871 2318 vul-

209 2361 432 2431 garunt
463 2356 817 2427 Lipomanus
846 2354 958 2425 (46)
991 2357 1048 2407 et
1077 2353 1281 2408 Surius
1311 2352 1443 2425 (47),
1504 2354 1699 2408 Graece
1730 2369 1866 2409 vero

213 2444 549 2501 Halloixius
578 2444 709 2513 (48),
741 2442 986 2514 conjicit
1015 2442 1101 2496 vir
1129 2442 1398 2498 eruditus
1464 2442 1623 2497 hunc
1670 2442 1867 2514 ipsum

213 2552 350 2593 esse
382 2533 718 2601 Abercium,
742 2531 834 2587 cui
856 2531 1209 2603 Apollinaris
1227 2531 1703 2604 Hierapolitanus
1721 2548 1867 2603 opus

212 2630 428 2684 contra
445 2622 841 2694 Cataphrygas
865 2621 1261 2694 nuncupavit;
1290 2627 1354 2677 ut
1376 2620 1626 2694 proinde
1650 2620 1869 2693 Apolli-

210 2714 384 2773 naris
411 2711 691 2770 Ecclesim
722 2711 1179 2782 Hierapolitanm
1228 2711 1537 2784 presbyter
1580 2710 1869 2766 duntaxat

1905 1860 1952 1925 Β

1991 564 2122 619 illos
2154 566 2493 621 confutavit.
2531 569 2824 624 Hactenus
2856 570 2974 626 ille.
3010 573 3225 628 Verum
3262 581 3326 629 ut
3370 593 3438 632 ea
3489 595 3643 649 prm-

1991 657 2310 723 tereamus,
2330 672 2461 725 quae
2487 657 2660 713 modo
2686 658 3132 728 edisseruimus,
3168 680 3346 732 quam
3371 665 3533 722 ﬂuxa
3567 669 3645 725 sit

1990 741 2322 797 istiusmodi
2356 746 2498 799 Vita:
2530 747 2583 800 S.
2622 747 2846 803 Abercii
2881 748 3047 813 fides,
3082 751 3175 805 cui
3206 752 3308 806 uni
3334 753 3641 824 Lequienii

1987 831 2331 902 conjectura
2360 833 2657 901 innititur,
2691 836 2963 907 pluribus
2995 842 3128 909 post
3171 840 3489 896 Baronium
3524 844 3637 916 (49)

1985 918 2245 973 ostendit
2273 920 2684 976 Tillemontius
2717 923 2851 995 (50).

2056 1010 2277 1063 Auctor
2304 1008 2490 1064 libelli
2519 1010 2783 1080 Synodici
2812 1018 3013 1068 narrat
3045 1019 3308 1071 sanctam
3344 1018 3638 1088 synodum

1985 1097 2287 1169 Hierapoli
2318 1100 2473 1153 Asia;
2503 1099 2736 1156 civitate
2763 1100 3118 1157 celebratam
3149 1103 3220 1159 ab
3262 1106 3631 1176 Apollinario

1981 1188 2147 1243 urbis
2187 1188 2349 1243 illius
2372 1189 2675 1261 episcopo,
2708 1190 2961 1262 aliisque
2984 1193 3187 1264 viginti
3218 1210 3318 1249 sex
3342 1197 3638 1269 episcopis

1983 1277 2252 1348 ejusdem
2285 1278 2603 1350 provincias
2634 1278 2941 1335 abdicasse
2964 1286 3021 1335 et
3052 1282 3375 1353 extirpasse
3406 1287 3633 1341 Monta-

1980 1386 2124 1424 num
2158 1374 2217 1424 et
2269 1369 2649 1430 Maximillam
2697 1370 3266 1443 pseudoprophetas,
3331 1374 3634 1446 simulque

1978 1475 2113 1513 cum
2143 1458 2259 1513 illis
2289 1459 2659 1516 damnavisse
2688 1460 3055 1515 Theodotum
3111 1462 3438 1517 Coriarium
3488 1466 3632 1536 (51).

1978 1549 2317 1619 Opportune
2348 1547 2444 1602 hic
2473 1546 2727 1603 advertit
2755 1549 2842 1603 vir
2871 1549 3251 1605 doctissimus
3289 1552 3352 1605 D.
3386 1554 3630 1624 Antine,

1976 1636 2087 1692 hoc
2119 1636 2440 1692 concilium
2471 1637 2543 1693 ab
2576 1638 2824 1695 eruditis
2856 1641 3077 1712 passim
3109 1646 3177 1697 ut
3205 1641 3515 1698 indubium
3536 1660 3625 1700 re-

1973 1726 2091 1797 cipi
2124 1727 2262 1797 (52).

2054 1814 2700 1873 CommendatPhotius
2721 1817 3128 1889 Apollinarem
3150 1825 3423 1876 nostrum
3442 1838 3477 1877 a
3494 1840 3638 1895 prae-

1983 1908 2203 1962 stantia
2232 1907 2453 1978 ingenii
2486 1913 2662 1978 atque
2696 1908 2827 1980 styli
2881 1908 3174 1982 elegantia
3225 1912 3354 1980 (53).
3405 1911 3494 1967 Ad
3542 1929 3635 1967 su-

1980 2011 2153 2067 peros
2184 1996 2400 2052 abiisse
2459 2002 2593 2051 ante
2648 2014 2869 2053 annum
2930 1998 3053 2069 180,
3110 2000 3632 2056 verosimillimum

1979 2090 2147 2156 putat
2166 2086 2575 2141 Tillemontius
2593 2087 2723 2158 (54),
2748 2104 2816 2142 eo
2840 2088 2994 2158 quod
3014 2087 3141 2159 ejus
3164 2095 3370 2144 contra
3395 2095 3629 2145 enatam

1978 2190 2137 2229 anno
2171 2178 2264 2229 171
2302 2176 2791 2230 Montanistarum
2821 2176 3094 2231 hmresim
3125 2178 3346 2249 scripta
3385 2178 3508 2233 sint
3537 2178 3629 2233 ul-

1979 2265 2191 2320 timum
2224 2265 2410 2337 ipsius
2443 2281 2610 2337 opus.
2673 2265 2911 2320 Diversa
2960 2266 3371 2337 Martyrologia
3423 2267 3630 2323 Latina

1979 2354 2232 2427 septima
2244 2353 2545 2409 Februarii
2560 2353 2723 2409 illius
2736 2355 3361 2410 commemorationem
3378 2355 3622 2412 faciunt.

1976 2444 2264 2499 Baronius
2293 2460 2429 2498 vero
2470 2443 2530 2498 in
2565 2444 2975 2516 Martyrologio
3006 2446 3268 2498 Romano
3300 2448 3502 2500 octava
3528 2445 3625 2499 Jao

1978 2533 2171 2588 nuarii
2202 2533 2464 2587 natalem
2485 2531 2615 2603 ejus
2633 2533 2942 2605 consignat
2959 2534 3088 2601 (55).
3112 2533 3179 2587 In
3206 2533 3420 2588 Grazcis
3439 2549 3469 2588 e
3488 2549 3627 2589 con-

1978 2627 2069 2677 tra
2106 2621 2343 2677 aneis
2373 2621 2618 2676 omnino
2650 2621 2816 2677 nulla
2846 2621 3071 2676 mentio
3100 2619 3175 2675 de
3204 2620 3259 2674 S.
3304 2620 3626 2692 Apollinari

1983 2715 2131 2768 teste
2166 2709 2451 2768 Bollando
2481 2710 2758 2768 occurrit.

836 3026 966 3146 S.
1066 2996 1749 3146 CLAUDII
1839 3017 2991 3144 APOLLINARIS

1497 3282 2334 3379 FRAGMENTA-

1168 3503 1407 3573 (Rovrn,
1440 3500 1706 3571 Reliun
1743 3514 1932 3568 sacrm,
1965 3499 2201 3566 Oxonii,
2232 3501 2390 3568 1814,
2424 3500 2466 3569 l,
2502 3500 2650 3573 149.)

1659 3598 1746 3652 Ea:
1774 3596 1914 3652 libro
1940 3598 2167 3652 incerto.

284 3765 474 3878 Atque
507 3820 577 3859 ea
596 3819 689 3859 res
712 3806 838 3858 tum
858 3815 894 3857 a
916 3796 1305 3871 scriptoribus
1330 3793 1497 3851 aﬂde
1527 3797 1732 3849 nostra
1758 3809 1857 3865 pe-
1897 3794 1941 3862 C
2038 3788 2171 3849 Ἢδε
2199 3789 2417 3867 ἱστορία
2448 3792 2667 3865 (inquit
2696 3793 2984 3849 Eusebius
3014 3793 3120 3850 lib.
3155 3811 3187 3847 v
3217 3796 3355 3850 Hist.
3405 3811 3531 3866 cap.
3566 3795 3620 3868 5)

203 3899 374 3956 nitus
405 3894 635 3961 alienis,
690 3891 907 3963 quibus
964 3906 1120 3944 cura;
1165 3887 1277 3943 fuit
1322 3902 1416 3941 res
1462 3901 1531 3941 eo
1589 3889 1859 3956 tempore
1969 3879 2183 3960 φέρεται
2220 3901 2314 3953 μεν
2337 3882 2736 3951 (historiaest,
2756 3882 2829 3937 de
2850 3882 2950 3939 illo
2976 3883 3165 3939 imbre
3193 3883 3266 3938 ad
3295 3882 3621 3939 sedandam

203 3993 408 4063 gestas
432 3981 731 4040 memorias
751 3979 1059 4048 mandare,
1078 3984 1200 4034 tum
1233 3994 1268 4033 a
1291 3975 1513 4032 nostris
1547 3975 1726 4030 etiam
1755 3974 1861 4028 ho-

1974 3971 2229 4027 militum
2263 3971 2422 4027 sitim
2451 3973 2523 4026 M.
2557 3972 2838 4026 Antonini
2874 3972 3018 4045 imp.
3075 3972 3359 4028 exercitui
3412 3972 3620 4040 misso,

202 4059 476 4135 minibus
498 4072 774 4128 refertur.
795 4068 909 4126 Sed
927 4068 1236 4141 gentilium
1253 4066 1573 4137 scriptores
1598 4068 1799 4135 utpote
1832 4079 1866 4118 a
1974 4062 2116 4118 dum
2146 4062 2466 4118 fulminum
2490 4062 2656 4134 jactu
2687 4062 3052 4119 vexabantur
3081 4064 3303 4134 hostes)
3332 4061 3423 4115 καὶ
3473 4059 3620 4135 παρὰ

204 4165 498 4238 religione
512 4167 713 4217 nostra
732 4159 1111 4227 dissidentes,
1135 4158 1247 4212 hoc
1259 4155 1492 4227 quidem
1509 4153 1865 4210 miraculum

1993 4156 2088 4213 τοῖς
2121 4148 2312 4225 πόρῤω
2341 4154 2438 4206 τοῦ
2467 4150 2586 4214 καθ’
2640 4153 2788 4224 ἡμᾶς
2836 4148 3009 4227 λόγου
3064 4151 3481 4227 συγγραφεύσιν,
3532 4150 3619 4209 οἷς

206 4255 787 4312 commemorarunt:
816 4265 934 4304 non
952 4253 1148 4302 tamen
1163 4245 1221 4301 id
1240 4251 1579 4301 nostrorum
1594 4243 1867 4316 precibus

208 4345 427 4402 factum
440 4358 567 4397 esse
581 4339 834 4396 confessi
849 4342 1009 4393 sunt.
1026 4335 1221 4392 Nostri
1240 4351 1374 4391 vero
1389 4338 1590 4407 utpote
1608 4332 1871 4388 veritatis

258 4495 479 4551 rimum
511 4493 707 4548 enasci
737 4494 1015 4563 coeperat,
1044 4491 1323 4544 Montano
1353 4502 1488 4541 cum
1521 4483 1704 4567 falsis.
1735 4483 1873 4540 vati-
1906 4504 1948 4568 Β

210 4513 331 4625 bus
360 4567 485 4623 suis
515 4564 710 4620 adhuc
754 4562 972 4619 erroris
1028 4561 1119 4616 sui
1166 4559 1555 4616 fundamenta
1586 4558 1869 4625 jacnente.

258 4586 331 4623 us
360 4567 485 4623 suis
515 4564 710 4620 adhuc
754 4556 972 4619 erroris
1006 4556 1119 4616 sui
1166 4559 1555 4616 fundamenta
1586 4556 1869 4628 jaciente.

213 4638 435 4698 Euseb.
468 4640 537 4693 Η.
570 4638 633 4691 Ε.
667 4635 819 4697 Ιυειν,
852 4651 903 4688 c.
933 4636 1024 4687 27.

288 4711 403 4782 (44)
437 4710 739 4782 Dissertat.
767 4708 838 4782 4.
861 4707 1041 4772 lren.,
1073 4702 1218 4782 _§A38,
1251 4717 1384 4773 pag.
1415 4702 1540 4770 369,
1565 4704 1623 4755 et
1643 4699 1876 4755 Disser-

217 4775 327 4840 tat.
361 4775 396 4837 4
426 4780 730 4852 (Σῖρινὴιιι.ζ
759 4779 871 4852 §_4,
902 4792 1033 4848 pag.
1068 4775 1163 4852 40,

314 4853 404 4924 45)
439 4842 636 4924 (ἵν’ἱεηξ
662 4842 1033 4924 Christianus,
1068 4851 1192 4900 tom
1239 4844 1284 4909 Ι,
1320 4842 1431 4899 col.
1464 4843 1588 4898 833.

314 4854 404 4924 45)
439 4854 636 4908 Oriens
666 4854 933 4907 Christiaz

289 4854 404 4995 E46)
442 4925 582 4979 Vite
609 4923 730 4986 SS.,
768 4925 810 4975 t.
848 4921 933 4973 Vl.

293 4984 408 5058 E47)
449 4996 569 5051 Vita
597 4984 913 5049 sanctorum
943 4987 1017 5044 ad
1046 4988 1208 5043 diem
1236 4989 1305 5058 22
1336 4984 1625 5058 Octobris.

222 5055 408 5195 1438)
441 5065 648 5122 Illustr.
679 5064 880 5120 Eccles.
914 5061 1124 5118 Orient.
1156 5057 1374 5128 script,
1427 5062 1568 5112 tom.
1619 5055 1692 5123 II,
1746 5071 1876 5129 pag.

296 5210 413 5282 (49)
449 5211 635 5282 Baron
690 5208 763 5264 ad
799 5221 1025 5282 annum
1059 5202 1184 5282 163,
1215 5201 1362 5282 {45.

298 5270 413 5353 (50)
445 5280 674 5336 Tillem.
733 5280 1016 5336 Mémoires
1074 5270 1400 5331 ecclftom.
1451 5271 1521 5340 II,
1580 5285 1713 5341 pag.
1754 5270 1883 5336 299,

224 5496 244 5553 ι
301 5424 522 5551 (δηῦξέ
544 5423 765 5481 σοιιεοι.
798 5420 992 5478 concil.
1025 5417 1184 5491 apud
1225 5414 1433 5481 Mansi,
1485 5416 1629 5468 tom.
1674 5409 1743 5479 Il,
1793 5426 1885 5465 co-

256 5514 383 5553 um.
493 5512 542 5549 ’.

256 5514 383 5560 um,
418 5499 542 5551 692.

303 5556 421 5638 (52)
452 5568 603 5623 L’art
634 5567 701 5621 de
726 5568 940 5634 veri/ter
970 5564 1043 5619 les
1070 5562 1243 5628 dates,
1272 5572 1403 5638 pag.
1442 5556 1559 5638 Hi.
1632 5623 1667 5638 μ

298 5628 417 5710 (53)
448 5640 546 5695 Vir
577 5654 718 5696 sane
753 5628 1060 5709 praestans,
1095 5638 1153 5690 et
1185 5628 1335 5702 stylo
1367 5628 1667 5701 praestanti
1717 5639 1882 5680 usus.

224 5712 409 5776 Phot.
442 5711 645 5769 codice
682 5712 765 5765 14.

1981 4240 2145 4314 μέλον
2179 4239 2371 4316 γέγονε
2398 4246 2499 4309 τῆς
2527 4241 2665 4294 κατὰ
2718 4240 2849 4303 τοὺς
2897 4238 3270 4313 δηλουμένους
3318 4242 3430 4313 (56)
3481 4259 3622 4314 γρα-

1979 4334 2107 4406 φῆς·
2153 4326 2463 4400 δεδήλωται
2518 4326 2576 4384 δὲ
2640 4328 2730 4383 καὶ
2786 4329 2922 4405 πρὸς
2976 4333 3084 4383 τῶν
3142 4331 3427 4404 ἡμετέρων
3486 4331 3624 4403 (57).

2052 4482 2161 4553 (54)
2194 4485 2473 4539 Memoires
2498 4483 2564 4537 de
2596 4480 2884 4553 l’histm're,
2919 4486 3060 4537 tom.
3096 4484 3166 4544 ῐῐ.
3199 4471 3328 4553 pag.
3359 4482 3462 4553 208

2054 4552 2164 4626 (55)
2201 4554 2339 4609 Vide
2369 4553 2762 4609 Bollandistas
2793 4552 2865 4607 ad
2897 4553 3054 4607 diem
3086 4555 3116 4605 7
3144 4552 3468 4619 Februarii,
3491 4567 3625 4623 pag.

1986 4631 2010 4682 1
2056 4632 2114 4682 et
2142 4642 2267 4682 sea.

2056 4642 2347 4768 ῗέθῗθιῗᾶτά
2384 4694 2509 4755 τοὺς
2569 4690 3404 4768 anlospévooq.Imperatores
3458 4694 3630 4768 Pium

1984 4764 2433 4838 Aureliumque.
2468 4769 2579 4822 Res
2609 4764 2805 4822 autem
2838 4764 3200 4838 contigit,'ut
3240 4767 3300 4821 in
3349 4766 3507 4820 notis
3555 4764 3630 4838 ad

1986 4838 2197 4895 Euseb.
2233 4836 2496 4893 Valesius
2528 4839 2805 4903 ostendit,
2826 4840 2896 4891 M.
2920 4836 3155 4892 Aurelio
3183 4839 3479 4892 Antonino
3506 4836 3631 4890 solo

1985 4909 2646 4983 regnanteLVitamjam
2677 4912 2879 4983 functo
2928 4916 3096 4982 patre
3129 4909 3278 4983 _Pio,
3330 4912 3449 4983 imo
3500 4911 3635 4983 post

1988 4977 2241 5038 mortem
2276 4980 2405 5035 Veri
2441 4977 2657 5035 fratris.
2691 4977 2977 5037 Castorum
3027 4980 3203 5036 verba
3250 4977 3637 5051 Apollinaris,

1990 5071 2120 5126 quae
2154 5057 2512 5126 sequuntur,
2539 5067 2609 5126 ex
2640 5054 2907 5126 Apotogia
2931 5053 3059 5123 ejus
3090 5053 3165 5126 ad
3197 5050 3472 5126 eumd_em
3499 5050 3640 5126 hlar-

1990 5119 2604 5206 c'um,‘cujusﬂ_scripti
2635 5195 2649 5206 _
2669 5119 3050 5206 mentionem
3086 5123 3306 5177 fecerat
3348 5119 3641 5206 Eusebius

1992 5214 2117 5269 cap.
2154 5198 2220 5251 26
2254 5193 2312 5250 et
2339 5195 2431 5264 27,
2483 5193 2673 5268 ejusd.
2738 5195 2839 5249 lib.
2901 5211 2970 5261 ιν,
3026 5194 3271 5249 fortasse
3331 5193 3645 5262 desumpta

1993 5272 2150 5324 sunt.

2065 5342 2179 5409 (57)
2212 5333 2528 5407 Δεδήλωται
2561 5333 2618 5390 δὲ
2646 5336 2732 5389 καὶ
2768 5334 2903 5408 πρὸς
2931 5337 3038 5388 τῶν
3074 5333 3499 5409 ἢμετὲρῳνκΑά
3528 5335 3641 5389 hoc

1994 5408 2346 5467 miraculum
2382 5409 2595 5465 alludit
2625 5409 2970 5480 Cyprianus,
3006 5424 3135 5462 cum
3165 5408 3247 5462 ait
3286 5408 3346 5480 in
3377 5408 3644 5480 fl‘ractatu

1995 5483 2068 5537 ad
2086 5483 2480 5535 Demetriadem
2504 5497 2522 5533 :
2536 5503 2563 5528 ‹‹
2585 5477 2951 5533 Christianos
2966 5496 3071 5549 pro
3090 5479 3357 5533 arcendis
3376 5477 3646 5531 hostibus

1996 5552 2358 5608 etimbribus
2378 5551 2768 5622 impetrandis
2790 5566 2995 5622 rogare
3018 5556 3077 5605 et
3098 5567 3300 5622 preces
3322 5549 3593 5622 fundere.
3617 5567 3647 5596 »

1994 5628 2058 5680 P.
2096 5626 2215 5689 193,
2250 5622 2341 5679 ed.
2374 5620 2561 5677 Oxon.
2594 5623 2679 5676 W.
2734 5622 2923 5676 Lowth
2958 5620 3018 5674 in
3064 5620 3297 5675 Eusebii
3353 5620 3445 5675 ed.
3504 5622 3645 5675 Rea-

1997 5696 2157 5768 ding.
2189 5693 2350 5752 Adde
2382 5693 2656 5767 Cypriani
2685 5693 3035 5768 magistrum
3063 5692 3516 5758 Tertullianum,
3544 5690 3648 5764 qui
