4034 6226
247 413 276 472 1
289 412 408 474 305

1399 414 1462 475 S.
1508 411 2012 476 HEGESIPPUS.
2059 445 2131 457 —
2175 409 2529 476 NOTITIA.

3511 411 3665 492 1306

243 564 356 618 per
381 547 550 617 legem
584 563 648 603 ac
697 547 1017 621 praphetas,
1049 553 1103 602 et
1132 563 1166 603 α
1198 546 1429 604 Domino
1457 551 1574 619 ipso
1597 549 1906 620 pradicata
1935 551 1988 616 Α
2018 546 2067 604 si
2097 547 2396 604 Unitarius
2426 547 2542 604 fuit
2563 545 2926 620 Hegesippus
2957 545 3138 620 (quod
3157 565 3253 606 me
3271 547 3552 620 probasse
3575 560 3672 604 ar'

250 644 406 695 sunt.
440 637 579 702 Quas
640 637 884 709 quidem
932 655 1004 692 ex
1061 637 1270 694 eodem
1323 638 1575 693 Eusebio
1609 642 1908 711 excerpta,

252 727 433 800 paulo
469 727 744 799 superius
774 745 882 784 nos
912 728 1232 800 protulisse
1267 729 1672 784 meminimus.

329 819 475 873 Cum
507 817 708 889 itaque
738 835 834 874 res
865 818 949 874 sic
979 835 1040 875 se
1070 817 1486 887 habeat,cluce
1509 817 1724 874 clarius
1747 822 1857 884 est,
1880 839 1908 869 »ι

249 907 336 965 ait
366 907 645 964 laudatus
678 910 975 974 Maranus,
1011 928 1040 959 ‹‹
1074 908 1471 983 Hegesippum
1513 907 1724 964 eodem
1753 925 1820 964 ac
1853 909 1908 964 S.

249 1000 548 1055 Irenaeum
581 1004 846 1072 tempore
871 999 1616 1071 scribentem,eosdemque
1638 999 1914 1056 refellen‘

251 1093 374 1144 tem
398 1088 889 1158 haereticos,hanc
911 1089 1297 1146 ecclesiarum
1315 1089 1774 1146 consensionem
1795 1105 1915 1145 non

251 1177 371 1234 alio
404 1195 583 1249 quam
613 1181 904 1236 Irenaaum
937 1181 1325 1252 consilio,nec
1353 1181 1501 1237 alios
1526 1179 1589 1236 in
1617 1196 1760 1236 usus
1772 1191 1920 1252 prea-

253 1266 822 1342 dicare.Repugnat
867 1269 1029 1326 enim
1085 1276 1151 1326 ut
1199 1271 1253 1326 S.
1309 1271 1567 1327 Irenmus
1618 1269 1797 1326 ﬁdem
1853 1267 1915 1325 in

252 1358 446 1413 Deum
479 1358 854 1415 incarnatum
886 1364 1008 1416 toto
1041 1361 1182 1416 orbe
1214 1361 1426 1434 vigere,
1446 1360 1558 1415 iste
1588 1376 1722 1416 vero
1748 1358 1916 1414 Chri-

252 1451 416 1503 stum
450 1447 522 1503 ab
553 1449 837 1506 omnibus
869 1449 1201 1522 simplicem
1251 1450 1556 1505 hominem
1589 1447 1913 1505 existimari

248 1542 529 1593 testetur.
564 1539 691 1594 Non
745 1543 943 1594 tamen
977 1538 1158 1611 pudet
1195 1539 1490 1595 Unitarios
1521 1539 1917 1611 Hegesippum

250 1641 364 1682 suo
397 1628 556 1699 gregi
592 1628 911 1700 ascribere,
947 1634 1004 1684 et
1037 1645 1397 1685 consensum
1428 1628 1704 1684 Ecclesiae
1739 1643 1919 1698 quem

250 1716 556 1773 haereticis
587 1719 772 1774 Deum
809 1719 1184 1775 incarnatum
1215 1719 1569 1793 negantibus
1601 1717 1917 1790 objicit,sic

254 1807 845 1880 interpretari,quasi
879 1810 1154 1865 universa
1183 1810 1758 1866 EcclesiaChristum
1774 1809 1915 1864 sim-

252 1897 479 1969 plicem
520 1898 824 1953 hominem
857 1898 1278 1955 consensisset.
1314 1922 1343 1950 ››

334 1986 446 2041 Sed
479 1986 866 2043 orthodoxam
899 1990 1045 2044 tanti
1072 1989 1262 2044 Patris
1281 1988 1614 2044 doctrinam
1641 1987 1711 2042 de
1739 1987 1905 2042 Chri-

257 2075 339 2130 sti
372 2075 907 2146 divinitate,contra
937 2078 1152 2150 impios
1182 2082 1427 2134 conatus
1457 2082 1695 2134 strenue
1715 2082 1914 2133 tuetur

259 2165 354 2220 vir
383 2165 784 2236 doctissimus,
817 2167 919 2222 ubi
955 2190 982 2218 ‹‹
1009 2167 1080 2223 de
1129 2185 1424 2224 consensu
1455 2173 1749 2223 sectarum
1777 2184 1912 2222 cum

256 2255 531 2311 ecclesiis
561 2255 894 2323 catholicis,
952 2273 1021 2312 ac
1052 2257 1245 2328 primo
1304 2258 1374 2313 de
1406 2258 1688 2313 Nazaraais
1721 2279 1748 2307 ››
1781 2273 1914 2312 ser-

253 2361 502 2399 monem
554 2345 777 2400 habet:
832 2347 1004 2419 cujus
1059 2346 1309 2419 proinde
1335 2347 1516 2404 verba
1561 2347 1624 2402 in
1650 2345 1914 2402 medium

253 2436 524 2506 proferre
557 2441 816 2507 prmstat.

334 2545 359 2577 σ
388 2525 452 2579 In
483 2527 894 2580 Nazaraeorum
943 2529 1125 2594 secta,
1184 2526 1382 2598 inquit
1433 2525 1566 2598 (13),
1616 2523 1914 2581 Sociniani

251 2612 605 2683 praesidium
637 2629 830 2670 causa:
865 2631 985 2669 suae
1013 2615 1408 2681 constituunt,
1440 2619 1499 2669 et
1521 2613 1913 2687 Hegesippum

257 2719 442 2772 quem
501 2702 790 2758 Eusebius
837 2720 907 2758 ex
961 2704 1330 2760 circumcisis
1360 2703 1709 2759 Christianis
1734 2703 1916 2758 fuisse

255 2793 886 2865 opinatur,patronum
918 2793 1029 2849 sibi
1055 2793 1914 2850 asciscunt.Prmterauctorem

261 2883 468 2936 lrenici
494 2884 855 2950 Irenicorum,
889 2883 989 2954 qui
1023 2900 1084 2938 se
1117 2883 1187 2938 de
1217 2883 1503 2938 Nazarmis
1548 2888 1605 2937 et
1635 2881 1706 2937 de
1740 2883 1916 2954 Hege-

260 2971 438 3041 sippo
465 2972 686 3042 passim
720 2973 985 3028 venditat
1005 2973 1266 3045 (14),duo
1300 2973 1566 3044 ejusdem
1585 2977 1739 3027 nota:
1769 2971 1916 3027 scri-

259 3067 469 3131 ptores
499 3061 657 3133 apud
688 3063 920 3118 Bullum
952 3063 1210 3118 citantur
1235 3063 1481 3134 (l5),qui
1503 3079 1622 3118 non
1646 3061 1914 3134 Hegesip-

257 3167 404 3222 pum
437 3151 760 3221 solum,sed
781 3169 990 3208 omnes
1008 3153 1186 3208 etiam
1211 3152 1466 3208 Orientis
1498 3156 1556 3207 et
1585 3151 1919 3208 Occidentis

255 3239 576 3306 Ecclesias,
613 3258 866 3312 quarum
899 3259 1256 3297 consensum
1293 3241 1495 3297 laudat
1527 3241 1911 3314 llegesippus,

257 3331 473 3385 haeresi
507 3348 628 3386 sua;
659 3331 979 3386 ascribunt.
1007 3337 1120 3387 Hos
1172 3349 1336 3388 more
1368 3349 1473 3387 suo
1507 3332 1787 3402 compilat
1808 3348 1912 3387 au-

257 3425 391 3474 ctor
417 3423 749 3476 Ptatonismi
793 3423 992 3476 detecti
1041 3423 1172 3493 (16).
1208 3423 1302 3477 Sic
1359 3428 1555 3477 autem
1588 3421 1744 3493 apud
1775 3421 1912 3476 Bul-

257 3509 385 3564 lum
419 3510 531 3580 (17)
589 3516 794 3565 auctor
839 3511 976 3565 libri
1008 3511 1165 3566 illius
1223 3511 1324 3582 qui
1354 3512 1635 3566 Iudicium
1686 3516 1915 3566 Patrum

253 3598 801 3662 inscribitur,suam
832 3603 890 3655 et
916 3597 1237 3671 gregalium
1271 3599 1626 3654 sententiam
1651 3599 1910 3668 exponit.

254 3708 285 3737 «
317 3687 537 3756 Primo,
573 3709 600 3736 »
630 3688 842 3758 inquit,
876 3708 903 3738 ι
936 3687 1298 3758 Hegesippus
1329 3688 1440 3742 fuit
1485 3688 1612 3758 ipse
1641 3686 1915 3741 Iudaico-

263 3776 731 3844 Christianus,ut
763 3778 1052 3832 Eusebius
1084 3782 1334 3832 testatur
1358 3778 1503 3849 (18);
1539 3792 1744 3830 omnes
1779 3791 1911 3830 vero

253 3864 882 3933 Judaico-Christiani,
917 3872 1064 3922 teste
1107 3867 1375 3938 Origene,
1409 3866 1695 3921 Ebionitaa
1726 3865 1909 3920 fuere.

254 3955 498 4010 ILIdem
522 3955 804 4011 Eusebius
837 3957 932 4011 l.c.
962 3957 1106 4012 dicit
1128 3957 1520 4028 Hegesippum
1544 3971 1715 4010 usum
1730 3953 1912 4009 fuisse

261 4044 317 4099 S.
355 4044 608 4098 Matthaei
642 4045 926 4100 Hebraico
975 4045 1312 4117 Evangelia,
1345 4062 1460 4116 quo
1493 4044 1618 4099 solo
1648 4044 1741 4098 usi
1775 4047 1915 4098 sunt

256 4133 543 4188 Ebionitze
560 4141 616 4189 et
639 4134 883 4190 Unitarii
905 4135 1347 4191 Christianilll.
1373 4133 1737 4206 Hegesippus
1755 4131 1911 4204 apud

256 4222 579 4278 Eusebium
604 4223 823 4278 ibidem
846 4224 1179 4296 catalogum
1195 4224 1481 4280 exhibens
1495 4223 1912 4278 haireticorum

256 4314 359 4384 qui
395 4313 484 4368 vel
515 4330 588 4368 ex
613 4313 830 4368 Iudaeis
862 4319 1052 4381 erant,
1086 4313 1179 4368 vel
1237 4314 1393 4369 inter
1439 4314 1691 4384 gentiles
1723 4313 1911 4368 exorti

257 4403 494 4462 sunt.in
528 4420 595 4457 eo
625 4402 886 4472 catalogo
921 4403 1165 4459 minime
1193 4410 1466 4461 recenset
1497 4405 1912 4461 Cerinthianos

256 4493 350 4547 vel
382 4492 683 4547 Ebionitas
708 4511 721 4560 ;
750 4492 908 4564 quod
929 4493 1137 4564 procul
1169 4493 1348 4549 dubio
1372 4494 1683 4566 fecisset,si
1709 4496 1913 4551 Serva—

255 4582 403 4637 toris
436 4581 622 4636 nostri
673 4581 1210 4651 prmexsistentiam
1265 4599 1333 4638 ac
1384 4583 1753 4640 divinitatem
1785 4583 1910 4654 ipse

2011 639 2224 710 bitror)
2257 642 2409 698 nihil
2441 641 2604 698 aliud
2636 641 2969 714 signiﬁcare
3001 646 3214 712 potest,
3247 657 3425 711 quam
3473 641 3664 698 credi-

2015 729 2173 785 disse
2204 730 2490 786 Ecclesias
2512 731 2648 786 illas
2681 747 2809 787 cum
2829 729 3470 802 Iudaico-Christianis,
3494 731 3664 786 Chri-

2016 824 2171 876 stum
2203 821 2520 878 Dominum
2555 822 2858 879 hominem
2891 839 3018 878 esse
3048 821 3397 895 prophetam
3416 826 3474 876 et
3503 820 3662 890 lega-

2017 914 2142 966 tum
2169 911 2290 978 Dei,
2325 929 2502 986 super
2523 930 2700 986 quem
2733 915 2914 988 Logos
2962 914 3080 970 sive
3110 913 3374 970 divinum
3406 912 3661 968 Verbum

2015 1000 2326 1072 acquievit.
2354 1024 2385 1054 ››

2091 1112 2119 1140 ‹‹
2154 1090 2259 1146 llic
2307 1107 2500 1162 Opera)
2540 1091 2798 1163 pretium
2841 1097 2930 1148 est
2984 1091 3456 1149 animadvertere
3487 1107 3668 1164 quam

2019 1184 2220 1252 aperte
2251 1196 2453 1236 secum
2484 1187 2750 1253 pugnent
2778 1181 3098 1251 Sociniani,
3158 1199 3336 1254 quam
3395 1181 3574 1254 impie
3607 1181 3668 1236 in

2020 1269 2198 1326 rebus
2228 1270 2484 1326 maxime
2508 1271 2679 1327 seriis
2706 1271 3185 1342 ludificent,dum
3203 1272 3597 1344 Hegesippum
3614 1273 3673 1325 et

2021 1359 2327 1415 laudatum
2358 1360 2430 1415 ab
2463 1375 2530 1416 eo
2562 1360 2961 1416 Ecclesiarum
3019 1377 3380 1417 consensum
3426 1359 3501 1415 ad
3530 1375 3675 1415 usus

2023 1465 2161 1504 suos
2191 1449 2544 1522 adjungunt.
2578 1450 2685 1515 Qui
2717 1451 2875 1505 enim
2908 1449 2966 1505 id
2999 1451 3291 1522 quadrare
3322 1449 3510 1521 possit
3539 1464 3676 1504 cum

2023 1554 2230 1594 eorum
2263 1538 2620 1610 principiis?
2650 1540 2955 1596 Scribebat
2987 1541 3348 1612 Hegesippus
3381 1539 3489 1594 sub
3507 1538 3680 1592 Eleu-

2026 1628 2214 1695 thero,
2244 1645 2422 1698 quem
2456 1634 2823 1700 postremum
2857 1647 2926 1686 ex
2957 1630 3234 1686 Romanis
3267 1628 3563 1701 episcopis
3591 1643 3680 1682 re-

2024 1725 2247 1783 censet,
2277 1718 2337 1773 id
2387 1724 2479 1775 est
2506 1720 2680 1774 annis
2735 1720 2860 1775 fere
2914 1720 3324 1792 quadraginta,
3360 1725 3674 1790 postquam

2024 1810 2288 1865 Justinus
2321 1825 2355 1863 a
2385 1826 2500 1879 quo
2526 1808 2952 1865 Platonismum
2986 1809 3295 1864 inductum
3326 1807 3677 1874 volunt,ani-

1940 1933 1988 1997 Β
2029 1917 2190 1955 mum
2224 1899 2299 1955 ad
2328 1898 2634 1969 religionis
2659 1899 3068 1955 defensionem
3091 1898 3677 1970 appulerat.Necesse

2019 1995 2110 2046 est
2139 2005 2276 2061 ergo
2310 1994 2550 2044 sanctus
2580 1995 2805 2061 martyr
2833 2005 3074 2060 operam
3094 1989 3305 2044 luserit
3327 1987 3388 2042 in
3415 1985 3678 2041 docendo

2018 2079 2422 2134 Platonismo:
2451 2079 2700 2151 jamque
2729 2079 2830 2134 alii
2889 2078 3167 2135 novitatis
3221 2083 3492 2134 auctores
3527 2085 3685 2146 quae'

2019 2169 2214 2236 rendi,
2241 2169 2289 2222 si
2320 2168 2535 2224 veritas
2569 2174 2732 2224 tanto
2787 2173 2919 2239 post
2968 2167 3029 2222 in
3087 2167 3365 2223 omnibus
3401 2163 3686 2221 Ecclesiis

2021 2275 2252 2314 summo
2285 2275 2582 2314 consensu
2608 2257 3093 2330 vigebat.Deinde
3124 2274 3260 2312 vero
3293 2273 3558 2312 errorem
3591 2254 3677 2311 fa-

2019 2353 2220 2404 tentur
2240 2364 2362 2404 non
2394 2347 2588 2403 subito
2621 2347 2684 2402 in
2713 2347 3038 2403 Ecclesiam
3059 2346 3363 2418 irrupisse,
3401 2344 3505 2400 sed
3531 2344 3672 2414 qui-

2020 2437 2272 2492 busdam
2293 2436 2472 2493 veluti
2490 2435 2768 2509 gradibus
2787 2436 3312 2508 obrepentem,sub
3339 2435 3567 2490 Victore
3581 2432 3678 2488 do-

2024 2527 2237 2582 minari
2257 2525 2710 2598 incmpisseSed
2741 2525 2790 2580 si
2825 2525 2933 2581 sub
2965 2525 3280 2581 Eleuthero
3311 2540 3387 2578 ne
3410 2523 3678 2592 cognitus

2023 2615 2286 2687 quidem,
2321 2616 2431 2672 sub
2455 2616 2584 2686 ejus
2611 2631 2954 2670 successore
2978 2615 3198 2686 ubique
3225 2613 3490 2686 regnavit
3514 2628 3527 2678 ;
3558 2627 3680 2664 non
3773 2659 3776 2662 .

2018 2704 2144 2776 jam
2171 2705 2379 2762 leviter
2409 2706 2746 2761 insinuatus
2773 2709 2881 2770 est,
2917 2703 3019 2760 sed
3054 2704 3251 2776 potius
3283 2702 3440 2757 intra
3469 2714 3680 2756 novem

2023 2811 2210 2850 annos
2239 2795 2524 2867 (amplius
2555 2797 2713 2852 enim
2747 2795 2945 2850 Victor
3000 2811 3119 2848 non
3152 2792 3329 2859 sedit)
3362 2796 3548 2846 totum
3580 2804 3676 2843 or-

2023 2883 2157 2938 bem
2188 2889 2480 2940 terrarum
2512 2885 2718 2956 rapido
2743 2883 3000 2956 quodam
3027 2880 3302 2936 incendio
3327 2877 3602 2951 pervasit.

2095 2996 2123 3024 α
2153 2974 2263 3030 Sed
2287 2974 2334 3030 si
2366 2975 2491 3030 haac
2518 2975 2588 3030 de
2624 2972 2930 3046 Hegesippi
2978 2977 3035 3027 et
3089 2971 3357 3026 omnium
3387 2965 3673 3022 Ecclesia-

2023 3080 2156 3119 rum
2187 3063 2526 3120 Ebionismo
2543 3068 2898 3127 commenta,
2918 3078 2992 3116 ne
3025 3077 3158 3116 cum
3191 3055 3518 3113 Socinianis
3541 3053 3674 3126 qui-

2025 3154 2159 3210 dem
2173 3153 2524 3209 commentis
2539 3157 2901 3226 congruunt;
2922 3150 3108 3206 multo
3129 3149 3324 3204 minus
3339 3163 3473 3202 cum
3489 3143 3674 3216 ipsius

2026 3243 2337 3318 Hegesippi
2370 3243 2710 3299 testimonio
2735 3246 3080 3314 congruent.
3113 3241 3167 3294 Is
3199 3237 3380 3303 enim,
3403 3239 3470 3291 ut
3498 3231 3676 3290 modo‘

2028 3333 2486 3399 observavimus,
2513 3331 2831 3404 objiciebat
2860 3324 3677 3396 Marcionitis,Valentinianis

2024 3429 2083 3479 et
2113 3423 2244 3478 aliis
2276 3422 2620 3494 hujusmodi
2681 3420 2976 3476 haereticis
3008 3433 3365 3474 consensum
3409 3413 3677 3469 omnium

2022 3512 2512 3566 Ecclesiarum.ln
2541 3528 2656 3581 quo
2688 3515 2862 3564 antea
2888 3508 3080 3580 posita
3108 3511 3233 3561 erat
3250 3504 3524 3559 Ecclesias
3538 3517 3673 3557 cum

2021 3601 2114 3655 his
2146 3600 2472 3655 hmresibus
2503 3598 2904 3654 controversia
2936 3598 2964 3651 ‘l
2992 3597 3058 3650 ln
3089 3611 3157 3650 eo
3190 3593 3348 3664 quod
3376 3591 3669 3646 mundum

2022 3689 2283 3743 hmretici
2317 3706 2351 3743 a
2379 3687 2520 3742 Filio
2554 3687 2653 3741 Dei
2685 3691 2947 3740 creatum
2981 3687 3284 3755 negarent,
3319 3695 3573 3750 eumque
3607 3678 3669 3733 in

2020 3783 2258 3834 uterum
2292 3776 2546 3848 Virginis
2577 3773 2953 3830 descendisse
2986 3778 3044 3828 et
3084 3789 3280 3826 veram
3311 3785 3549 3826 carnem
3580 3785 3669 3826 as-

2020 3867 2369 3937 sumpsisse.
2403 3867 2570 3919 Hunc
2619 3863 2795 3935 igitur
2825 3879 3085 3917 errorem
3121 3859 3525 3916 detestabatur
3554 3859 3671 3913 He-

2019 3955 2296 4028 gesippus
2326 3970 2463 4010 cum
2515 3952 2792 4008 omnibus
2849 3950 3160 4007 catholicis
3186 3967 3200 4016 ;
3228 3955 3286 4005 et
3314 3947 3601 4005 mundum
3635 3963 3669 4002 a

2020 4045 2167 4100 Filio
2201 4045 2301 4100 Dei
2331 4049 2621 4109 creatum,
2680 4057 2998 4112 veramque
3056 4057 3294 4096 carnem
3354 4037 3426 4094 ab
3457 4036 3669 4092 eodem

2020 4140 2386 4206 assumptam
2420 4131 2695 4188 credebat
2727 4147 2898 4202 ;qua)
2949 4127 3242 4184 sententia
3298 4130 3519 4200 pugnat
3565 4124 3672 4181 ad-

2019 4242 2184 4282 versa
2211 4224 2405 4279 fronte
2437 4239 2570 4277 cum
2612 4221 3020 4276 Ebionitarum
3053 4217 3377 4274 erroribus.

2093 4337 2120 4366 α
2143 4314 2309 4380 Quod
2329 4319 2526 4369 autem
2548 4311 2924 4383 Evangelium
2948 4309 3276 4365 secundum
3303 4306 3577 4364 Hebraaos
3598 4304 3670 4362 ab

2020 4406 2347 4478 Hegesippo
2379 4405 2645 4469 citatum,
2681 4407 2737 4458 et
2766 4401 3068 4456 Ebionitas
3099 4399 3172 4454 ab
3227 4399 3433 4454 eodem
3488 4397 3550 4453 in
3579 4413 3667 4453 re-

2019 4495 2334 4550 censendis
2389 4492 2682 4548 hmreticis
2740 4489 2990 4546 omissos
3045 4488 3371 4560 objiciunt;
3405 4485 3547 4541 satis
3577 4490 3668 4541 est

2021 4601 2156 4640 cum
2189 4583 2419 4639 erudito
2450 4581 2614 4638 Bullo
2645 4578 3191 4651 respondere,idem
3226 4575 3604 4648 Evangelium
3634 4591 3670 4630 a

257 4671 668 4728 credidisset.»
706 4671 802 4724 His
835 4671 1179 4742 prwmissis,
1214 4671 1298 4726 sic
1321 4672 1393 4726 de
1424 4673 1700 4728 omnibus
1719 4674 1916 4729 Eccle-
1948 4667 1995 4732 ἰ)
2026 4675 2350 4740 Clemente,
2381 4673 2629 4744 Origene
2659 4677 2718 4725 et
2774 4669 3128 4739 Hieronymo
3160 4668 3405 4723 citatum
3437 4665 3620 4720 fuisse
3651 4677 3667 4731 ;

259 4763 364 4816 siis
396 4760 708 4815 arbitrium
741 4759 880 4814 facit
911 4776 922 4813 :
959 4782 988 4810 «
1021 4761 1116 4814 Ait
1149 4761 1508 4833 Hegesippus
1535 4763 1691 4834 apud
1731 4765 1912 4819 Euse-

256 4852 427 4906 bium
451 4853 588 4918 (19),
635 4866 696 4904 se
731 4852 976 4905 Romam
1009 4850 1338 4921 profectum
1388 4851 1590 4918 fuisse,
1625 4857 1799 4924 atque
1831 4853 1910 4907 ibi

256 4939 471 4994 vixisse
489 4938 599 4993 sub
620 4939 789 5010 papis
817 4940 1082 5006 Aniceto,
1107 4940 1308 4996 Sotere
1342 4946 1398 4996 et
1430 4942 1766 5009 Eleuthero,
1799 4942 1912 4997 ibi-

257 5046 373 5102 que
407 5035 464 5083 et
495 5028 555 5082 in
587 5028 717 5082 aliis
747 5028 1026 5083 omnibus
1059 5029 1518 5101 episcopatibus,
1551 5031 1852 5088 doctrinas
1877 5049 1912 5087 a

251 5120 383 5190 lege
404 5117 780 5190 etprophetis
801 5124 978 5188 atque
1000 5135 1032 5172 a
1060 5119 1364 5174 Servatore
1402 5127 1606 5176 nostro
1639 5121 1906 5188 traditas,

251 5213 634 5266 conservatas
665 5207 874 5264 fuisse.
913 5207 1120 5275 Verbo,
1151 5208 1367 5264 fatetur
1399 5227 1459 5265 se
1482 5211 1776 5267 invenisse
1809 5213 1909 5267 Ec-

245 5297 464 5353 clesias
485 5297 704 5368 ubique
728 5297 1086 5353 orthodoxas
1110 5303 1166 5354 et
1182 5299 1345 5355 uniio
1356 5303 1662 5358 rmes.Hoo
1682 5307 1905 5374 autem,

319 5500 436 5570 (13)
475 5500 692 5572 Maran.
719 5497 768 5572 il.
805 5514 854 5553 c.
889 5513 1016 5572 cap.
1055 5501 1107 5565 7,
1142 5515 1272 5570 pag.
1305 5501 1430 5566 246,
1456 5518 1580 5572 seq.

321 5574 432 5644 (14)
465 5570 672 5644 Zwick.
703 5571 850 5644 Iren.
884 5571 1106 5637 Irenic.,
1144 5588 1305 5644 pagg.
1340 5574 1405 5625 73
1438 5578 1497 5627 et
1528 5570 1649 5628 111.

318 5642 434 5716 (15)
470 5643 623 5698 Bull.
654 5643 875 5698 Primit.
919 5648 971 5697 et
1003 5642 1239 5712 apostol.
1277 5644 1487 5699 Tradat.
1521 5662 1648 5717 cap.
1682 5646 1734 5701 3.
1768 5661 1896 5719 pag.

249 5721 694 5864 12,(1st;3)ql’taton.
727 5784 924 5843 ἀέυοὶι.
955 5789 1110 5858 part.
1140 5803 1205 5856 ιι,
1229 5803 1358 5858 cap.
1390 5788 1479 5842 22.

2022 4765 2324 4819 Ebionitas
2350 4763 2617 4834 paritera
2632 4761 2862 4816 Iustino
2883 4761 3136 4814 lmzreses
3158 4761 3505 4814 recensente
3525 4773 3672 4828 prm-

2022 4853 2366 4919 termissos;
2401 4852 2491 4906 vel
2523 4852 2718 4923 potius
2742 4855 2799 4905 et
2830 4867 2863 4905 a
2892 4849 3120 4904 Iustino
3143 4846 3470 4920 generatim
3501 4861 3667 4902 com-

2019 4943 2369 5015 prehensos,
2394 4947 2452 4998 et
2480 4940 2551 4997 ab
2613 4939 2961 5011 Hegesippo,
2995 4937 3138 4992 dum
3159 4933 3662 5008 pseudochristos,

2019 5026 3118 5105 pseudoprophetas,pseudoapostolos
3133 5023 3667 5096 commemorat(20)

2020 5125 2118 5178 His
2143 5122 2314 5192 adde,
2343 5123 2494 5178 hanc
2526 5122 2802 5177 hairesim
2825 5119 3139 5174 obscuram
3168 5115 3478 5173 admodum
3504 5119 3563 5168 et
3591 5112 3667 5168 ad

2019 5212 2409 5284 paucissimos
2441 5211 2740 5268 redactam
2763 5209 3036 5274 fuisse,ut
3066 5207 3279 5262 mirum
3301 5221 3422 5261 non
3436 5203 3512 5260 sit
3533 5218 3664 5258 eam

2016 5303 2409 5375 praetermitti.
2439 5305 2621 5358 Erant
2678 5300 2837 5355 enim
2896 5299 2988 5353 his
3048 5296 3280 5353 saaculis
3333 5294 3404 5351 de
3449 5290 3668 5350 Christi

2086 5503 2200 5574 (17)
2233 5499 2448 5574 Bull._l.
2483 5517 2566 5574 rc.,
2599 5516 2747 5574 pag._
2773 5502 2860 5574 12ἱ
2892 5501 2919 5568 §
2955 5503 3011 5566 2,
3045 5515 3206 5569 seqq.

2086 5570 2199 5646 (18)
2230 5571 2441 5646 Euseb.
2473 5573 2613 5646 liist.
2638 5571 2765 5626 eccl.
2799 5570 2904 5629 lib.
2937 5589 3012 5640 ιγ,
3045 5587 3169 5641 cap.
3199 5571 3288 5626 22.

2082 5642 2190 5716 (19)
2226 5643 2433 5699 Euseb.
2468 5642 2613 5716 ibid.

2043 5711 2195 5844 2(20)
2229 5718 2432 5789 Heges.
2466 5714 2624 5787 apud
2653 5713 2869 5770 Euseb.
2901 5717 3044 5771 Hist.
3076 5713 3202 5770 sccl.
3236 5711 3340 5770 lib.
3399 5729 3472 5785 ιν,
3529 5725 3662 5788 cap.
