4000 6220
236 386 270 446 1
281 384 402 445 309

1408 382 1471 445 S.
1516 383 1928 446 BEGESIPPI
1976 381 2491 446 FRAGMENTA.

3508 386 3664 451 1310

236 516 394 572 ναόνο
428 511 717 590 ηῦρίσκετό
748 534 806 568 τε
835 512 1087 588 κείμενος
1118 511 1207 570 ’ἐπὶ
1263 519 1380 580 τοῖς
1424 516 1632 592 γόνασι,
1681 513 1773 571 καὶ
1815 516 1901 570 αὶ·-

2020 516 2129 589 ius,
2161 516 2625 589 facultatemque
2653 516 2929 575 habebat.
2960 518 3162 588 Neque
3221 518 3384 575 enim
3429 517 3666 587 lanicio,

238 604 507 678 τούμενος
550 602 681 677 ὑπὲρ
740 607 837 657 τοῦ
898 600 1035 658 λαοῦ
1093 601 1304 682 ἄφεσιν·
1367 604 1443 665 ὡς
1501 600 1899 675 ἆπεσκληκὲναι

237 695 309 751 τὰ
338 695 539 770 γόνατα
572 693 735 748 αὐτοῦ
769 689 925 764 δίκην
953 691 1238 768 καμήλου,
1272 690 1363 748 διὰ
1391 694 1454 749 τὸ
1498 693 1580 749 ἀεὶ
1632 693 1900 768 κάμπτειν

240 783 330 839 ἐπὶ
361 783 493 859 γόνυ
705 786 1113 860 προσκυνοῦντα
1160 787 1238 857 τῷ
1296 787 1431 856 Θεῷ,
1489 782 1578 838 καὶ
1638 782 1903 839 αἶτεῖσθαι

241 871 430 953 ἄφεσιν
462 877 539 945 τῷ
569 872 709 946 λαῷ.
747 873 845 927 Διά
873 874 931 950 γὲ
961 894 1048 928 τοι
1077 874 1175 943 τὴν
1213 869 1528 949 ὑπερϐολὴν
1557 880 1658 944 τῆς
1690 870 1900 929 δικαιο-

244 963 408 1033 σύνης
467 962 632 1018 αύτοῦ
692 961 937 1019 ἐκαλεῖτο
996 962 1212 1026 Δίκαιος
1266 963 1356 1018 καὶ
1410 957 1637 1027 Ὠϐλίας
1699 965 1836 1039 (30)·
1876 960 1907 1018 ὅ

244 1053 388 1110 ἐστιν
422 1053 705 1124 ἑλληνιστὶ
742 1056 978 1130 περιοχή
1011 1058 1106 1109 τοῦ
1138 1050 1274 1109 λαοῦ
1305 1054 1395 1109 καὶ
1446 1051 1791 1127 δικαιοσύνη,
1829 1052 1903 1116 ὡς

241 1144 298 1198 οἱ
327 1149 605 1219 προφῆται
638 1140 872 1215 δηλοῦσι
904 1143 1027 1218 περὶ
1062 1141 1249 1199 αὐτοῦ.
1282 1142 1433 1206 Τινὶς
1461 1144 1551 1199 οὗν
1608 1148 1717 1199 τῶν
1767 1143 1908 1199 Eata

238 1232 495 1308 αἱρέσεων
520 1237 626 1288 τῶν
653 1231 704 1287 ἐν
729 1236 809 1305 τῷ
832 1230 975 1306 λαῷ,
997 1235 1105 1287 τῶν
1129 1231 1641 1309 προγεγραμμένων
1674 1253 1767 1307 μοι
1794 1232 1905 1307 (31)

242 1318 299 1376 ἐν
332 1325 450 1383 τοῖς
486 1321 904 1395 ὑπομνήμασιν,
935 1318 1297 1386 ἐπυνθάνοντο
1350 1320 1537 1392 αὑτοῦ,
1582 1320 1662 1385 τίς
1704 1323 1739 1392 ἡ
1773 1321 1907 1397 θύρα

243 1411 344 1465 τοῦ
372 1410 561 1481 Ἰησοῦ
591 1412 723 1485 (31).
758 1411 855 1466 Καὶ
891 1407 1048 1487 ἔλεγε
1079 1414 1271 1466 τοῦτον
1304 1410 1444 1466 εἶναι
1500 1413 1595 1467 τὸν
1645 1416 1904 1487 Σωτῆρα.

244 1500 337 1572 Ἐξ
368 1502 444 1556 ῶν
465 1522 606 1565 τινες
629 1500 967 1576 ἐπίστευσαν,
999 1500 1081 1558 ὅτι
1139 1503 1352 1574 Ἰησοῦς
1400 1501 1540 1558 ἐστιν
1575 1504 1603 1558 ὁ
1634 1505 1905 1578 Χριστός.

248 1592 322 1647 Al
355 1588 413 1646 δὲ
440 1593 675 1669 αἱρέσεις
740 1593 797 1647 αἱ
828 1593 1247 1669 προειρημέναι,
1308 1592 1406 1648 οὐκ
1457 1591 1735 1649 ἐπίστευον
1786 1593 1909 1650 οὕτε

246 1680 538 1736 ἀνάστασιν
594 1681 728 1755 (33),
797 1680 920 1738 οὔτε
976 1680 1282 1758 ἐρχόμενον
1342 1679 1638 1738 ἀποδοῦναι
1697 1683 1907 1756 ἑκάστῳ

245 1771 388 1848 κατὰ
424 1772 491 1826 τὰ
541 1764 677 1848 ἔργα
704 1770 892 1829 αὐτοῦ.
951 1773 1111 1830 ’Ὁσοι
1178 1770 1237 1828 δὲ
1300 1772 1389 1828 καὶ
1448 1772 1785 1843 ἐπίστευσαν,
1820 1770 1910 1827 διὰ

2012 606 2118 662 sed
2147 605 2304 662 linea
2333 611 2565 662 tantum
2595 611 2753 662 veste
2774 606 3067 663 utebatur.
3104 605 3167 661 ln
3191 606 3480 678 templum
3504 606 3667 663 solus

2013 695 2256 765 intrare,
2287 701 2463 767 atque
2496 695 2577 751 ibi
2598 695 2848 769 genibus
2874 696 3042 752 ﬂexis
3058 712 3165 768 pro
3186 696 3445 767 peccatis
3462 695 3667 768 populi

2013 784 2261 856 supplex
2291 787 2476 841 Deum
2509 802 2678 842 orare
2707 790 3139 853 consueverat;
3172 784 3319 841 adeo
3362 791 3428 841 ut
3476 801 3670 857 genua

2012 875 2201 947 ipsius
2218 875 2413 931 instar
2430 875 2644 931 cameli
2658 876 3214 945 occalluerint,dum
3230 875 3467 931 assidue
3481 879 3667 931 Deum

2012 982 2324 1036 venerans,
2356 970 2414 1021 et
2442 983 2547 1039 pro
2580 966 2769 1023 salute
2801 966 3007 1039 populi
3039 971 3175 1023 vota
3220 966 3446 1023 faciens
3496 965 3668 1023 humi

2016 1060 2402 1113 sterneretur.
2426 1057 2529 1113 Hic
2559 1074 2696 1131 ergo
2728 1057 2802 1113 ob
2833 1057 3193 1130 singularem
3217 1057 3514 1130 justitiam
3555 1072 3662 1111 co-

2015 1147 2393 1220 gnominatus
2415 1152 2506 1202 est
2523 1148 2745 1215 Justus,
2779 1152 2839 1202 et
2858 1146 3089 1215 Oblias;
3110 1146 3269 1218 quod
3299 1147 3499 1201 Latine
3531 1162 3666 1201 mu-

2016 1237 2351 1293 nimentum
2380 1236 2609 1309 populi,
2643 1242 2700 1292 et
2720 1236 3017 1309 justitiam
3048 1234 3671 1308 signiﬁcat,quemad-

2014 1325 2261 1384 modum
2286 1327 2467 1382 etiam
2483 1326 2787 1399 propheta:
2802 1325 2873 1382 de
2895 1343 2964 1381 eo
2981 1323 3664 1398 praedixerunt.Quidam

2018 1421 2221 1472 autem
2253 1433 2323 1471 ex
2354 1421 2580 1488 septem
2609 1416 2805 1483 sectis,
2839 1432 2971 1487 quae
3001 1415 3159 1487 apud
3193 1415 3424 1471 Judasos
3473 1418 3666 1484 erant,

2018 1505 2091 1562 de
2122 1505 2339 1577 quibus
2370 1506 2433 1561 in
2462 1504 2871 1577 superioribus
2901 1505 3071 1561 libris
3100 1504 3409 1577 scripsisse
3456 1504 3667 1559 memi-

2016 1595 2239 1662 nimus,
2271 1594 2715 1667 interrogarunt
2742 1611 2899 1665 eum,
2932 1594 3230 1666 quodnam
3260 1598 3417 1650 esset
3451 1592 3667 1648 ostium

2016 1684 2174 1740 Jesu.
2193 1683 2415 1749 Quibus
2436 1683 2753 1740 illelesum
2776 1700 2904 1740 esse
2938 1684 3306 1739 Servatorem
3337 1681 3667 1754 respondit.

2020 1774 2119 1829 His
2140 1774 2378 1841 auditis;
2399 1773 2673 1830 nonnulli
2698 1790 2903 1829 eorum
2921 1775 3120 1829 Iesum
3139 1789 3341 1829 revera
3369 1772 3668 1827 Christum

244 1846 505 1918 Ἰάκωϐον
703 1859 935 1917 Πολλῶν
970 1863 1062 1917 οῦν
1098 1863 1189 1917 καὶ
1228 1866 1337 1917 τῶν
1372 1862 1658 1938 ἀρχόντων
1683 1881 1905 1918 πιστευ-

2021 1880 2149 1919 esse
2180 1862 2583 1919 crediderunt.
2625 1863 3051 1935 Suprascriptaa
3080 1879 3215 1918 vero
3248 1867 3421 1917 secta
3443 1877 3554 1917 nec
3582 1877 3672 1916 re-

245 1951 542 2020 όντων,ἦν
574 1948 807 2027 θόρυϐος
872 1955 981 2006 τῶν
1046 1948 1327 2009 Ἰουδαίων
1392 1952 1482 2007 καὶ
1534 1951 1904 2027 Γραμματὲων

243 2040 336 2096 καὶ
372 2040 685 2116 Φαρισαίων
717 2040 1019 2118 λεγόντων,
1064 2040 1149 2097 ὅτι
1203 2038 1501 2098 κινδυνεύει
1542 2046 1644 2105 πᾶς
1695 2042 1723 2097 ὁ
1772 2040 1906 2105 λαὸς

244 2130 461 2201 Ἰησοῦν
494 2131 578 2187 τὸν
606 2131 836 2207 Χριστὸν
895 2127 1230 2207 προσδοκᾷν.
1277 2130 1510 2208 Ἔλεγον
1556 2132 1649 2187 οὗν
1708 2129 1899 2188 συνελ-

247 2220 433 2285 Θόντες
459 2225 538 2293 τῷ
566 2215 834 2294 Ἰακώϐῳ·
866 2245 896 2274 ‹‹
928 2219 1363 2296 Παρακαλοῦμεν
1395 2242 1471 2277 σε·
1531 2219 1758 2297 ἐπίσχες
1811 2220 1903 2277 τὸν

248 2307 405 2379 λαὸν,
441 2308 553 2365 ἐπεὶ
590 2308 874 2382 ἐπλανήθη
907 2309 982 2373 εἰς
1013 2310 1245 2381 Ἰησοῦν,
1278 2310 1354 2375 ὡς
1381 2311 1550 2367 αὐτοῦ
1604 2306 1760 2374 ὄντος
1807 2314 1906 2366 τοῦ

247 2403 513 2474 Χριστοῦ.
564 2398 992 2476 Παρακαλοῦμεν
1052 2420 1111 2455 σε
1162 2405 1344 2455 πεῖσαι
1402 2398 1604 2464 πάντας
1652 2398 1781 2463 τοὺς
1814 2398 1907 2456 ἐλ-

246 2486 440 2550 θόντας
480 2488 555 2551 εἰς
586 2491 685 2559 τήν
719 2486 930 2564 ἡμέραν
982 2493 1080 2544 τοῦ
1132 2490 1330 2565 Πάσχα
1369 2488 1494 2561 περὶ
1549 2491 1754 2561 Ἰησοῦ.
1808 2487 1906 2544 Σοὶ

247 2576 359 2653 γὰρ
389 2579 583 2641 πάντες
637 2580 962 2652 πειθόμεθαο
1029 2581 1192 2653 ἡμεῖς
1246 2580 1352 2656 γὰρ
1411 2577 1789 2657 μαρτυροῦμεν
1823 2599 1907 2634 σοι

246 2666 339 2721 καὶ
368 2672 472 2730 πᾶς
502 2668 530 2723 ὁ
562 2665 716 2736 λαὸς,
750 2664 833 2723 ὅτι
865 2665 1075 2729 δίκαιος
1107 2668 1173 2737 εἶ,
1225 2668 1317 2723 καὶ
1366 2667 1452 2725 ὅτι
1502 2669 1796 2745 πρόσωπον
1846 2666 1908 2722 οὗ

252 2752 582 2830 λαμϐάνεις.
618 2761 808 2814 Πεῖσον
840 2758 930 2814 οῦν
961 2756 1024 2812 σὺ
1053 2759 1145 2813 τὸν
1186 2757 1361 2834 ὅχλον
1416 2758 1540 2834 περὶ
1594 2760 1777 2829 Ἰησοῦ
1830 2758 1907 2830 μή

246 2845 576 2902 πλανᾶσθαι·
626 2848 719 2903 καὶ
776 2848 882 2924 γὰρ
937 2852 1041 2910 πᾶς
1080 2849 1109 2903 ὁ
1142 2846 1275 2910 λαὸς
1331 2847 1422 2904 καί
1476 2847 1666 2910 πάντες
1724 2846 1906 2904 πειθό-

251 2936 389 3010 μεθά
420 2957 527 2996 σοι.
563 2939 732 3007 Στῆθι
766 2936 860 2992 οῦν
884 2936 973 2993 ἐπὶ
1003 2938 1067 2993 τὸ
1096 2938 1386 3014 πτερύγιον
1446 2943 1544 2993 τοῦ
1597 2938 1772 3013 ἱεροῦ,
1820 2937 1911 2991 ἳνα

248 3022 456 3089 ἄνωθεν
484 3026 551 3097 ᾖς
580 3024 869 3103 ἐπιφανὴς,
899 3026 990 3081 καὶ
1021 3025 1058 3101 ᾖ
1091 3025 1399 3082 εύάκουστοί
1428 3048 1524 3082 σου
1572 3027 1639 3083 τὰ
1689 3027 1909 3101 ῥήματα

253 3116 415 3170 παντῖ
449 3119 529 3187 τῷ
559 3114 679 3187 λαῷ
734 3112 823 3170 διὰ
853 3116 957 3192 γάρ
982 3116 1047 3170 τὸ
1105 3114 1298 3193 Πάσχα
1349 3114 1748 3187 συνεληλύθασι
1804 3121 1912 3171 πᾶ-

249 3224 339 3258 σαι
371 3205 427 3258 αἱ
457 3201 624 3279 φυλαὶ
791 3204 925 3278 μετὰ
953 3206 1044 3260 καὶ
1071 3210 1182 3260 τῶν
1237 3204 1404 3261 ἐθνῶν
1453 3207 1590 3280 (36).
1625 3230 1652 3257 ››
1704 3208 1906 3277 ’Έστη-

252 3316 347 3349 σαν
376 3266 478 3348 οῦν.
518 3294 572 3348 οἱ
626 3266 1018 3369 προειρημένοι
1064 3300 1417 3370 Γραμματεῖς
1456 3266 1562 3351 ’καί
1615 3266 1906 3371 Φαρισαῖοι
1947 3266 1990 3333 C

246 3384 340 3439 τὸν
368 3379 627 3438 Ἰάκωϐον
660 3381 746 3438 ἐπῖ
789 3384 852 3439 τὸ
911 3384 1204 3460 πτερύγιον
1262 3406 1362 3441 του
1413 3390 1568 3457 ναοῦ,
1615 3385 1705 3440 καὶ
1754 3382 1906 3461 ἔκρα-

326 3550 434 3623 (29)
475 3547 573 3603 Διὰ
633 3548 697 3603 τὸ
752 3546 834 3623 dei
894 3548 1163 3623 κάμπτειν
1225 3547 1524 3623 ἐπὶίγόνυ.
1588 3552 1725 3623 Dum
1799 3568 1907 3622 po-

253 3621 493 3679 stremas
519 3636 691 3676 voces
721 3621 937 3694 absunt
962 3621 998 3677 a
1017 3621 1221 3678 codice
1247 3621 1417 3690 Fuk.,
1452 3627 1511 3677 et
1530 3622 1689 3694 apud
1740 3621 1905 3679 Nice-

296 3694 532 3749 horum.
566 3694 781 3747 Verum
818 3693 879 3747 in
918 3694 1120 3750 codice
1152 3695 1290 3748 Maz.
1325 3709 1394 3748 ac
1427 3693 1584 3748 Med.
1609 3698 1768 3748 totus
1815 3694 1909 3749 hic

299 3710 532 3749 norum.
573 3710 781 3747 verum
818 3710 879 3747 ιη
918 3710 1120 3750 000108
1152 3710 1290 3748 M82.
1325 3710 1394 3748 ac
1427 3710 1576 3748 mea.
1609 3710 1768 3748 tOtUS
1815 3710 1909 3749 DIC

251 3710 421 3820 ξορας
454 3765 536 3819 ita
558 3764 819 3837 legitur:
854 3764 961 3818 Λιὰ
987 3764 1051 3819 τὸ
1083 3763 1165 3818 ἀεὶ
1198 3763 1466 3837 κάμπτειν
1498 3767 1910 3837 προσκυνοῦντα

253 3840 333 3905 τῷ
365 3839 482 3906 9εῷ
518 3834 584 3888 τὰ
615 3833 837 3906 γόνατα.

327 3855 482 3906 ιυεῳ
518 3855 584 3888 τα
654 3855 837 3889 ονατα.

327 3908 442 3975 (30)
496 3855 779 3962 Ἐκαλεῖτο
862 3904 1076 3967 Δίκαιος
1160 3904 1249 3960 καὶ
1328 3899 1574 3966 Ὠὄλίας.
1633 3905 1909 3962 Nicolaus

252 3978 524 4034 Fnilerus
551 3978 612 4032 in
651 3978 753 4034 lib.
788 3994 846 4032 ιιι
879 3979 1351 4033 Miscellaneorum
1394 3994 1702 4040 sacrorum,
1751 3979 1909 4033 hunc

256 4050 455 4120 locum
487 4050 573 4120 sic
604 4050 919 4105 emendat:
952 4048 1236 4104 Ἐκαλεῖτο
1267 4044 1474 4120 Σαᾷδὶκ
1501 4049 1590 4103 καὶ
1648 4047 1906 4120 Ὧζλιὰμ,

255 4120 286 4175 ὅ
308 4118 448 4174 ἐστιν
482 4118 709 4182 δίκαιος,
742 4120 832 4173 καὶ
862 4130 1102 4191 περιυχή
1133 4124 1230 4174 τοῦ
1261 4118 1419 4176 λαοῦ.
1452 4122 1638 4187 Quam
1689 4118 1907 4176 doctis-

256 4193 392 4248 simi
420 4193 531 4275 viri
553 4192 1035 4275 emendationem
1050 4192 1308 4275 libenter
1332 4193 1907 4275 amplector.'l‘amen

258 4282 393 4320 cum
420 4265 783 4335 Epiphanius
815 4264 875 4317 in
906 4264 1118 4319 haeresi
1139 4266 1232 4332 78,
1258 4270 1314 4319 et
1336 4264 1533 4319 Jovius
1554 4265 1906 4328 monachus,

253 4352 433 4463 (quem
467 4336 633 4407 vulgo
668 4335 822 4391 male
851 4335 1086 4417 Jobium
1118 4342 1347 4401 vocant,
1370 4336 1653 4417 Jacobum
1677 4335 1905 4416 Obliam

297 4414 479 4462 ictum
504 4424 631 4462 esse
656 4407 1290 4463 testentur.ret1nenda
1310 4414 1401 4462 est
1421 4408 1677 4463 vulgaris
1698 4406 1905 4463 lectio:

297 4408 479 4462 ictum
504 4406 631 4462 esse
656 4407 1290 4479 testentur,retinenda
1310 4414 1401 4462 est
1421 4408 1682 4479 vulgaris
1698 4406 1905 4479 lectio;

255 4479 511 4534 maxime
538 4496 672 4533 cum
703 4477 942 4551 Ophlias
973 4478 1255 4551 Hebraice
1287 4494 1483 4534 arcem
1508 4477 1711 4551 populi
1735 4477 1909 4549 signi-

255 4552 395 4606 ﬁcet
456 4550 571 4606 Sed
602 4557 658 4604 et
687 4550 934 4603 Ruﬁnus
965 4556 1142 4621 atque
1192 4549 1558 4620 Nicephorus
1597 4549 1907 4621 vulgatam

256 4621 573 4677 lectionem
607 4626 871 4677 tuentur.

329 4694 436 4757 (31)
474 4694 601 4747 Τῶν
648 4686 786 4745 ἒπτὰ
840 4686 1168 4761 αἱρέσεων...
1223 4693 1331 4745 τῶν
1402 4698 1902 4762 προγεγραμμὲνων

259 4785 378 4836 μοι.
412 4765 596 4819 Locus
624 4763 956 4836 Hegesippi,
989 4762 1050 4816 in
1075 4779 1191 4833 quo
1210 4762 1282 4817 de
1309 4768 1535 4834 septem
1557 4763 1783 4836 Iudaici
1801 4780 1902 4834 po-

296 4836 384 4891 uli
416 4836 594 4889 sectis
625 4851 687 4889 se
716 4834 1027 4905 scripsisse
1058 4838 1329 4900 testatur,
1364 4840 1558 4889 exstat
1584 4835 1646 4889 in
1678 4834 1829 4889 libro
1851 4850 1906 4889 iv

296 4855 384 4891 ιιιι
416 4855 594 4889 SCCtlS
625 4855 687 4889 SB
716 4855 1027 4905 SCI‘IPSISSB
1059 4855 1329 4900 Leswtur,
1364 4855 1558 4889 exsuu.
1585 4855 1646 4889 1n
1678 4855 1829 4889 ιιι)Γο
1851 4855 1904 4889 ιν

254 4855 494 4962 Eusebii
527 4906 736 4974 nostri,
770 4921 897 4976 cap.
928 4907 1016 4959 22.
1059 4905 1146 4959 Ad
1178 4922 1357 4975 quem
1387 4905 1609 4973 locum,
1643 4907 1761 4960 Deo
1803 4906 1904 4976 ju-

255 4983 450 5045 vante,
477 4978 652 5048 plura
681 4976 890 5048 dicturi
928 4992 1134 5048 sumus
1165 4978 1236 5031 de
1268 4983 1495 5048 septem
1527 4976 1652 5048 illis
1705 4977 1901 5032 sectis.

330 4994 450 5045 nte,
522 4994 652 5032 Iura
681 4994 890 5031 aletur]
928 4994 1134 5031 sumus
1165 4994 1236 5031 ue
1268 4994 1495 5048 septem
1527 4994 1647 5031 llllS
1705 4994 1901 5032 secus.

327 5052 435 5117 (32)
464 4994 561 5109 'Ftc
591 5049 627 5115 ἡ
662 5044 795 5120 θύρα
824 5049 920 5100 τοῦ
943 5047 1151 5120 (Ἰησοῦ.
1195 5048 1421 5103 Ostium
1469 5048 1591 5120 hoc
1640 5047 1772 5120 loco
1818 5053 1907 5103 est

252 5120 641 5183 introductio,
684 5119 789 5174 seu
816 5119 1108 5174 institutio
1140 5126 1318 5190 atque
1348 5119 1625 5174 initiatio.
1676 5119 1904 5174 Ostium

251 5193 431 5264 igitur
461 5192 679 5247 Christi
712 5190 862 5264 nihil
893 5196 983 5245 est
1018 5190 1201 5264 aliud,
1222 5207 1413 5264 quam
1448 5191 1594 5246 ﬁdes
1627 5191 1902 5264 inﬂDeum

250 5261 509 5330 Patrem,
542 5267 601 5318 et
631 5264 693 5316 in
727 5261 961 5323 Filium,
986 5278 1054 5316 ac
1084 5261 1367 5331 Spiritum
1390 5262 1770 5317 sanctum.De
1794 5262 1905 5317 hoc

251 5335 403 5390 ostio
428 5334 648 5389 dicitur
672 5334 732 5389 in
762 5332 1047 5388 Psalmis:
1104 5334 1222 5387 Haec
1252 5340 1328 5386 est
1366 5340 1532 5400 porta
1585 5334 1822 5400 Domini,
1855 5339 1907 5387 et

239 5408 388 5478 justi
420 5406 707 5460 intrabunt
733 5421 834 5478 per
863 5410 1074 5478 eam.ut
1090 5403 1346 5478 explicat
1366 5403 1654 5478 Clemens
1673 5404 1734 5458 in
1753 5403 1903 5478 libro

250 5475 303 5532 v1
331 5478 733 5550 Στρωματέων.
767 5476 1075 5550 Et_ost_ium
1092 5475 1602 5550 quidem‘Joannis
1632 5476 1902 5550 Baptista:

250 5556 378 5605 erat
408 5545 757 5621 poenitentia
783 5562 797 5612 ;
827 5546 1043 5621 Christi
1075 5563 1211 5621 vero
1228 5545 1461 5621 ostium
1494 5553 1582 5601 est
1628 5545 1902 5603 remissio

250 5617 654 5707 peccatorum,
686 5635 819 5707 quas
853 5619 917 5672 ﬁt
944 5634 1054 5707 per
1080 5617 1463 5707 baptismum;

328 5694 436 5764 (33)
469 5691 582 5747 Οὐκ
612 5687 891 5744 ἐπίστευον
923 5687 1050 5764 οὔτε
1077 5687 1385 5764 ἀνάστασιν.
1436 5687 1583 5743 Male
1629 5687 1898 5764 Ruﬁnus,

256 5760 513 5835 eumque
589 5767 827 5835 secutus
863 5831 879 5835 _
918 5760 1487 5835 Christophorsonus
1546 5760 1734 5835 vertit,
1790 5776 1903 5815 non

256 5829 631 5908 crediderunt,
663 5833 833 5908 quasi
862 5829 1180 5908 legeretur,
1211 5830 1312 5889 οὐκ
1341 5829 1672 5889 ἐπίστευσαν.
1707 5831 1902 5905 Longe

2016 1953 2470 2021 surrectionem,
2502 1969 2614 2008 nec
2643 1953 2910 2009 futurum
2942 1951 3158 2007 Christi
3216 1950 3555 2015 adventum,
3604 1956 3671 2007 ut

2013 2042 2337 2114 unicuique
2350 2060 2456 2116 pro
2478 2043 2709 2099 meritis
2723 2041 3059 2098 mercedem
3076 2039 3666 2111 tribuat,credebant.

2014 2132 2314 2203 Quotquot
2341 2148 2476 2188 vero
2516 2149 2585 2187 ex
2620 2132 2694 2187 iis
2725 2130 3131 2199 crediderunt,
3160 2128 3360 2186 Jacobi
3389 2144 3573 2202 Opera
3600 2143 3669 2185 ac

2014 2222 2347 2279 ministerio
2377 2223 2585 2294 utique
2616 2221 3016 2279 crediderunt.
3049 2222 3194 2277 Cum
3224 2236 3362 2292 ergo
3393 2218 3563 2275 multi
3594 2235 3667 2274 ex

2015 2311 2159 2384 ipsis
2183 2312 2363 2368 etiam
2385 2310 2751 2385 primoribus
2764 2308 3456 2377 crederent,tumultuari
3484 2324 3669 2379 cmpe-

2015 2407 2156 2457 runt
2182 2401 2392 2473 Judaei,
2427 2407 2484 2456 et
2514 2402 2731 2457 Scriba:
2753 2418 2821 2457 ac
2838 2400 3133 2475 Pharisaai
3154 2417 3168 2469 ;
3193 2417 3262 2456 eo
3275 2399 3405 2471 jam
3423 2402 3665 2454 ventum

2016 2507 2144 2547 esse
2176 2490 2523 2559 clamantes,
2555 2495 2621 2547 ut
2670 2507 2856 2563 prope
2912 2490 3108 2546 omnis
3159 2489 3416 2561 populus
3466 2489 3665 2542 .lesum

2015 2579 2313 2636 Christum
2343 2584 2733 2651 exspectaret.
2768 2579 3023 2635 Proinde
3044 2579 3106 2634 in
3127 2594 3313 2633 unum
3326 2575 3664 2650 congregati

2014 2669 2299 2725 Iacobum
2328 2669 2571 2737 adeunt,
2593 2669 2809 2740 hisque
2842 2685 2979 2724 eum
3009 2667 3202 2723 verbis
3260 2664 3662 2737 compellant:

2016 2780 2045 2810 «
2064 2760 2381 2814 Hortamur
2401 2758 2787 2829 te,inquiunt,
2814 2764 2883 2813 ut
2898 2757 3099 2830 pepuli
3122 2771 3385 2811 errorem
3411 2752 3663 2825 compri-

2016 2849 2272 2918 mas,qui
2295 2847 2506 2903 falsam
2530 2847 2602 2902 de
2620 2848 2756 2903 Jesu
2779 2844 3389 2919 opinionemimbibit,
3422 2842 3666 2915 perinde

2016 2937 2187 3009 quasi
2218 2936 2489 2992 Christus
2518 2942 2693 2993 esset.
2727 2934 3025 2992 Persuade
3055 2935 3234 3007 igitur
3258 2931 3667 3002 omnibus,qui

2015 3028 2167 3085 festo
2204 3028 2445 3083 Paschaa
2476 3026 2571 3082 die
2596 3027 2711 3082 huc
2741 3026 3121 3091 conveniunt,
3152 3030 3218 3079 ut
3243 3024 3315 3079 de
3343 3024 3481 3079 Jesu
3508 3027 3668 3076 recte

2016 3115 2296 3171 sentiant.
2331 3114 2455 3171 Tibi
2487 3115 2648 3170 enim
2670 3130 2878 3170 omnes
2900 3114 3078 3169 ﬁdem
3103 3112 3392 3169 habemus
3416 3126 3431 3178 ;
3458 3115 3667 3166 etcum

2015 3206 2290 3262 universo
2320 3204 2539 3278 populo
2569 3205 2680 3260 hoc
2700 3204 2805 3260 tibi
2830 3203 3237 3260 testimonium
3260 3201 3669 3274 perhibemus,

2012 3296 2417 3368 justissimum
2446 3300 2503 3351 te
2532 3295 2725 3350 virum
2760 3311 2915 3363 esse,
2946 3312 3056 3351 nec
3076 3293 3267 3350 ullum
3290 3291 3447 3364 apud
3473 3297 3528 3346 te
3541 3306 3672 3362 per-

2018 3401 2301 3443 sonarum
2334 3383 2658 3440 discrimen
2680 3383 3156 3440 valere.Proinde
3177 3381 3337 3454 plebi
3354 3378 3667 3452 persuade,

2014 3544 2229 3601 melius
2261 3543 2561 3598 Musculus
2592 3543 2785 3609 vertit,
2817 3558 2928 3597 non
2959 3542 3208 3597 credunt.
3266 3541 3414 3595 Nam
3465 3540 3666 3594 Graeca

2012 3633 2122 3671 vox
2151 3616 2305 3670 hanc
2334 3614 2512 3669 habet
2532 3614 3049 3685 signiﬁcationem.
3074 3612 3308 3685 Falsum
3330 3617 3538 3685 tamen
3550 3615 3664 3685 est,

2014 3704 2115 3743 eas
2174 3693 2365 3742 sectas
2423 3701 2544 3739 non
2590 3682 2863 3739 credisso
2938 3684 3462 3738 resurrectionem.
3519 3682 3663 3737 Nam

2012 3758 2296 3815 Phariszei
2329 3772 2460 3812 eam
2492 3756 2835 3811 credebant.

2085 3830 2194 3953 (34)
2258 3830 2414 3880 Ὅσοι
2481 3821 2540 3880 δὲ
2607 3825 2698 3879 καὶ
2767 3824 3106 3892 ἐπίστευσαν,
3201 3820 3289 3879 διὰ
3386 3815 3664 3880 Ἰάκωϐον.

2085 3919 2137 3953 »Χ
2197 3897 2482 3952 πίστευσαν
2524 3898 2740 3953 iterum
2764 3897 3088 3953 repetenda
3109 3904 3229 3953 est:
3252 3896 3411 3953 quod
3442 3893 3664 3953 virgula

2015 3893 2137 3956 Vo‘x
2170 3893 2482 3953 ἐπίστευσαν
2524 3898 2740 3953 iterum
2764 3897 3088 3969 repetenda
3109 3904 3229 3969 est;
3252 3896 3411 3969 quod
3442 3893 3671 3969 virgula

2014 3973 2139 4040 illa,
2172 3988 2303 4042 qua)
2334 3970 2396 4025 in
2425 3967 2850 4042 manuscriptis
2878 3969 3056 4042 etiam
3080 3967 3669 4042 codicibusuappicta

2016 4037 2132 4111 est,
2147 4037 2289 4100 satis
2312 4041 2593 4098 declarat.
2621 4044 2683 4095 In
2712 4037 3113 4096 vetustissimo
3153 4039 3354 4095 codice
3380 4037 3668 4111 Mazarine

2057 4108 2148 4171 ost
2176 4111 2489 4168 ἐπίστευσαν
2524 4118 2809 4184 punctum
2840 4112 3165 4183 ascriptum
3215 4117 3307 4184 est
3361 4110 3436 4165 ad
3480 4108 3663 4184 pedes

2039 4189 2250 4276 itte‘raa,
2285 4186 2446 4276 quod
2471 4181 2711 4276 virgulas
2742 4189 2959 4276 nostra;
2987 4181 3308 4276 iies‘pondet
3378 4187 3436 4237 et
3466 4181 3663 4276 Graec

2015 4250 2257 4331 quidem
2289 4250 2530 4313 vocatur
2557 4250 2901 4329 ὗποστιγμή,
2934 4271 2969 4310 a
2998 4250 3220 4310 Latinis
3243 4258 3442 4309 autem
3465 4250 3664 4307 subdi-

2016 4332 2278 4387 stinctio.

2086 4404 2195 4470 (35)
2227 4405 2397 4454 Πᾶσαι
2428 4395 2696 4470 αιφολαι,
2730 4398 2865 4452 Haec
2922 4397 3065 4453 item
3124 4396 3424 4470 immerito
3471 4394 3667 4470 carpit

2016 4466 2295 4545 Scaliger,
2320 4466 2587 4545 scribens
2613 4492 2641 4519 ι(
2667 4468 2813 4545 duas
2835 4475 3063 4524 tantum
3090 4474 3229 4523 tunc
3251 4468 3443 4545 tribus
3462 4466 3668 4545 fuisse,

2017 4537 2329 4617 Benjamin
2355 4550 2417 4617 e_t_
2431 4541 2598 4617 Juda.
2625 4562 2654 4590 »
2696 4540 2830 4608 Sed,
2861 4546 2929 4617 u_t
2955 4546 3129 4617 recte_
3146 4546 3352 4617 monet
3396 4537 3664 4617 Grabius,

2018 4607 2344 4687 quo-modo
2376 4612 2760 4685 Hegesippus,
2793 4607 2861 4666 eo
2892 4611 3037 4666 item
3095 4612 3313 4687 Paulus
3362 4607 3666 4687 apostolus

2016 4680 2281 4758 loquitur
2310 4680 2708 4758 Actium—[7,
2768 4698 3106 4758 memorans
3154 4680 3440 4758 duodecim
3485 4680 3665 4758 tribus

2015 4753 2173 4814 nocte
2201 4759 2381 4831 aridie
2409 4756 2766 4831 deservientes
2795 4756 2854 4808 in
2882 4770 3031 4831 spem
3077 4753 3520 4831 repromissionis
3560 4753 3666 4831 Ia:

2016 4837 2161 4886 ctam
2190 4846 2225 4883 a
2254 4830 2380 4883 Deo.
2417 4827 2666 4881 Sanctus
2688 4821 2924 4896 quoque
2944 4821 3193 4881 Jacobus
3213 4821 3666 4896 suaminscribit

2016 4899 2343 4979 Epistolam
2360 4899 2652 4979 duodecim
2678 4895 3069 4979 tribubusquw
3078 4903 3215 4979 sunt.
3226 4896 3283 4951 in
3306 4895 3663 4979 dispersione,

2018 4967 2143 5042 ι,’1.
2177 4970 2407 5025 Videsis
2436 4970 2496 5023 in
2528 4969 2679 5042 hanc
2711 4967 3090 5042 sententiam,
3120 4967 3663 5042 Calmetidisserta~

2016 5039 2241 5099 tionem
2273 5042 2347 5097 ad
2378 5039 2765 5104 Ezechielem,
2801 5041 2875 5095 De
2901 5040 3083 5095 reditu
3114 5042 3292 5095 decem
3333 5039 3590 5093 tribuum.

2086 5117 2200 5186 (36)
2235 5111 2384 5186 Μετᾲ
2411 5112 2640 5186 καὶ-τῶν
2675 5109 2856 5186 ᾂθνῶν.
2905 5113 3111 5186 Merito
3160 5112 3522 5186 Scaligerum
3572 5106 3669 5186 hic

2015 5182 2405 5259 reprehendit
2455 5182 2773 5259 Dionysius
2820 5183 3666 5259 Petavius,__quod_negasset,

2018 5250 2257 5329 lic-uisse
2276 5254 2380 5311 ulli
2399 5253 2603 5329 gentili
2616 5250 2910 5329 interesse
2926 5254 3091 5309 festis
3107 5250 3668 5329 diéliusludaaorum

2018 5321 2164 5385 Nam
2194 5321 2637 5400 prmter'locum
2670 5323 2863 5390 illum,
2899 5342 3075 5400 quem
3102 5327 3244 5380 citat
3290 5321 3665 5400 Petavius'ex

2016 5390 2605 5472 Evangelioiloannis
2635 5411 2886 5472 cap.__xu.
2917 5390 3177 5472 plurima
3205 5396 3531 5472 suppetunt
3567 5390 3666 5445 Jo-

2022 5465 2207 5543 sephi'
2226 5469 2586 5543 testimonia,
2623 5484 2653 5543 e
2681 5465 2895 5543 quibus
2918 5465 3233 5543 discimus,
3256 5465 3665 5543 gentilesazy-

2016 5533 2254 5599 morum
2285 5539 2647 5597 solemnitati
2678 5533 2892 5608 s'aapius
2923 5533 3461 5594 interfuisselCerte
3486 5533 3667 5608 Vitel-

2017 5615 2136 5670 lius
2167 5614 2394 5684 legatus
2419 5612 2602 5684 Syriai
2624 5605 2779 5684 festo
2797 5610 3036 5684 Pascha
3058 5611 3363 5682 ingressus
3412 5613 3502 5684 est
3532 5605 3666 5684 [lie-

2017 5677 2403 5756 rosolyma.et
2415 5677 2675 5738 aludaeis
2688 5680 3015 5756 honoriﬁce
3038 5677 3339 5756 exceptus,
3371 5677 3668 5756 u_t_legitur

2017 5759 2084 5814 in
2114 5745 2216 5812 lib"
2249 5772 2383 5811 xvm
2415 5756 2705 5824 Originum
2731 5751 3113 5824 Iudaicarum,
3147 5745 3274 5824 cap.
3316 5754 3368 5807 6.
3400 5745 3565 5807 Idem
3594 5745 3665 5803 de

2017 5775 2084 5814 In
2114 5770 2216 5812 [ΠΥ
2249 5772 2383 5811 XVIII
2415 5770 2705 5824 unguium
2731 5770 3113 5824 Juaatcarum,
3147 5770 3215 5809 οδ
3260 5794 3274 5808 ο
3316 5770 3342 5807 υ

2012 5824 2316 5899 Quadrato
2346 5826 2540 5902 legato
2572 5823 2755 5899 Syria:
2783 5823 2847 5885 in
2874 5822 2982 5885 lib.
3013 5842 3088 5885 xx
3115 5770 3342 5884 scr&it.
